<DATE>	<TIME>	<BID>	<ASK>	<LAST>	<VOLUME>	<FLAGS>
2025.02.25	00:00:00.231	1.26211	1.26301			6
2025.02.25	00:00:00.859	1.26197	1.26370			6
2025.02.25	00:00:31.112	1.26226				2
2025.02.25	00:00:32.651	1.26205				2
2025.02.25	00:00:40.364	1.26217				2
2025.02.25	00:01:00.117	1.26217				2
2025.02.25	00:01:01.049		1.26370			4
2025.02.25	00:02:00.254	1.26217				2
2025.02.25	00:02:01.178		1.26370			4
2025.02.25	00:03:00.004	1.26217				2
2025.02.25	00:03:01.227		1.26370			4
2025.02.25	00:03:25.442	1.26224				2
2025.02.25	00:04:00.180	1.26224				2
2025.02.25	00:04:01.415		1.26370			4
2025.02.25	00:04:13.110	1.26207				2
2025.02.25	00:04:39.902	1.26224				2
2025.02.25	00:05:00.211	1.26224				2
2025.02.25	00:05:01.440		1.26370			4
2025.02.25	00:05:05.449	1.26226				2
2025.02.25	00:05:09.435		1.26322			4
2025.02.25	00:05:10.357	1.26224	1.26325			6
2025.02.25	00:05:15.268	1.26225				2
2025.02.25	00:05:20.752	1.26224				2
2025.02.25	00:05:30.818	1.26225				2
2025.02.25	00:05:32.350	1.26224				2
2025.02.25	00:05:33.867	1.26225				2
2025.02.25	00:05:35.079	1.26226				2
2025.02.25	00:05:35.695		1.26334			4
2025.02.25	00:05:36.623		1.26329			4
2025.02.25	00:05:36.930		1.26331			4
2025.02.25	00:05:39.990		1.26327			4
2025.02.25	00:05:40.294		1.26326			4
2025.02.25	00:05:53.127		1.26320			4
2025.02.25	00:06:00.122	1.26226				2
2025.02.25	00:06:01.337	1.26237				2
2025.02.25	00:06:53.357		1.26320			4
2025.02.25	00:07:00.108	1.26237				2
2025.02.25	00:07:17.500		1.26312			4
2025.02.25	00:07:25.725		1.26314			4
2025.02.25	00:07:27.240		1.26313			4
2025.02.25	00:07:46.160		1.26312			4
2025.02.25	00:07:51.367	1.26239				2
2025.02.25	00:08:00.265	1.26239				2
2025.02.25	00:08:46.240		1.26312			4
2025.02.25	00:08:52.399	1.26233				2
2025.02.25	00:09:00.107	1.26233				2
2025.02.25	00:09:05.973		1.26313			4
2025.02.25	00:09:26.638		1.26321			4
2025.02.25	00:09:32.490		1.26317			4
2025.02.25	00:09:32.798		1.26315			4
2025.02.25	00:10:00.252	1.26233				2
2025.02.25	00:10:01.490		1.26317			4
2025.02.25	00:10:03.338		1.26329			4
2025.02.25	00:10:05.794		1.26324			4
2025.02.25	00:10:07.639		1.26322			4
2025.02.25	00:10:08.257		1.26321			4
2025.02.25	00:10:09.493		1.26334			4
2025.02.25	00:10:09.801		1.26329			4
2025.02.25	00:10:12.577	1.26220				2
2025.02.25	00:10:18.741	1.26219	1.26319			6
2025.02.25	00:10:20.290		1.26322			4
2025.02.25	00:10:24.300		1.26321			4
2025.02.25	00:10:32.941	1.26220				2
2025.02.25	00:10:33.857	1.26219				2
2025.02.25	00:10:37.249		1.26322			4
2025.02.25	00:10:47.129		1.26311			4
2025.02.25	00:10:51.443		1.26312			4
2025.02.25	00:10:51.750		1.26321			4
2025.02.25	00:10:53.912	1.26220	1.26312			6
2025.02.25	00:10:54.837	1.26225	1.26321			6
2025.02.25	00:10:55.147	1.26233				2
2025.02.25	00:10:55.763	1.26219				2
2025.02.25	00:10:56.688	1.26233				2
2025.02.25	00:10:56.993		1.26312			4
2025.02.25	00:11:00.091	1.26233				2
2025.02.25	00:11:00.705	1.26219				2
2025.02.25	00:11:01.638	1.26233				2
2025.02.25	00:11:05.332	1.26219				2
2025.02.25	00:11:06.567	1.26233				2
2025.02.25	00:11:10.263	1.26219				2
2025.02.25	00:11:11.499	1.26233				2
2025.02.25	00:11:15.202	1.26219				2
2025.02.25	00:11:16.431	1.26233				2
2025.02.25	00:11:29.379	1.26232				2
2025.02.25	00:11:30.615	1.26233				2
2025.02.25	00:11:48.512		1.26324			4
2025.02.25	00:11:51.901		1.26315			4
2025.02.25	00:11:52.516		1.26316			4
2025.02.25	00:12:00.216	1.26233				2
2025.02.25	00:12:02.368		1.26314			4
2025.02.25	00:12:02.680		1.26315			4
2025.02.25	00:12:02.993		1.26313			4
2025.02.25	00:12:03.299		1.26315			4
2025.02.25	00:12:04.217		1.26313			4
2025.02.25	00:12:09.762		1.26312			4
2025.02.25	00:12:19.006		1.26314			4
2025.02.25	00:12:25.799		1.26312			4
2025.02.25	00:12:37.191		1.26313			4
2025.02.25	00:12:42.125		1.26314			4
2025.02.25	00:12:47.954		1.26310			4
2025.02.25	00:12:48.259		1.26309			4
2025.02.25	00:12:49.484		1.26312			4
2025.02.25	00:13:00.201	1.26233				2
2025.02.25	00:13:10.653		1.26313			4
2025.02.25	00:13:11.270		1.26311			4
2025.02.25	00:13:11.887		1.26313			4
2025.02.25	00:13:13.120		1.26312			4
2025.02.25	00:13:40.516		1.26311			4
2025.02.25	00:13:58.647		1.26314			4
2025.02.25	00:13:58.955		1.26312			4
2025.02.25	00:13:59.271		1.26311			4
2025.02.25	00:14:00.192	1.26233				2
2025.02.25	00:14:01.114		1.26312			4
2025.02.25	00:14:30.718		1.26311			4
2025.02.25	00:14:37.814	1.26234				2
2025.02.25	00:14:42.142	1.26233	1.26310			6
2025.02.25	00:14:58.776	1.26234				2
2025.02.25	00:15:00.007	1.26234				2
2025.02.25	00:15:00.315	1.26235				2
2025.02.25	00:15:01.242		1.26311			4
2025.02.25	00:15:02.167		1.26312			4
2025.02.25	00:15:02.474	1.26234				2
2025.02.25	00:15:04.325	1.26236				2
2025.02.25	00:15:46.051	1.26235				2
2025.02.25	00:15:53.749		1.26311			4
2025.02.25	00:15:58.375	1.26236	1.26312			6
2025.02.25	00:16:00.213	1.26236				2
2025.02.25	00:16:07.931		1.26314			4
2025.02.25	00:16:08.854		1.26318			4
2025.02.25	00:16:19.309	1.26237				2
2025.02.25	00:16:24.229		1.26317			4
2025.02.25	00:16:31.938		1.26312			4
2025.02.25	00:16:50.108		1.26313			4
2025.02.25	00:16:58.436	1.26238				2
2025.02.25	00:16:58.745	1.26240	1.26314			6
2025.02.25	00:17:00.286	1.26240				2
2025.02.25	00:17:04.908	1.26239				2
2025.02.25	00:17:19.392	1.26240				2
2025.02.25	00:17:24.625	1.26239				2
2025.02.25	00:17:24.937		1.26315			4
2025.02.25	00:18:00.073	1.26239				2
2025.02.25	00:18:25.068		1.26315			4
2025.02.25	00:18:49.738	1.26240	1.26320			6
2025.02.25	00:18:54.667		1.26319			4
2025.02.25	00:18:54.970		1.26316			4
2025.02.25	00:19:00.199	1.26240				2
2025.02.25	00:19:08.513		1.26319			4
2025.02.25	00:19:20.538		1.26317			4
2025.02.25	00:19:29.473		1.26313			4
2025.02.25	00:19:29.778		1.26314			4
2025.02.25	00:19:32.548		1.26313			4
2025.02.25	00:19:35.932		1.26314			4
2025.02.25	00:19:48.900		1.26317			4
2025.02.25	00:20:00.301	1.26240				2
2025.02.25	00:20:03.378		1.26320			4
2025.02.25	00:20:13.542		1.26315			4
2025.02.25	00:20:13.855		1.26316			4
2025.02.25	00:20:20.942		1.26315			4
2025.02.25	00:20:21.865		1.26314			4
2025.02.25	00:20:22.173		1.26316			4
2025.02.25	00:20:25.262	1.26241				2
2025.02.25	00:20:32.343		1.26315			4
2025.02.25	00:20:37.583		1.26314			4
2025.02.25	00:20:40.051		1.26315			4
2025.02.25	00:20:44.058		1.26313			4
2025.02.25	00:20:48.676		1.26317			4
2025.02.25	00:20:53.618		1.26316			4
2025.02.25	00:20:55.771	1.26240	1.26317			6
2025.02.25	00:20:56.388		1.26316			4
2025.02.25	00:20:56.699		1.26317			4
2025.02.25	00:20:57.011		1.26316			4
2025.02.25	00:21:00.096	1.26240				2
2025.02.25	00:21:01.640	1.26241	1.26317			6
2025.02.25	00:21:18.579		1.26314			4
2025.02.25	00:21:18.890		1.26315			4
2025.02.25	00:21:19.506		1.26314			4
2025.02.25	00:21:21.658	1.26240				2
2025.02.25	00:21:36.771		1.26313			4
2025.02.25	00:21:37.076		1.26314			4
2025.02.25	00:21:41.394		1.26313			4
2025.02.25	00:21:44.479	1.26241	1.26314			6
2025.02.25	00:21:49.413	1.26240				2
2025.02.25	00:21:54.350		1.26316			4
2025.02.25	00:21:56.510		1.26315			4
2025.02.25	00:21:58.674		1.26317			4
2025.02.25	00:22:00.218	1.26240				2
2025.02.25	00:22:11.017	1.26239				2
2025.02.25	00:22:18.724		1.26318			4
2025.02.25	00:22:19.035		1.26317			4
2025.02.25	00:22:20.879		1.26316			4
2025.02.25	00:22:27.053	1.26238	1.26317			6
2025.02.25	00:22:35.677		1.26316			4
2025.02.25	00:22:36.297	1.26239				2
2025.02.25	00:22:39.690		1.26315			4
2025.02.25	00:22:44.625		1.26314			4
2025.02.25	00:22:44.932		1.26315			4
2025.02.25	00:22:48.012		1.26316			4
2025.02.25	00:22:52.314		1.26315			4
2025.02.25	00:22:52.922		1.26316			4
2025.02.25	00:22:59.389		1.26314			4
2025.02.25	00:22:59.693		1.26315			4
2025.02.25	00:23:00.013	1.26239				2
2025.02.25	00:23:08.956		1.26313			4
2025.02.25	00:23:09.884		1.26317			4
2025.02.25	00:23:17.583		1.26316			4
2025.02.25	00:23:44.049		1.26315			4
2025.02.25	00:23:51.763		1.26318			4
2025.02.25	00:24:00.088	1.26239				2
2025.02.25	00:24:07.797		1.26317			4
2025.02.25	00:24:37.697	1.26240				2
2025.02.25	00:24:38.317		1.26318			4
2025.02.25	00:24:40.168		1.26319			4
2025.02.25	00:24:43.563		1.26316			4
2025.02.25	00:24:43.866		1.26315			4
2025.02.25	00:24:47.881		1.26314			4
2025.02.25	00:24:49.120		1.26318			4
2025.02.25	00:25:00.192	1.26240				2
2025.02.25	00:25:05.418	1.26239				2
2025.02.25	00:25:07.873	1.26240	1.26315			6
2025.02.25	00:25:08.179		1.26316			4
2025.02.25	00:25:08.788	1.26243	1.26317			6
2025.02.25	00:25:11.848	1.26242				2
2025.02.25	00:25:13.373		1.26318			4
2025.02.25	00:25:14.905		1.26319			4
2025.02.25	00:25:15.207	1.26241				2
2025.02.25	00:25:17.958		1.26320			4
2025.02.25	00:25:18.264	1.26239	1.26319			6
2025.02.25	00:25:18.567		1.26318			4
2025.02.25	00:25:19.174		1.26319			4
2025.02.25	00:25:19.481		1.26318			4
2025.02.25	00:25:23.145	1.26240				2
2025.02.25	00:25:25.899	1.26239				2
2025.02.25	00:25:33.246	1.26237	1.26317			6
2025.02.25	00:25:35.073		1.26318			4
2025.02.25	00:25:35.380	1.26234	1.26315			6
2025.02.25	00:25:35.681		1.26316			4
2025.02.25	00:25:39.349		1.26317			4
2025.02.25	00:25:49.434		1.26318			4
2025.02.25	00:25:50.353		1.26317			4
2025.02.25	00:25:52.180		1.26316			4
2025.02.25	00:25:56.460		1.26317			4
2025.02.25	00:25:58.597		1.26318			4
2025.02.25	00:26:00.125	1.26234				2
2025.02.25	00:26:11.138		1.26317			4
2025.02.25	00:26:35.604		1.26318			4
2025.02.25	00:26:37.135		1.26317			4
2025.02.25	00:26:43.867		1.26316			4
2025.02.25	00:26:44.175		1.26317			4
2025.02.25	00:27:00.084	1.26234				2
2025.02.25	00:27:00.699		1.26318			4
2025.02.25	00:27:19.440		1.26317			4
2025.02.25	00:27:30.801		1.26318			4
2025.02.25	00:27:40.644		1.26317			4
2025.02.25	00:27:44.028		1.26318			4
2025.02.25	00:27:44.944		1.26316			4
2025.02.25	00:27:46.170		1.26317			4
2025.02.25	00:27:49.554		1.26318			4
2025.02.25	00:27:59.691		1.26317			4
2025.02.25	00:28:00.308	1.26234				2
2025.02.25	00:28:06.475		1.26318			4
2025.02.25	00:28:08.627		1.26317			4
2025.02.25	00:28:11.088		1.26318			4
2025.02.25	00:28:19.384		1.26317			4
2025.02.25	00:28:19.997		1.26316			4
2025.02.25	00:28:29.845		1.26318			4
2025.02.25	00:28:44.007		1.26317			4
2025.02.25	00:28:45.848		1.26316			4
2025.02.25	00:28:51.404		1.26314			4
2025.02.25	00:29:00.026	1.26234				2
2025.02.25	00:29:06.493		1.26315			4
2025.02.25	00:29:16.675		1.26314			4
2025.02.25	00:29:48.413		1.26315			4
2025.02.25	00:29:50.259		1.26319			4
2025.02.25	00:29:50.569		1.26318			4
2025.02.25	00:30:00.127	1.26234	1.26321			6
2025.02.25	00:30:00.437		1.26323			4
2025.02.25	00:30:04.143		1.26322			4
2025.02.25	00:30:06.919		1.26321			4
2025.02.25	00:30:24.752		1.26320			4
2025.02.25	00:30:25.063		1.26321			4
2025.02.25	00:30:29.677		1.26322			4
2025.02.25	00:30:30.288		1.26321			4
2025.02.25	00:30:36.756		1.26319			4
2025.02.25	00:30:47.556		1.26318			4
2025.02.25	00:30:51.557	1.26235				2
2025.02.25	00:30:52.484		1.26317			4
2025.02.25	00:30:57.730	1.26236				2
2025.02.25	00:31:00.189	1.26236				2
2025.02.25	00:31:04.818		1.26318			4
2025.02.25	00:31:06.662		1.26317			4
2025.02.25	00:31:10.986		1.26316			4
2025.02.25	00:31:20.540		1.26317			4
2025.02.25	00:31:22.394	1.26246				2
2025.02.25	00:31:22.702	1.26234				2
2025.02.25	00:31:25.479		1.26316			4
2025.02.25	00:31:37.805		1.26318			4
2025.02.25	00:31:38.115		1.26317			4
2025.02.25	00:31:45.822		1.26316			4
2025.02.25	00:31:47.979		1.26315			4
2025.02.25	00:31:58.470		1.26316			4
2025.02.25	00:32:00.010	1.26234				2
2025.02.25	00:32:07.096	1.26237				2
2025.02.25	00:32:09.871		1.26317			4
2025.02.25	00:32:19.430		1.26316			4
2025.02.25	00:32:24.041		1.26317			4
2025.02.25	00:32:27.125		1.26316			4
2025.02.25	00:32:27.438		1.26317			4
2025.02.25	00:32:39.462		1.26316			4
2025.02.25	00:32:42.236		1.26317			4
2025.02.25	00:32:44.081	1.26238	1.26316			6
2025.02.25	00:32:51.798	1.26226				2
2025.02.25	00:32:53.036	1.26242	1.26332			6
2025.02.25	00:32:56.436	1.26243				2
2025.02.25	00:32:57.975	1.26241	1.26331			6
2025.02.25	00:33:00.134	1.26241				2
2025.02.25	00:33:05.686	1.26242	1.26332			6
2025.02.25	00:33:08.464	1.26241	1.26331			6
2025.02.25	00:33:41.143	1.26240	1.26330			6
2025.02.25	00:33:42.690	1.26241	1.26331			6
2025.02.25	00:33:43.924	1.26242	1.26332			6
2025.02.25	00:33:44.230	1.26241	1.26331			6
2025.02.25	00:33:57.820	1.26240	1.26330			6
2025.02.25	00:34:00.280	1.26240				2
2025.02.25	00:34:03.365	1.26242	1.26331			6
2025.02.25	00:34:08.296	1.26241				2
2025.02.25	00:34:40.945	1.26248				2
2025.02.25	00:34:59.731	1.26249				2
2025.02.25	00:35:00.033	1.26249				2
2025.02.25	00:35:03.424		1.26331			4
2025.02.25	00:35:17.283	1.26250				2
2025.02.25	00:35:21.280		1.26330			4
2025.02.25	00:35:41.009	1.26249				2
2025.02.25	00:35:41.316	1.26248				2
2025.02.25	00:35:58.922	1.26249				2
2025.02.25	00:36:00.155	1.26249				2
2025.02.25	00:36:21.448		1.26330			4
2025.02.25	00:36:49.500		1.26329			4
2025.02.25	00:36:59.375	1.26248				2
2025.02.25	00:37:00.300	1.26248				2
2025.02.25	00:37:00.611	1.26249				2
2025.02.25	00:37:00.913	1.26250				2
2025.02.25	00:37:05.839		1.26330			4
2025.02.25	00:37:11.081	1.26251				2
2025.02.25	00:37:11.392	1.26252				2
2025.02.25	00:37:16.016	1.26251				2
2025.02.25	00:37:22.181	1.26252				2
2025.02.25	00:37:25.567	1.26255				2
2025.02.25	00:37:25.874	1.26252				2
2025.02.25	00:37:28.947	1.26250				2
2025.02.25	00:37:29.261	1.26252				2
2025.02.25	00:37:32.339	1.26253				2
2025.02.25	00:38:00.101	1.26253				2
2025.02.25	00:38:01.647		1.26329			4
2025.02.25	00:38:09.055	1.26254				2
2025.02.25	00:38:18.295	1.26252				2
2025.02.25	00:38:24.761	1.26250				2
2025.02.25	00:38:28.163	1.26251				2
2025.02.25	00:38:31.857	1.26250	1.26328			6
2025.02.25	00:38:34.939	1.26251				2
2025.02.25	00:38:35.869	1.26250				2
2025.02.25	00:38:44.165	1.26248				2
2025.02.25	00:38:49.709		1.26327			4
2025.02.25	00:38:50.019	1.26249				2
2025.02.25	00:38:56.155	1.26250				2
2025.02.25	00:39:00.163	1.26250				2
2025.02.25	00:39:06.325	1.26249				2
2025.02.25	00:39:15.860	1.26248				2
2025.02.25	00:39:16.779	1.26249				2
2025.02.25	00:39:35.557	1.26248				2
2025.02.25	00:39:35.869	1.26250				2
2025.02.25	00:39:44.176	1.26248				2
2025.02.25	00:39:45.100	1.26247				2
2025.02.25	00:39:45.722	1.26250				2
2025.02.25	00:39:48.794	1.26251				2
2025.02.25	00:39:49.720		1.26327			4
2025.02.25	00:39:57.110	1.26250				2
2025.02.25	00:39:58.336	1.26249				2
2025.02.25	00:40:00.185	1.26249				2
2025.02.25	00:40:00.801	1.26250				2
2025.02.25	00:40:04.177	1.26251				2
2025.02.25	00:40:07.868	1.26250				2
2025.02.25	00:40:14.023	1.26251				2
2025.02.25	00:40:25.099	1.26252				2
2025.02.25	00:40:29.422	1.26249				2
2025.02.25	00:40:37.426	1.26248				2
2025.02.25	00:40:38.038	1.26247				2
2025.02.25	00:40:41.117	1.26248				2
2025.02.25	00:40:42.351	1.26249				2
2025.02.25	00:40:42.656	1.26247				2
2025.02.25	00:40:44.180	1.26248				2
2025.02.25	00:40:50.013		1.26327			4
2025.02.25	00:40:53.090	1.26247				2
2025.02.25	00:41:00.146	1.26247				2
2025.02.25	00:41:00.456	1.26249				2
2025.02.25	00:41:20.740	1.26253	1.26334			6
2025.02.25	00:41:21.045	1.26254	1.26333			6
2025.02.25	00:41:27.340	1.26256				2
2025.02.25	00:41:40.610	1.26255				2
2025.02.25	00:41:41.847	1.26257	1.26331			6
2025.02.25	00:41:42.396	1.26258				2
2025.02.25	00:41:43.391	1.26259				2
2025.02.25	00:41:48.943	1.26260				2
2025.02.25	00:41:51.638	1.26256				2
2025.02.25	00:41:51.949	1.26261	1.26345			6
2025.02.25	00:41:52.866	1.26260	1.26343			6
2025.02.25	00:41:53.480		1.26344			4
2025.02.25	00:41:53.792	1.26261	1.26343			6
2025.02.25	00:41:54.102	1.26259	1.26344			6
2025.02.25	00:41:55.327	1.26261	1.26342			6
2025.02.25	00:41:55.628	1.26262	1.26343			6
2025.02.25	00:41:56.245		1.26344			4
2025.02.25	00:41:58.090		1.26342			4
2025.02.25	00:41:58.399		1.26347			4
2025.02.25	00:41:58.703	1.26263	1.26341			6
2025.02.25	00:41:59.934		1.26342			4
2025.02.25	00:42:00.240	1.26263				2
2025.02.25	00:42:00.548	1.26261	1.26343			6
2025.02.25	00:42:01.469		1.26340			4
2025.02.25	00:42:01.781	1.26259	1.26342			6
2025.02.25	00:42:02.713		1.26343			4
2025.02.25	00:42:03.018		1.26342			4
2025.02.25	00:42:05.164		1.26341			4
2025.02.25	00:42:07.637	1.26262				2
2025.02.25	00:42:10.415	1.26260	1.26333			6
2025.02.25	00:42:10.820	1.26257				2
2025.02.25	00:42:16.488	1.26258				2
2025.02.25	00:42:18.819	1.26252	1.26337			6
2025.02.25	00:42:19.741	1.26251				2
2025.02.25	00:42:20.043	1.26250				2
2025.02.25	00:42:23.137		1.26336			4
2025.02.25	00:42:26.833	1.26242	1.26318			6
2025.02.25	00:42:43.931	1.26248				2
2025.02.25	00:42:48.828	1.26249				2
2025.02.25	00:42:54.820	1.26247				2
2025.02.25	00:42:56.196	1.26250				2
2025.02.25	00:42:57.143	1.26249				2
2025.02.25	00:42:59.019	1.26248				2
2025.02.25	00:43:00.498	1.26249				2
2025.02.25	00:43:13.622	1.26248				2
2025.02.25	00:43:26.953		1.26318			4
2025.02.25	00:43:27.327	1.26244				2
2025.02.25	00:43:47.013	1.26245				2
2025.02.25	00:44:00.058	1.26245				2
2025.02.25	00:44:27.494		1.26318			4
2025.02.25	00:45:01.254	1.26245				2
2025.02.25	00:45:02.099	1.26238	1.26328			6
2025.02.25	00:45:03.940	1.26245	1.26318			6
2025.02.25	00:45:08.744	1.26261	1.26302			6
2025.02.25	00:45:18.865		1.26288			4
2025.02.25	00:45:24.716	1.26260				2
2025.02.25	00:45:31.189	1.26261				2
2025.02.25	00:45:42.285	1.26260				2
2025.02.25	00:45:43.212	1.26262				2
2025.02.25	00:45:43.836	1.26263				2
2025.02.25	00:45:44.139	1.26262				2
2025.02.25	00:45:45.687	1.26261				2
2025.02.25	00:45:46.924	1.26260				2
2025.02.25	00:45:48.761	1.26259				2
2025.02.25	00:45:49.386	1.26260				2
2025.02.25	00:45:51.233		1.26287			4
2025.02.25	00:45:55.552	1.26259				2
2025.02.25	00:45:58.321	1.26258				2
2025.02.25	00:46:00.161	1.26258				2
2025.02.25	00:46:09.412	1.26259				2
2025.02.25	00:46:10.333	1.26258				2
2025.02.25	00:46:16.498	1.26259				2
2025.02.25	00:46:18.650	1.26258				2
2025.02.25	00:46:18.952	1.26255				2
2025.02.25	00:46:51.343		1.26287			4
2025.02.25	00:47:00.294	1.26255				2
2025.02.25	00:47:01.834	1.26247	1.26305			6
2025.02.25	00:47:03.998	1.26255	1.26287			6
2025.02.25	00:47:06.462	1.26256				2
2025.02.25	00:47:54.886	1.26260				2
2025.02.25	00:47:56.121	1.26258				2
2025.02.25	00:47:58.900	1.26259				2
2025.02.25	00:48:00.136	1.26259				2
2025.02.25	00:48:01.981	1.26255				2
2025.02.25	00:48:02.598	1.26254				2
2025.02.25	00:48:02.912	1.26256				2
2025.02.25	00:48:04.142		1.26287			4
2025.02.25	00:48:11.845	1.26255				2
2025.02.25	00:48:19.557	1.26256				2
2025.02.25	00:48:21.712	1.26254				2
2025.02.25	00:48:27.878	1.26261				2
2025.02.25	00:48:28.193	1.26265				2
2025.02.25	00:48:28.495	1.26264				2
2025.02.25	00:48:29.115	1.26262				2
2025.02.25	00:48:31.900	1.26261				2
2025.02.25	00:48:32.207	1.26259				2
2025.02.25	00:48:32.820	1.26258				2
2025.02.25	00:48:33.131	1.26256				2
2025.02.25	00:48:34.371	1.26257				2
2025.02.25	00:48:37.749	1.26248				2
2025.02.25	00:48:38.678	1.26250				2
2025.02.25	00:48:39.295	1.26245				2
2025.02.25	00:48:40.227	1.26250				2
2025.02.25	00:48:41.146	1.26252				2
2025.02.25	00:48:42.074	1.26243	1.26283			6
2025.02.25	00:48:42.378	1.26244	1.26286			6
2025.02.25	00:48:42.686	1.26245				2
2025.02.25	00:48:43.604	1.26250	1.26275			6
2025.02.25	00:48:46.077	1.26254				2
2025.02.25	00:49:00.246	1.26254				2
2025.02.25	00:49:03.025		1.26270			4
2025.02.25	00:49:03.331	1.26252				2
2025.02.25	00:49:19.359	1.26246	1.26265			6
2025.02.25	00:49:27.684	1.26247	1.26269			6
2025.02.25	00:49:32.310		1.26275			4
2025.02.25	00:49:32.612	1.26249				2
2025.02.25	00:49:32.929	1.26248	1.26274			6
2025.02.25	00:49:33.237		1.26275			4
2025.02.25	00:49:53.289	1.26235	1.26293			6
2025.02.25	00:49:54.221	1.26248	1.26275			6
2025.02.25	00:50:00.075	1.26248				2
2025.02.25	00:50:06.857		1.26273			4
2025.02.25	00:50:33.991		1.26275			4
2025.02.25	00:50:34.919		1.26274			4
2025.02.25	00:50:35.851		1.26275			4
2025.02.25	00:51:00.155	1.26248				2
2025.02.25	00:51:00.766		1.26274			4
2025.02.25	00:51:01.693		1.26273			4
2025.02.25	00:51:01.997		1.26274			4
2025.02.25	00:51:03.235		1.26273			4
2025.02.25	00:51:04.155		1.26274			4
2025.02.25	00:51:04.471	1.26250	1.26275			6
2025.02.25	00:51:04.772	1.26249				2
2025.02.25	00:51:06.004	1.26248	1.26273			6
2025.02.25	00:51:08.164		1.26274			4
2025.02.25	00:51:08.773		1.26272			4
2025.02.25	00:51:15.244		1.26271			4
2025.02.25	00:51:18.946		1.26272			4
2025.02.25	00:51:19.249		1.26270			4
2025.02.25	00:51:20.179		1.26269			4
2025.02.25	00:51:21.718		1.26268			4
2025.02.25	00:51:22.641		1.26267			4
2025.02.25	00:51:24.797		1.26268			4
2025.02.25	00:51:25.718		1.26269			4
2025.02.25	00:51:27.866		1.26270			4
2025.02.25	00:51:29.098		1.26269			4
2025.02.25	00:51:29.713		1.26268			4
2025.02.25	00:51:30.632		1.26269			4
2025.02.25	00:51:32.473	1.26239	1.26268			6
2025.02.25	00:51:36.473		1.26267			4
2025.02.25	00:51:37.397		1.26268			4
2025.02.25	00:51:42.007		1.26267			4
2025.02.25	00:51:43.555		1.26268			4
2025.02.25	00:51:46.631		1.26266			4
2025.02.25	00:51:48.477		1.26267			4
2025.02.25	00:52:00.172	1.26239				2
2025.02.25	00:52:05.704		1.26266			4
2025.02.25	00:52:11.545		1.26265			4
2025.02.25	00:52:13.398		1.26266			4
2025.02.25	00:52:18.611	1.26243	1.26268			6
2025.02.25	00:52:18.921	1.26239	1.26266			6
2025.02.25	00:52:21.999		1.26267			4
2025.02.25	00:52:30.295		1.26268			4
2025.02.25	00:52:34.909		1.26267			4
2025.02.25	00:52:35.529		1.26266			4
2025.02.25	00:52:36.147		1.26265			4
2025.02.25	00:52:38.605		1.26266			4
2025.02.25	00:52:39.831		1.26265			4
2025.02.25	00:52:42.602		1.26268			4
2025.02.25	00:52:43.225		1.26266			4
2025.02.25	00:52:46.604		1.26267			4
2025.02.25	00:52:46.916		1.26266			4
2025.02.25	00:52:47.522		1.26267			4
2025.02.25	00:52:48.141		1.26269			4
2025.02.25	00:52:49.680		1.26267			4
2025.02.25	00:52:49.981		1.26266			4
2025.02.25	00:52:51.520		1.26268			4
2025.02.25	00:52:51.833		1.26267			4
2025.02.25	00:52:53.367		1.26266			4
2025.02.25	00:52:53.674		1.26267			4
2025.02.25	00:52:54.605		1.26266			4
2025.02.25	00:52:55.213		1.26269			4
2025.02.25	00:52:55.526		1.26268			4
2025.02.25	00:52:55.828		1.26267			4
2025.02.25	00:52:59.522		1.26266			4
2025.02.25	00:53:00.138	1.26239				2
2025.02.25	00:53:02.909		1.26267			4
2025.02.25	00:53:03.217		1.26266			4
2025.02.25	00:53:05.366	1.26229				2
2025.02.25	00:53:11.834		1.26267			4
2025.02.25	00:53:12.446		1.26266			4
2025.02.25	00:53:17.686		1.26267			4
2025.02.25	00:53:19.841		1.26265			4
2025.02.25	00:53:20.143		1.26267			4
2025.02.25	00:53:22.306		1.26266			4
2025.02.25	00:53:29.376		1.26267			4
2025.02.25	00:53:31.521		1.26266			4
2025.02.25	00:53:31.825		1.26265			4
2025.02.25	00:53:38.602		1.26267			4
2025.02.25	00:53:39.211		1.26265			4
2025.02.25	00:53:40.139		1.26264			4
2025.02.25	00:53:41.056		1.26265			4
2025.02.25	00:53:49.048		1.26266			4
2025.02.25	00:53:53.043		1.26267			4
2025.02.25	00:53:53.660		1.26266			4
2025.02.25	00:53:56.126		1.26267			4
2025.02.25	00:53:57.043		1.26271			4
2025.02.25	00:53:57.965		1.26272			4
2025.02.25	00:53:59.191		1.26271			4
2025.02.25	00:53:59.503		1.26270			4
2025.02.25	00:54:00.112	1.26229	1.26269			6
2025.02.25	00:54:00.729	1.26231	1.26268			6
2025.02.25	00:54:01.032	1.26229				2
2025.02.25	00:54:01.341	1.26230	1.26271			6
2025.02.25	00:54:01.651	1.26229				2
2025.02.25	00:54:02.268		1.26267			4
2025.02.25	00:54:02.569		1.26268			4
2025.02.25	00:54:04.416		1.26269			4
2025.02.25	00:54:05.652		1.26270			4
2025.02.25	00:54:06.264		1.26269			4
2025.02.25	00:54:07.498		1.26268			4
2025.02.25	00:54:08.112		1.26270			4
2025.02.25	00:54:09.033		1.26271			4
2025.02.25	00:54:12.421		1.26270			4
2025.02.25	00:54:14.885		1.26271			4
2025.02.25	00:54:15.500		1.26269			4
2025.02.25	00:54:16.113	1.26254	1.26275			6
2025.02.25	00:54:16.419	1.26250				2
2025.02.25	00:54:16.729	1.26251				2
2025.02.25	00:54:19.190	1.26253				2
2025.02.25	00:54:19.814	1.26255				2
2025.02.25	00:54:20.737	1.26253				2
2025.02.25	00:54:21.969	1.26252				2
2025.02.25	00:54:22.275	1.26253				2
2025.02.25	00:54:24.744	1.26250				2
2025.02.25	00:54:25.359	1.26251				2
2025.02.25	00:54:25.664	1.26254				2
2025.02.25	00:54:27.205	1.26252				2
2025.02.25	00:54:28.749	1.26250				2
2025.02.25	00:54:30.288	1.26251				2
2025.02.25	00:54:32.137	1.26249				2
2025.02.25	00:54:33.675	1.26248				2
2025.02.25	00:54:38.912	1.26249				2
2025.02.25	00:54:39.219	1.26253	1.26285			6
2025.02.25	00:54:39.833		1.26286			4
2025.02.25	00:54:41.073		1.26285			4
2025.02.25	00:54:41.998	1.26255	1.26287			6
2025.02.25	00:54:43.226		1.26285			4
2025.02.25	00:54:43.531		1.26284			4
2025.02.25	00:54:44.460		1.26285			4
2025.02.25	00:54:46.924	1.26253	1.26284			6
2025.02.25	00:54:47.238		1.26286			4
2025.02.25	00:54:47.540		1.26284			4
2025.02.25	00:54:47.851	1.26256				2
2025.02.25	00:54:48.159	1.26253	1.26285			6
2025.02.25	00:54:48.470	1.26252				2
2025.02.25	00:54:49.999	1.26255	1.26286			6
2025.02.25	00:54:52.172	1.26254				2
2025.02.25	00:54:53.094	1.26253	1.26285			6
2025.02.25	00:54:54.315		1.26284			4
2025.02.25	00:54:55.551	1.26252	1.26285			6
2025.02.25	00:54:57.089		1.26284			4
2025.02.25	00:54:57.395	1.26253				2
2025.02.25	00:54:58.007	1.26254	1.26287			6
2025.02.25	00:54:58.316		1.26286			4
2025.02.25	00:54:58.621	1.26252				2
2025.02.25	00:54:59.543	1.26254				2
2025.02.25	00:55:00.159	1.26254	1.26285			6
2025.02.25	00:55:00.469	1.26256	1.26286			6
2025.02.25	00:55:00.783		1.26287			4
2025.02.25	00:55:01.094		1.26286			4
2025.02.25	00:55:01.708	1.26257	1.26288			6
2025.02.25	00:55:02.013	1.26255				2
2025.02.25	00:55:02.630	1.26257				2
2025.02.25	00:55:02.935		1.26287			4
2025.02.25	00:55:03.243		1.26288			4
2025.02.25	00:55:03.549	1.26253	1.26289			6
2025.02.25	00:55:03.861	1.26256	1.26287			6
2025.02.25	00:55:04.477	1.26255	1.26285			6
2025.02.25	00:55:05.096		1.26286			4
2025.02.25	00:55:05.400		1.26287			4
2025.02.25	00:55:06.627	1.26256				2
2025.02.25	00:55:07.863	1.26258	1.26286			6
2025.02.25	00:55:08.175		1.26287			4
2025.02.25	00:55:09.406	1.26257				2
2025.02.25	00:55:10.327	1.26256				2
2025.02.25	00:55:10.634		1.26286			4
2025.02.25	00:55:12.477	1.26257				2
2025.02.25	00:55:12.782	1.26255	1.26285			6
2025.02.25	00:55:13.091	1.26256	1.26287			6
2025.02.25	00:55:14.320	1.26254				2
2025.02.25	00:55:14.628		1.26286			4
2025.02.25	00:55:14.941	1.26257	1.26287			6
2025.02.25	00:55:15.251	1.26255	1.26285			6
2025.02.25	00:55:15.557	1.26256				2
2025.02.25	00:55:15.865	1.26257	1.26288			6
2025.02.25	00:55:16.175	1.26260	1.26287			6
2025.02.25	00:55:19.253	1.26256	1.26288			6
2025.02.25	00:55:19.557	1.26260	1.26287			6
2025.02.25	00:55:21.721	1.26256				2
2025.02.25	00:55:22.338	1.26260				2
2025.02.25	00:55:22.647	1.26256				2
2025.02.25	00:55:23.876	1.26259				2
2025.02.25	00:55:26.344	1.26256	1.26289			6
2025.02.25	00:55:26.645	1.26259	1.26288			6
2025.02.25	00:55:26.962	1.26260	1.26290			6
2025.02.25	00:55:27.265		1.26289			4
2025.02.25	00:55:27.575		1.26290			4
2025.02.25	00:55:28.188	1.26257	1.26289			6
2025.02.25	00:55:28.493	1.26260				2
2025.02.25	00:55:28.806		1.26291			4
2025.02.25	00:55:29.732	1.26257	1.26290			6
2025.02.25	00:55:30.039	1.26260	1.26291			6
2025.02.25	00:55:30.346	1.26256	1.26289			6
2025.02.25	00:55:30.648	1.26260	1.26290			6
2025.02.25	00:55:30.959	1.26254	1.26291			6
2025.02.25	00:55:31.261	1.26256	1.26290			6
2025.02.25	00:55:31.565	1.26253	1.26288			6
2025.02.25	00:55:34.341	1.26254	1.26287			6
2025.02.25	00:55:34.646		1.26286			4
2025.02.25	00:55:36.182		1.26285			4
2025.02.25	00:55:37.419	1.26253				2
2025.02.25	00:55:39.265	1.26254				2
2025.02.25	00:55:40.497	1.26255	1.26287			6
2025.02.25	00:55:47.910		1.26286			4
2025.02.25	00:55:50.073	1.26254	1.26285			6
2025.02.25	00:55:51.610	1.26255	1.26286			6
2025.02.25	00:55:53.465	1.26254	1.26287			6
2025.02.25	00:55:54.691	1.26253				2
2025.02.25	00:55:55.002		1.26288			4
2025.02.25	00:55:56.231	1.26254	1.26290			6
2025.02.25	00:55:56.539		1.26288			4
2025.02.25	00:55:58.701	1.26258	1.26289			6
2025.02.25	00:55:59.011		1.26290			4
2025.02.25	00:56:00.250	1.26259	1.26292			6
2025.02.25	00:56:04.872	1.26258				2
2025.02.25	00:56:05.182		1.26290			4
2025.02.25	00:56:06.415		1.26288			4
2025.02.25	00:56:07.959	1.26257	1.26287			6
2025.02.25	00:56:08.885		1.26288			4
2025.02.25	00:56:09.193		1.26287			4
2025.02.25	00:56:10.120		1.26288			4
2025.02.25	00:56:15.060		1.26287			4
2025.02.25	00:56:18.761		1.26288			4
2025.02.25	00:56:20.303	1.26256	1.26287			6
2025.02.25	00:56:21.850	1.26257				2
2025.02.25	00:56:22.462		1.26295			4
2025.02.25	00:56:23.078		1.26293			4
2025.02.25	00:56:24.001	1.26256	1.26294			6
2025.02.25	00:56:24.310		1.26293			4
2025.02.25	00:56:28.929	1.26257	1.26294			6
2025.02.25	00:56:31.710		1.26289			4
2025.02.25	00:56:32.322	1.26258	1.26296			6
2025.02.25	00:56:34.481		1.26302			4
2025.02.25	00:56:34.787		1.26297			4
2025.02.25	00:56:35.097		1.26295			4
2025.02.25	00:56:36.633		1.26293			4
2025.02.25	00:56:37.861		1.26294			4
2025.02.25	00:56:38.791	1.26261	1.26296			6
2025.02.25	00:56:39.100		1.26295			4
2025.02.25	00:56:40.330	1.26258				2
2025.02.25	00:56:40.639		1.26296			4
2025.02.25	00:56:40.948		1.26295			4
2025.02.25	00:56:41.872		1.26294			4
2025.02.25	00:56:42.181		1.26296			4
2025.02.25	00:56:43.414	1.26257	1.26295			6
2025.02.25	00:56:44.032	1.26260	1.26297			6
2025.02.25	00:56:46.817		1.26298			4
2025.02.25	00:56:49.906	1.26257	1.26302			6
2025.02.25	00:56:51.753	1.26260	1.26299			6
2025.02.25	00:56:52.375		1.26302			4
2025.02.25	00:56:52.677		1.26300			4
2025.02.25	00:56:53.600	1.26261				2
2025.02.25	00:56:56.064	1.26259	1.26301			6
2025.02.25	00:56:56.371		1.26302			4
2025.02.25	00:56:56.687	1.26261				2
2025.02.25	00:57:00.073	1.26261				2
2025.02.25	00:57:01.929	1.26260				2
2025.02.25	00:57:02.231		1.26301			4
2025.02.25	00:57:02.541	1.26259	1.26302			6
2025.02.25	00:57:02.848	1.26261	1.26304			6
2025.02.25	00:57:04.704	1.26262				2
2025.02.25	00:57:08.097	1.26263				2
2025.02.25	00:57:11.180	1.26261	1.26298			6
2025.02.25	00:57:13.643		1.26299			4
2025.02.25	00:57:15.489	1.26262				2
2025.02.25	00:57:15.795	1.26260	1.26305			6
2025.02.25	00:57:16.096		1.26303			4
2025.02.25	00:57:16.404	1.26263	1.26304			6
2025.02.25	00:57:16.711		1.26303			4
2025.02.25	00:57:17.329	1.26265	1.26304			6
2025.02.25	00:57:17.641	1.26277	1.26308			6
2025.02.25	00:57:17.942	1.26279	1.26310			6
2025.02.25	00:57:18.256	1.26282	1.26312			6
2025.02.25	00:57:18.867	1.26278	1.26311			6
2025.02.25	00:57:19.791	1.26280	1.26314			6
2025.02.25	00:57:20.101	1.26278	1.26315			6
2025.02.25	00:57:20.409		1.26312			4
2025.02.25	00:57:20.717	1.26281	1.26313			6
2025.02.25	00:57:21.335	1.26286	1.26314			6
2025.02.25	00:57:22.568	1.26279				2
2025.02.25	00:57:22.878	1.26281	1.26317			6
2025.02.25	00:57:23.181	1.26285				2
2025.02.25	00:57:23.483	1.26287	1.26318			6
2025.02.25	00:57:23.803	1.26285	1.26317			6
2025.02.25	00:57:24.110	1.26284	1.26319			6
2025.02.25	00:57:24.419	1.26290	1.26322			6
2025.02.25	00:57:25.030	1.26291	1.26323			6
2025.02.25	00:57:25.350	1.26282	1.26316			6
2025.02.25	00:57:25.969	1.26291	1.26319			6
2025.02.25	00:57:26.270	1.26290	1.26321			6
2025.02.25	00:57:26.572	1.26289	1.26322			6
2025.02.25	00:57:26.887		1.26323			4
2025.02.25	00:57:27.507	1.26288				2
2025.02.25	00:57:29.366	1.26292	1.26327			6
2025.02.25	00:57:29.672	1.26291	1.26326			6
2025.02.25	00:57:30.904	1.26292	1.26327			6
2025.02.25	00:57:31.519	1.26293				2
2025.02.25	00:57:32.444	1.26291	1.26326			6
2025.02.25	00:57:32.748	1.26292	1.26327			6
2025.02.25	00:57:33.063	1.26293	1.26328			6
2025.02.25	00:57:34.292	1.26292				2
2025.02.25	00:57:35.221	1.26293	1.26329			6
2025.02.25	00:57:35.834	1.26294	1.26330			6
2025.02.25	00:57:36.148		1.26329			4
2025.02.25	00:57:36.449		1.26330			4
2025.02.25	00:57:37.681	1.26295				2
2025.02.25	00:57:37.989	1.26290	1.26329			6
2025.02.25	00:57:38.296	1.26289	1.26327			6
2025.02.25	00:57:40.763	1.26288	1.26325			6
2025.02.25	00:57:41.379		1.26326			4
2025.02.25	00:57:41.682	1.26294	1.26329			6
2025.02.25	00:57:43.851	1.26292	1.26330			6
2025.02.25	00:57:44.461	1.26294	1.26331			6
2025.02.25	00:57:44.762	1.26298	1.26334			6
2025.02.25	00:57:45.078	1.26297				2
2025.02.25	00:57:45.693		1.26335			4
2025.02.25	00:57:46.620	1.26296				2
2025.02.25	00:57:46.923	1.26293	1.26333			6
2025.02.25	00:57:47.229	1.26292	1.26332			6
2025.02.25	00:57:47.536	1.26294				2
2025.02.25	00:57:47.847	1.26268	1.26326			6
2025.02.25	00:57:48.151	1.26265	1.26330			6
2025.02.25	00:57:48.765	1.26264	1.26329			6
2025.02.25	00:57:50.620		1.26330			4
2025.02.25	00:57:50.930	1.26265	1.26331			6
2025.02.25	00:57:51.239	1.26266	1.26332			6
2025.02.25	00:57:51.859		1.26327			4
2025.02.25	00:57:53.710	1.26265	1.26332			6
2025.02.25	00:57:54.015	1.26266	1.26328			6
2025.02.25	00:57:54.321		1.26332			4
2025.02.25	00:57:54.932		1.26329			4
2025.02.25	00:57:56.168		1.26328			4
2025.02.25	00:57:56.478	1.26265	1.26330			6
2025.02.25	00:57:56.778	1.26267				2
2025.02.25	00:57:57.409	1.26269				2
2025.02.25	00:57:58.637	1.26268	1.26328			6
2025.02.25	00:57:58.955	1.26270	1.26329			6
2025.02.25	00:57:59.565	1.26274	1.26334			6
2025.02.25	00:58:00.183	1.26274				2
2025.02.25	00:58:01.416	1.26276				2
2025.02.25	00:58:02.040	1.26274	1.26332			6
2025.02.25	00:58:02.341	1.26273	1.26331			6
2025.02.25	00:58:04.805	1.26272	1.26330			6
2025.02.25	00:58:05.120	1.26271	1.26329			6
2025.02.25	00:58:08.806	1.26268	1.26328			6
2025.02.25	00:58:09.112	1.26270				2
2025.02.25	00:58:10.651	1.26271	1.26329			6
2025.02.25	00:58:11.879	1.26266	1.26314			6
2025.02.25	00:58:13.423		1.26313			4
2025.02.25	00:58:13.733		1.26314			4
2025.02.25	00:58:14.650	1.26269				2
2025.02.25	00:58:14.955	1.26271	1.26313			6
2025.02.25	00:58:15.265	1.26270				2
2025.02.25	00:58:16.500	1.26269				2
2025.02.25	00:58:16.810	1.26268				2
2025.02.25	00:58:17.119	1.26267				2
2025.02.25	00:58:22.357		1.26312			4
2025.02.25	00:58:22.668		1.26313			4
2025.02.25	00:58:23.278		1.26312			4
2025.02.25	00:58:23.585		1.26313			4
2025.02.25	00:58:25.740		1.26311			4
2025.02.25	00:58:26.971	1.26268				2
2025.02.25	00:58:27.899	1.26270	1.26312			6
2025.02.25	00:58:30.670	1.26271				2
2025.02.25	00:58:30.986		1.26313			4
2025.02.25	00:58:36.217	1.26272				2
2025.02.25	00:58:37.151		1.26314			4
2025.02.25	00:58:38.068	1.26271				2
2025.02.25	00:58:38.686	1.26268	1.26319			6
2025.02.25	00:58:38.992	1.26269	1.26317			6
2025.02.25	00:58:39.299	1.26270	1.26318			6
2025.02.25	00:58:42.077	1.26269				2
2025.02.25	00:58:42.384	1.26268				2
2025.02.25	00:58:42.691		1.26316			4
2025.02.25	00:58:44.233	1.26269				2
2025.02.25	00:58:46.385	1.26276				2
2025.02.25	00:58:47.006	1.26277	1.26317			6
2025.02.25	00:58:47.922	1.26276				2
2025.02.25	00:58:50.078	1.26275				2
2025.02.25	00:58:52.236	1.26274				2
2025.02.25	00:58:52.545		1.26316			4
2025.02.25	00:58:53.470	1.26275				2
2025.02.25	00:58:57.159		1.26317			4
2025.02.25	00:58:57.774		1.26316			4
2025.02.25	00:59:00.230	1.26275				2
2025.02.25	00:59:02.388	1.26278	1.26317			6
2025.02.25	00:59:02.699	1.26279				2
2025.02.25	00:59:03.925	1.26281	1.26318			6
2025.02.25	00:59:04.232		1.26320			4
2025.02.25	00:59:04.846	1.26278	1.26318			6
2025.02.25	00:59:05.147	1.26276	1.26316			6
2025.02.25	00:59:06.390	1.26282	1.26318			6
2025.02.25	00:59:07.316		1.26319			4
2025.02.25	00:59:07.627	1.26283	1.26320			6
2025.02.25	00:59:09.164	1.26284	1.26322			6
2025.02.25	00:59:09.468	1.26277	1.26320			6
2025.02.25	00:59:09.772	1.26275	1.26319			6
2025.02.25	00:59:11.313	1.26274	1.26318			6
2025.02.25	00:59:13.467	1.26285				2
2025.02.25	00:59:13.779	1.26286	1.26322			6
2025.02.25	00:59:14.697	1.26289				2
2025.02.25	00:59:15.005		1.26323			4
2025.02.25	00:59:15.922	1.26288	1.26327			6
2025.02.25	00:59:16.229	1.26290	1.26323			6
2025.02.25	00:59:16.533	1.26282	1.26321			6
2025.02.25	00:59:17.157	1.26280	1.26322			6
2025.02.25	00:59:17.768	1.26279	1.26323			6
2025.02.25	00:59:18.075		1.26322			4
2025.02.25	00:59:18.382	1.26275				2
2025.02.25	00:59:18.696	1.26276	1.26321			6
2025.02.25	00:59:20.540	1.26275				2
2025.02.25	00:59:21.161		1.26322			4
2025.02.25	00:59:22.696		1.26320			4
2025.02.25	00:59:23.007		1.26321			4
2025.02.25	00:59:24.242		1.26320			4
2025.02.25	00:59:25.470	1.26276				2
2025.02.25	00:59:25.778	1.26277	1.26321			6
2025.02.25	00:59:26.084	1.26278				2
2025.02.25	00:59:26.702		1.26322			4
2025.02.25	00:59:28.245	1.26277	1.26321			6
2025.02.25	00:59:28.554		1.26320			4
2025.02.25	00:59:29.173	1.26275				2
2025.02.25	00:59:29.479		1.26319			4
2025.02.25	00:59:30.399	1.26278	1.26321			6
2025.02.25	00:59:30.703	1.26274				2
2025.02.25	00:59:31.019		1.26320			4
2025.02.25	00:59:31.635	1.26276				2
2025.02.25	00:59:31.938	1.26275	1.26322			6
2025.02.25	00:59:32.248		1.26321			4
2025.02.25	00:59:34.404		1.26319			4
2025.02.25	00:59:34.713	1.26278	1.26320			6
2025.02.25	00:59:36.256	1.26277				2
2025.02.25	00:59:36.562		1.26319			4
2025.02.25	00:59:38.109		1.26318			4
2025.02.25	00:59:38.410		1.26319			4
2025.02.25	00:59:38.726	1.26278				2
2025.02.25	00:59:39.643		1.26318			4
2025.02.25	00:59:39.954	1.26279	1.26319			6
2025.02.25	00:59:40.575	1.26275				2
2025.02.25	00:59:40.883	1.26273	1.26318			6
2025.02.25	00:59:41.809		1.26317			4
2025.02.25	00:59:42.423		1.26318			4
2025.02.25	00:59:42.731	1.26278	1.26317			6
2025.02.25	00:59:43.037		1.26318			4
2025.02.25	00:59:43.352	1.26279				2
2025.02.25	00:59:44.277	1.26278				2
2025.02.25	00:59:45.205	1.26277				2
2025.02.25	00:59:47.361	1.26276	1.26319			6
2025.02.25	00:59:47.672		1.26318			4
2025.02.25	00:59:51.060	1.26275	1.26316			6
2025.02.25	00:59:51.368	1.26276				2
2025.02.25	00:59:53.821	1.26275				2
2025.02.25	00:59:54.739	1.26277				2
2025.02.25	00:59:56.272	1.26276				2
2025.02.25	00:59:56.579		1.26315			4
2025.02.25	00:59:57.501	1.26277	1.26316			6
2025.02.25	01:00:00.272	1.26284	1.26320			6
2025.02.25	01:00:00.586	1.26271	1.26329			6
2025.02.25	01:00:00.902	1.26273	1.26321			6
2025.02.25	01:00:01.205	1.26261	1.26308			6
2025.02.25	01:00:01.505	1.26253	1.26297			6
2025.02.25	01:00:02.133	1.26264				2
2025.02.25	01:00:02.435		1.26307			4
2025.02.25	01:00:02.741		1.26308			4
2025.02.25	01:00:03.048		1.26306			4
2025.02.25	01:00:03.666		1.26307			4
2025.02.25	01:00:03.970		1.26309			4
2025.02.25	01:00:04.272		1.26296			4
2025.02.25	01:00:06.430		1.26297			4
2025.02.25	01:00:06.740		1.26296			4
2025.02.25	01:00:11.350		1.26302			4
2025.02.25	01:00:11.959		1.26303			4
2025.02.25	01:00:15.640		1.26305			4
2025.02.25	01:00:15.943		1.26304			4
2025.02.25	01:00:16.553		1.26303			4
2025.02.25	01:00:18.077		1.26302			4
2025.02.25	01:00:18.694		1.26306			4
2025.02.25	01:00:18.995		1.26305			4
2025.02.25	01:00:19.602	1.26266	1.26304			6
2025.02.25	01:00:20.834	1.26255	1.26281			6
2025.02.25	01:00:21.135	1.26252				2
2025.02.25	01:00:21.744	1.26256				2
2025.02.25	01:00:22.663	1.26255	1.26276			6
2025.02.25	01:00:24.796	1.26250				2
2025.02.25	01:00:25.100	1.26248				2
2025.02.25	01:00:25.409	1.26249				2
2025.02.25	01:00:25.715	1.26258	1.26291			6
2025.02.25	01:00:26.020	1.26252	1.26286			6
2025.02.25	01:00:26.325	1.26248	1.26278			6
2025.02.25	01:00:26.636	1.26245	1.26276			6
2025.02.25	01:00:26.948	1.26244				2
2025.02.25	01:00:27.560		1.26272			4
2025.02.25	01:00:27.862	1.26242	1.26271			6
2025.02.25	01:00:29.389	1.26248	1.26263			6
2025.02.25	01:00:30.309	1.26241	1.26262			6
2025.02.25	01:00:31.541	1.26248	1.26263			6
2025.02.25	01:00:31.848		1.26265			4
2025.02.25	01:00:32.771	1.26251				2
2025.02.25	01:00:35.533	1.26253				2
2025.02.25	01:00:39.509	1.26249	1.26264			6
2025.02.25	01:00:41.049		1.26261			4
2025.02.25	01:00:41.361	1.26250	1.26260			6
2025.02.25	01:00:44.428	1.26245				2
2025.02.25	01:00:44.730	1.26241				2
2025.02.25	01:00:45.348	1.26242	1.26257			6
2025.02.25	01:00:48.420	1.26241	1.26251			6
2025.02.25	01:00:49.033		1.26254			4
2025.02.25	01:00:52.399	1.26242	1.26256			6
2025.02.25	01:00:54.541		1.26245			4
2025.02.25	01:00:56.083		1.26256			4
2025.02.25	01:00:57.303		1.26245			4
2025.02.25	01:01:00.055	1.26240	1.26250			6
2025.02.25	01:01:00.361	1.26239	1.26245			6
2025.02.25	01:01:00.668	1.26240	1.26249			6
2025.02.25	01:01:00.981	1.26239				2
2025.02.25	01:01:02.211	1.26242	1.26247			6
2025.02.25	01:01:03.420	1.26243	1.26248			6
2025.02.25	01:01:05.245	1.26242	1.26247			6
2025.02.25	01:01:16.593	1.26241	1.26246			6
2025.02.25	01:01:19.041	1.26242	1.26247			6
2025.02.25	01:01:20.270	1.26241	1.26246			6
2025.02.25	01:01:21.194	1.26242	1.26247			6
2025.02.25	01:01:23.647	1.26241	1.26246			6
2025.02.25	01:01:26.989		1.26245			4
2025.02.25	01:01:31.546	1.26240				2
2025.02.25	01:01:41.362	1.26231	1.26236			6
2025.02.25	01:01:42.270	1.26229	1.26234			6
2025.02.25	01:01:42.880	1.26224	1.26236			6
2025.02.25	01:01:43.185	1.26222	1.26233			6
2025.02.25	01:01:43.488	1.26220				2
2025.02.25	01:01:44.106	1.26219	1.26228			6
2025.02.25	01:01:44.718	1.26218				2
2025.02.25	01:01:45.332	1.26217	1.26226			6
2025.02.25	01:01:48.397		1.26225			4
2025.02.25	01:01:49.011	1.26209	1.26217			6
2025.02.25	01:01:50.542	1.26208	1.26216			6
2025.02.25	01:01:52.379	1.26212	1.26217			6
2025.02.25	01:01:56.365	1.26208	1.26216			6
2025.02.25	01:01:57.907	1.26209	1.26214			6
2025.02.25	01:02:00.053	1.26209				2
2025.02.25	01:02:02.205	1.26211	1.26216			6
2025.02.25	01:02:02.511	1.26212	1.26217			6
2025.02.25	01:02:02.824	1.26203	1.26208			6
2025.02.25	01:02:03.125	1.26202	1.26207			6
2025.02.25	01:02:03.428	1.26201	1.26206			6
2025.02.25	01:02:04.653	1.26210	1.26215			6
2025.02.25	01:02:06.803	1.26211	1.26216			6
2025.02.25	01:02:07.409	1.26195	1.26200			6
2025.02.25	01:02:08.024	1.26190	1.26205			6
2025.02.25	01:02:08.948	1.26194	1.26200			6
2025.02.25	01:02:09.252	1.26193	1.26199			6
2025.02.25	01:02:10.470	1.26192	1.26198			6
2025.02.25	01:02:11.687	1.26193	1.26199			6
2025.02.25	01:02:12.308	1.26195	1.26201			6
2025.02.25	01:02:15.358	1.26196				2
2025.02.25	01:02:15.666	1.26204	1.26209			6
2025.02.25	01:02:15.974	1.26203	1.26208			6
2025.02.25	01:02:16.275	1.26201	1.26207			6
2025.02.25	01:02:16.581	1.26202	1.26208			6
2025.02.25	01:02:20.262		1.26207			4
2025.02.25	01:02:20.872	1.26203	1.26208			6
2025.02.25	01:02:21.481	1.26202	1.26207			6
2025.02.25	01:02:22.399	1.26201	1.26206			6
2025.02.25	01:02:22.711	1.26202	1.26207			6
2025.02.25	01:02:23.016	1.26201	1.26205			6
2025.02.25	01:02:28.820	1.26206	1.26210			6
2025.02.25	01:02:30.345	1.26208	1.26211			6
2025.02.25	01:02:37.358	1.26210				2
2025.02.25	01:02:37.662	1.26212	1.26214			6
2025.02.25	01:02:39.488		1.26215			4
2025.02.25	01:02:40.407		1.26214			4
2025.02.25	01:02:45.327		1.26215			4
2025.02.25	01:02:48.086		1.26216			4
2025.02.25	01:02:48.392		1.26215			4
2025.02.25	01:02:49.000		1.26214			4
2025.02.25	01:02:49.303	1.26209				2
2025.02.25	01:02:56.971	1.26210				2
2025.02.25	01:02:57.276	1.26209				2
2025.02.25	01:02:58.501	1.26210	1.26215			6
2025.02.25	01:02:59.421	1.26212	1.26217			6
2025.02.25	01:02:59.730	1.26211	1.26216			6
2025.02.25	01:03:00.037	1.26211				2
2025.02.25	01:03:00.341		1.26215			4
2025.02.25	01:03:00.951	1.26216	1.26217			6
2025.02.25	01:03:01.257	1.26219	1.26222			6
2025.02.25	01:03:01.567		1.26223			4
2025.02.25	01:03:02.487		1.26224			4
2025.02.25	01:03:03.720	1.26220	1.26225			6
2025.02.25	01:03:10.152	1.26221				2
2025.02.25	01:03:11.979	1.26220				2
2025.02.25	01:03:25.745	1.26221	1.26226			6
2025.02.25	01:03:26.052	1.26222	1.26227			6
2025.02.25	01:03:26.965	1.26223	1.26228			6
2025.02.25	01:03:27.274	1.26224	1.26229			6
2025.02.25	01:03:28.195	1.26221	1.26226			6
2025.02.25	01:03:30.335	1.26220	1.26225			6
2025.02.25	01:03:30.643	1.26221	1.26226			6
2025.02.25	01:03:31.257	1.26220	1.26225			6
2025.02.25	01:03:32.485	1.26221	1.26226			6
2025.02.25	01:03:33.102	1.26223	1.26228			6
2025.02.25	01:03:35.537	1.26222	1.26226			6
2025.02.25	01:03:35.840		1.26227			4
2025.02.25	01:03:36.768	1.26221	1.26226			6
2025.02.25	01:03:37.981	1.26222				2
2025.02.25	01:03:45.903	1.26226	1.26227			6
2025.02.25	01:03:46.510	1.26222	1.26226			6
2025.02.25	01:03:48.335	1.26226	1.26227			6
2025.02.25	01:03:48.641	1.26221	1.26226			6
2025.02.25	01:03:52.327	1.26222				2
2025.02.25	01:04:00.278	1.26221				2
2025.02.25	01:04:21.146		1.26225			4
2025.02.25	01:04:29.123	1.26219	1.26222			6
2025.02.25	01:04:29.430	1.26218				2
2025.02.25	01:04:32.178	1.26216	1.26220			6
2025.02.25	01:04:32.792	1.26215	1.26219			6
2025.02.25	01:04:33.097		1.26220			4
2025.02.25	01:04:34.025	1.26214	1.26219			6
2025.02.25	01:04:37.083	1.26215	1.26220			6
2025.02.25	01:04:37.387		1.26219			4
2025.02.25	01:04:39.532	1.26214	1.26218			6
2025.02.25	01:04:40.141	1.26215	1.26219			6
2025.02.25	01:04:42.267	1.26214	1.26218			6
2025.02.25	01:04:45.332	1.26215	1.26219			6
2025.02.25	01:04:47.471	1.26214	1.26218			6
2025.02.25	01:04:48.091	1.26213	1.26217			6
2025.02.25	01:04:49.011	1.26214	1.26218			6
2025.02.25	01:04:52.380	1.26213	1.26217			6
2025.02.25	01:04:53.298		1.26216			4
2025.02.25	01:04:55.115	1.26214	1.26218			6
2025.02.25	01:04:56.640	1.26213	1.26217			6
2025.02.25	01:04:58.473	1.26214	1.26218			6
2025.02.25	01:04:58.776	1.26213	1.26217			6
2025.02.25	01:05:00.005	1.26213				2
2025.02.25	01:05:00.320	1.26214	1.26218			6
2025.02.25	01:05:02.160	1.26215	1.26219			6
2025.02.25	01:05:03.380	1.26214	1.26218			6
2025.02.25	01:05:04.610	1.26213	1.26217			6
2025.02.25	01:05:05.532	1.26214	1.26218			6
2025.02.25	01:05:07.063	1.26213	1.26217			6
2025.02.25	01:05:08.284	1.26214	1.26218			6
2025.02.25	01:05:08.590	1.26213	1.26217			6
2025.02.25	01:05:11.348	1.26212	1.26216			6
2025.02.25	01:05:12.259	1.26213	1.26217			6
2025.02.25	01:05:12.565	1.26214	1.26218			6
2025.02.25	01:05:13.176	1.26213	1.26217			6
2025.02.25	01:05:14.998	1.26214	1.26218			6
2025.02.25	01:05:15.608	1.26213	1.26217			6
2025.02.25	01:05:20.488	1.26214	1.26218			6
2025.02.25	01:05:20.789	1.26212	1.26216			6
2025.02.25	01:05:21.102	1.26213	1.26217			6
2025.02.25	01:05:27.857	1.26214	1.26218			6
2025.02.25	01:05:28.469	1.26212	1.26216			6
2025.02.25	01:05:29.398	1.26213	1.26217			6
2025.02.25	01:05:33.074	1.26212	1.26216			6
2025.02.25	01:05:35.218	1.26213	1.26217			6
2025.02.25	01:05:38.286	1.26212	1.26216			6
2025.02.25	01:05:39.210	1.26213	1.26217			6
2025.02.25	01:05:39.514	1.26211	1.26215			6
2025.02.25	01:05:39.828	1.26212	1.26216			6
2025.02.25	01:05:40.439	1.26211	1.26215			6
2025.02.25	01:05:41.364	1.26212	1.26216			6
2025.02.25	01:05:45.053	1.26213	1.26217			6
2025.02.25	01:05:45.357	1.26212	1.26216			6
2025.02.25	01:05:46.587	1.26211	1.26215			6
2025.02.25	01:05:46.897	1.26212	1.26216			6
2025.02.25	01:05:48.757	1.26213	1.26217			6
2025.02.25	01:05:50.918	1.26211	1.26215			6
2025.02.25	01:05:51.224	1.26212	1.26216			6
2025.02.25	01:05:59.545	1.26211	1.26215			6
2025.02.25	01:06:00.160	1.26211				2
2025.02.25	01:06:01.394	1.26212	1.26216			6
2025.02.25	01:06:01.703	1.26211	1.26215			6
2025.02.25	01:06:02.627	1.26212	1.26216			6
2025.02.25	01:06:06.004	1.26213				2
2025.02.25	01:06:14.293		1.26217			4
2025.02.25	01:06:15.523		1.26216			4
2025.02.25	01:06:16.754		1.26217			4
2025.02.25	01:06:17.061	1.26217	1.26218			6
2025.02.25	01:06:17.975		1.26219			4
2025.02.25	01:06:19.195	1.26213	1.26215			6
2025.02.25	01:06:20.121		1.26216			4
2025.02.25	01:06:24.413	1.26215				2
2025.02.25	01:06:27.804		1.26217			4
2025.02.25	01:06:28.733		1.26216			4
2025.02.25	01:06:29.650		1.26217			4
2025.02.25	01:06:30.574		1.26216			4
2025.02.25	01:06:30.880		1.26217			4
2025.02.25	01:06:31.190		1.26216			4
2025.02.25	01:06:39.203		1.26217			4
2025.02.25	01:06:40.436		1.26216			4
2025.02.25	01:06:47.511		1.26217			4
2025.02.25	01:06:49.669	1.26220	1.26221			6
2025.02.25	01:06:50.285	1.26221	1.26222			6
2025.02.25	01:07:00.144	1.26221				2
2025.02.25	01:07:43.641	1.26222	1.26223			6
2025.02.25	01:08:00.266	1.26222				2
2025.02.25	01:08:09.821	1.26213	1.26216			6
2025.02.25	01:08:11.675		1.26217			4
2025.02.25	01:08:24.000	1.26215	1.26216			6
2025.02.25	01:08:25.234		1.26217			4
2025.02.25	01:08:29.220		1.26218			4
2025.02.25	01:08:32.282	1.26213	1.26217			6
2025.02.25	01:08:32.587		1.26216			4
2025.02.25	01:08:32.891	1.26215	1.26217			6
2025.02.25	01:08:34.124	1.26214				2
2025.02.25	01:08:39.015	1.26215				2
2025.02.25	01:08:39.319	1.26214	1.26218			6
2025.02.25	01:08:40.246		1.26217			4
2025.02.25	01:08:41.780	1.26217	1.26218			6
2025.02.25	01:08:42.397	1.26215				2
2025.02.25	01:08:43.008		1.26217			4
2025.02.25	01:08:43.621	1.26214				2
2025.02.25	01:08:49.157	1.26213				2
2025.02.25	01:08:50.084	1.26210	1.26215			6
2025.02.25	01:08:51.003	1.26207	1.26212			6
2025.02.25	01:08:52.243	1.26206	1.26211			6
2025.02.25	01:08:52.558	1.26203	1.26208			6
2025.02.25	01:08:52.868	1.26201	1.26206			6
2025.02.25	01:09:00.254	1.26201				2
2025.02.25	01:09:01.176	1.26197	1.26200			6
2025.02.25	01:09:01.487	1.26193	1.26198			6
2025.02.25	01:09:01.796	1.26194	1.26199			6
2025.02.25	01:09:02.104	1.26195	1.26200			6
2025.02.25	01:09:06.410	1.26196	1.26201			6
2025.02.25	01:09:11.647	1.26201	1.26206			6
2025.02.25	01:09:16.570	1.26200	1.26205			6
2025.02.25	01:09:22.419	1.26201	1.26206			6
2025.02.25	01:09:22.726	1.26200	1.26205			6
2025.02.25	01:09:24.264	1.26199	1.26204			6
2025.02.25	01:09:24.884	1.26200	1.26205			6
2025.02.25	01:09:30.115	1.26199	1.26204			6
2025.02.25	01:09:42.718	1.26194	1.26199			6
2025.02.25	01:09:43.026	1.26195	1.26200			6
2025.02.25	01:09:44.249	1.26194	1.26199			6
2025.02.25	01:09:44.865	1.26195	1.26200			6
2025.02.25	01:09:47.013	1.26194	1.26199			6
2025.02.25	01:09:47.327	1.26193	1.26198			6
2025.02.25	01:09:48.244	1.26192	1.26197			6
2025.02.25	01:09:48.552	1.26193	1.26198			6
2025.02.25	01:09:49.477	1.26194	1.26199			6
2025.02.25	01:09:52.547	1.26198				2
2025.02.25	01:09:53.167	1.26194				2
2025.02.25	01:09:55.013		1.26198			4
2025.02.25	01:09:55.321	1.26193				2
2025.02.25	01:09:55.623	1.26192	1.26196			6
2025.02.25	01:09:55.935		1.26197			4
2025.02.25	01:09:56.555	1.26193	1.26198			6
2025.02.25	01:09:57.176	1.26192	1.26197			6
2025.02.25	01:09:59.627	1.26193	1.26198			6
2025.02.25	01:10:00.243	1.26192	1.26197			6
2025.02.25	01:10:00.550	1.26193	1.26198			6
2025.02.25	01:10:01.159	1.26192	1.26197			6
2025.02.25	01:10:02.386	1.26193	1.26198			6
2025.02.25	01:10:03.309	1.26191	1.26196			6
2025.02.25	01:10:03.614	1.26192	1.26197			6
2025.02.25	01:10:04.840	1.26191	1.26196			6
2025.02.25	01:10:05.144	1.26190	1.26195			6
2025.02.25	01:10:05.757	1.26191	1.26196			6
2025.02.25	01:10:06.371	1.26190	1.26195			6
2025.02.25	01:10:09.744		1.26194			4
2025.02.25	01:10:10.971	1.26191	1.26196			6
2025.02.25	01:10:12.209	1.26190	1.26195			6
2025.02.25	01:10:16.833	1.26189	1.26194			6
2025.02.25	01:10:21.149		1.26193			4
2025.02.25	01:10:28.242		1.26194			4
2025.02.25	01:10:29.472	1.26188	1.26193			6
2025.02.25	01:10:30.698	1.26187	1.26192			6
2025.02.25	01:10:45.197		1.26191			4
2025.02.25	01:10:48.581	1.26188	1.26193			6
2025.02.25	01:10:48.885	1.26189	1.26192			6
2025.02.25	01:10:50.122		1.26193			4
2025.02.25	01:10:53.820	1.26187	1.26192			6
2025.02.25	01:10:54.128	1.26188	1.26191			6
2025.02.25	01:10:55.055		1.26192			4
2025.02.25	01:10:55.971	1.26189				2
2025.02.25	01:10:58.114		1.26194			4
2025.02.25	01:10:58.418		1.26192			4
2025.02.25	01:10:59.655		1.26193			4
2025.02.25	01:11:00.273	1.26189				2
2025.02.25	01:11:03.050		1.26192			4
2025.02.25	01:11:03.670		1.26193			4
2025.02.25	01:11:04.905		1.26192			4
2025.02.25	01:11:05.830	1.26190	1.26195			6
2025.02.25	01:11:06.130	1.26189	1.26192			6
2025.02.25	01:11:07.996	1.26191	1.26193			6
2025.02.25	01:11:08.309	1.26190				2
2025.02.25	01:11:09.536		1.26194			4
2025.02.25	01:11:14.458		1.26193			4
2025.02.25	01:11:15.073		1.26194			4
2025.02.25	01:11:20.323		1.26195			4
2025.02.25	01:11:20.942		1.26194			4
2025.02.25	01:11:21.561		1.26195			4
2025.02.25	01:11:22.482		1.26192			4
2025.02.25	01:11:23.102		1.26193			4
2025.02.25	01:11:24.027	1.26188				2
2025.02.25	01:11:24.965		1.26192			4
2025.02.25	01:11:29.897	1.26189	1.26193			6
2025.02.25	01:11:30.205	1.26188	1.26191			6
2025.02.25	01:11:30.507	1.26189	1.26192			6
2025.02.25	01:11:30.827		1.26191			4
2025.02.25	01:11:31.126	1.26188	1.26192			6
2025.02.25	01:11:32.359	1.26189	1.26191			6
2025.02.25	01:11:33.912	1.26188				2
2025.02.25	01:11:39.773		1.26190			4
2025.02.25	01:11:40.080		1.26191			4
2025.02.25	01:11:41.314	1.26186				2
2025.02.25	01:11:41.619		1.26190			4
2025.02.25	01:11:44.680		1.26191			4
2025.02.25	01:11:44.995	1.26188	1.26190			6
2025.02.25	01:11:45.301		1.26189			4
2025.02.25	01:11:47.752	1.26187				2
2025.02.25	01:11:56.677		1.26190			4
2025.02.25	01:11:57.289		1.26189			4
2025.02.25	01:12:00.054	1.26187				2
2025.02.25	01:12:00.365		1.26190			4
2025.02.25	01:12:00.674		1.26189			4
2025.02.25	01:12:09.606	1.26186	1.26187			6
2025.02.25	01:12:09.919	1.26182	1.26186			6
2025.02.25	01:12:10.227		1.26185			4
2025.02.25	01:12:10.532		1.26187			4
2025.02.25	01:12:13.304	1.26181	1.26186			6
2025.02.25	01:12:13.606	1.26180	1.26185			6
2025.02.25	01:12:16.376		1.26184			4
2025.02.25	01:12:17.304		1.26183			4
2025.02.25	01:12:25.927		1.26184			4
2025.02.25	01:12:27.158		1.26183			4
2025.02.25	01:12:28.079		1.26184			4
2025.02.25	01:12:29.934		1.26183			4
2025.02.25	01:12:35.483		1.26184			4
2025.02.25	01:12:36.100		1.26183			4
2025.02.25	01:12:36.716		1.26184			4
2025.02.25	01:12:44.403		1.26183			4
2025.02.25	01:12:45.327		1.26182			4
2025.02.25	01:12:47.815		1.26183			4
2025.02.25	01:12:48.123		1.26182			4
2025.02.25	01:12:49.046		1.26181			4
2025.02.25	01:12:49.969		1.26182			4
2025.02.25	01:12:59.496	1.26179				2
2025.02.25	01:13:00.109	1.26179				2
2025.02.25	01:13:01.651		1.26183			4
2025.02.25	01:13:05.364		1.26182			4
2025.02.25	01:13:06.602		1.26183			4
2025.02.25	01:13:06.909		1.26182			4
2025.02.25	01:13:07.211		1.26181			4
2025.02.25	01:13:07.523	1.26178	1.26180			6
2025.02.25	01:13:07.827	1.26174	1.26178			6
2025.02.25	01:13:08.143		1.26177			4
2025.02.25	01:13:08.756		1.26176			4
2025.02.25	01:13:09.066		1.26178			4
2025.02.25	01:13:11.847		1.26179			4
2025.02.25	01:13:12.764		1.26178			4
2025.02.25	01:13:13.996	1.26173				2
2025.02.25	01:13:28.112		1.26177			4
2025.02.25	01:13:29.649		1.26178			4
2025.02.25	01:13:30.266		1.26176			4
2025.02.25	01:13:30.578		1.26178			4
2025.02.25	01:13:33.039	1.26174	1.26179			6
2025.02.25	01:13:33.349	1.26173	1.26176			6
2025.02.25	01:13:37.049		1.26177			4
2025.02.25	01:13:37.973		1.26176			4
2025.02.25	01:13:46.592		1.26177			4
2025.02.25	01:13:47.828	1.26174	1.26176			6
2025.02.25	01:13:48.442		1.26178			4
2025.02.25	01:13:48.748	1.26173	1.26177			6
2025.02.25	01:13:52.757		1.26176			4
2025.02.25	01:13:53.068		1.26177			4
2025.02.25	01:13:53.376		1.26176			4
2025.02.25	01:13:57.989	1.26174	1.26177			6
2025.02.25	01:13:58.299	1.26172	1.26175			6
2025.02.25	01:13:58.607	1.26171	1.26173			6
2025.02.25	01:13:59.220		1.26174			4
2025.02.25	01:14:00.146	1.26171				2
2025.02.25	01:14:00.763		1.26175			4
2025.02.25	01:14:04.153		1.26174			4
2025.02.25	01:14:06.618		1.26173			4
2025.02.25	01:14:09.704		1.26174			4
2025.02.25	01:14:13.721		1.26175			4
2025.02.25	01:14:14.026		1.26174			4
2025.02.25	01:14:16.179		1.26173			4
2025.02.25	01:14:18.952		1.26172			4
2025.02.25	01:14:19.564		1.26173			4
2025.02.25	01:14:26.024		1.26172			4
2025.02.25	01:14:34.648	1.26170				2
2025.02.25	01:14:43.598		1.26173			4
2025.02.25	01:14:44.217		1.26172			4
2025.02.25	01:14:44.833		1.26173			4
2025.02.25	01:14:45.137		1.26172			4
2025.02.25	01:14:57.793	1.26173	1.26174			6
2025.02.25	01:14:58.713	1.26172	1.26173			6
2025.02.25	01:15:00.249	1.26173	1.26174			6
2025.02.25	01:15:01.172	1.26172	1.26173			6
2025.02.25	01:15:06.109	1.26169	1.26170			6
2025.02.25	01:15:06.725	1.26168	1.26169			6
2025.02.25	01:15:07.644	1.26169	1.26170			6
2025.02.25	01:15:08.263	1.26170	1.26171			6
2025.02.25	01:15:09.805	1.26167	1.26169			6
2025.02.25	01:15:15.370		1.26168			4
2025.02.25	01:15:18.456		1.26169			4
2025.02.25	01:15:19.384	1.26168				2
2025.02.25	01:15:20.308	1.26167				2
2025.02.25	01:15:20.612	1.26168				2
2025.02.25	01:15:21.541	1.26167				2
2025.02.25	01:15:22.776	1.26168				2
2025.02.25	01:15:24.631	1.26167				2
2025.02.25	01:15:25.550		1.26168			4
2025.02.25	01:15:25.855		1.26169			4
2025.02.25	01:15:27.084		1.26168			4
2025.02.25	01:15:27.395	1.26168	1.26169			6
2025.02.25	01:15:28.937	1.26167				2
2025.02.25	01:15:29.246		1.26168			4
2025.02.25	01:15:30.170	1.26166	1.26167			6
2025.02.25	01:15:30.783		1.26168			4
2025.02.25	01:15:31.088	1.26167				2
2025.02.25	01:15:40.347	1.26166	1.26167			6
2025.02.25	01:15:40.658	1.26167	1.26168			6
2025.02.25	01:15:51.128	1.26166	1.26167			6
2025.02.25	01:15:51.437	1.26167	1.26168			6
2025.02.25	01:15:52.368	1.26166	1.26167			6
2025.02.25	01:15:52.989	1.26167	1.26168			6
2025.02.25	01:15:53.295	1.26173	1.26174			6
2025.02.25	01:15:53.605	1.26172	1.26173			6
2025.02.25	01:15:57.597	1.26173	1.26174			6
2025.02.25	01:15:58.519	1.26172	1.26173			6
2025.02.25	01:15:59.754	1.26173	1.26174			6
2025.02.25	01:16:00.060	1.26173				2
2025.02.25	01:16:00.994	1.26172	1.26173			6
2025.02.25	01:16:01.297	1.26173	1.26174			6
2025.02.25	01:16:01.603	1.26172	1.26173			6
2025.02.25	01:16:02.838	1.26173	1.26174			6
2025.02.25	01:16:06.227	1.26172	1.26173			6
2025.02.25	01:16:06.532	1.26173	1.26174			6
2025.02.25	01:16:13.025	1.26172	1.26173			6
2025.02.25	01:16:14.877	1.26173	1.26174			6
2025.02.25	01:16:15.183	1.26172	1.26173			6
2025.02.25	01:16:17.647	1.26173	1.26174			6
2025.02.25	01:16:21.040	1.26172	1.26173			6
2025.02.25	01:16:21.344	1.26173	1.26174			6
2025.02.25	01:16:40.495	1.26172	1.26173			6
2025.02.25	01:16:40.806	1.26173	1.26174			6
2025.02.25	01:16:49.718	1.26172	1.26173			6
2025.02.25	01:16:50.029	1.26173	1.26174			6
2025.02.25	01:16:51.883	1.26174	1.26175			6
2025.02.25	01:16:56.818	1.26173	1.26174			6
2025.02.25	01:16:59.282	1.26174	1.26175			6
2025.02.25	01:17:00.199	1.26173	1.26174			6
2025.02.25	01:17:02.053	1.26174	1.26175			6
2025.02.25	01:17:02.361	1.26173	1.26174			6
2025.02.25	01:17:07.281	1.26174	1.26175			6
2025.02.25	01:17:08.533	1.26173	1.26174			6
2025.02.25	01:17:17.809	1.26174	1.26175			6
2025.02.25	01:17:18.432	1.26175	1.26176			6
2025.02.25	01:17:22.132	1.26174	1.26175			6
2025.02.25	01:17:24.591	1.26175	1.26176			6
2025.02.25	01:17:25.211	1.26174	1.26175			6
2025.02.25	01:17:27.670	1.26175	1.26176			6
2025.02.25	01:17:32.596	1.26173	1.26174			6
2025.02.25	01:17:33.213	1.26172	1.26173			6
2025.02.25	01:17:33.830	1.26173	1.26174			6
2025.02.25	01:17:34.141	1.26172	1.26173			6
2025.02.25	01:17:34.447	1.26173	1.26174			6
2025.02.25	01:17:34.756	1.26172	1.26173			6
2025.02.25	01:17:41.240	1.26173	1.26174			6
2025.02.25	01:17:43.395	1.26172	1.26173			6
2025.02.25	01:17:45.873	1.26173	1.26174			6
2025.02.25	01:17:47.106	1.26172	1.26173			6
2025.02.25	01:18:00.061	1.26172				2
2025.02.25	01:18:10.548	1.26173	1.26174			6
2025.02.25	01:18:13.012	1.26172	1.26173			6
2025.02.25	01:18:14.552	1.26173	1.26174			6
2025.02.25	01:18:17.020	1.26174	1.26175			6
2025.02.25	01:18:17.328	1.26173	1.26174			6
2025.02.25	01:18:30.880	1.26174	1.26175			6
2025.02.25	01:18:33.339	1.26173	1.26174			6
2025.02.25	01:18:33.649	1.26172	1.26173			6
2025.02.25	01:18:33.957	1.26171	1.26172			6
2025.02.25	01:18:41.984	1.26170	1.26171			6
2025.02.25	01:18:42.601	1.26167	1.26168			6
2025.02.25	01:18:42.903		1.26169			4
2025.02.25	01:18:44.443		1.26168			4
2025.02.25	01:18:45.059		1.26169			4
2025.02.25	01:18:45.368	1.26165	1.26168			6
2025.02.25	01:18:45.678	1.26166				2
2025.02.25	01:18:46.608		1.26169			4
2025.02.25	01:18:47.528		1.26168			4
2025.02.25	01:18:47.833		1.26169			4
2025.02.25	01:18:48.760		1.26168			4
2025.02.25	01:18:53.066		1.26169			4
2025.02.25	01:18:53.371		1.26168			4
2025.02.25	01:18:54.917		1.26169			4
2025.02.25	01:18:55.230		1.26168			4
2025.02.25	01:18:55.536	1.26167				2
2025.02.25	01:19:00.146	1.26167				2
2025.02.25	01:19:03.524		1.26169			4
2025.02.25	01:19:05.989	1.26168				2
2025.02.25	01:19:06.913	1.26167	1.26168			6
2025.02.25	01:19:14.274	1.26166	1.26167			6
2025.02.25	01:19:14.582	1.26167	1.26168			6
2025.02.25	01:19:16.730	1.26166	1.26167			6
2025.02.25	01:19:17.033	1.26167	1.26168			6
2025.02.25	01:19:18.883	1.26169	1.26170			6
2025.02.25	01:19:19.505	1.26166	1.26167			6
2025.02.25	01:19:20.130	1.26167	1.26168			6
2025.02.25	01:19:21.365		1.26169			4
2025.02.25	01:19:21.988		1.26168			4
2025.02.25	01:19:22.603	1.26168	1.26169			6
2025.02.25	01:19:23.222	1.26169	1.26170			6
2025.02.25	01:19:25.079	1.26168	1.26169			6
2025.02.25	01:19:26.311	1.26169	1.26170			6
2025.02.25	01:19:26.922	1.26171	1.26172			6
2025.02.25	01:19:29.083	1.26170	1.26171			6
2025.02.25	01:19:29.393	1.26171	1.26172			6
2025.02.25	01:19:32.479	1.26173	1.26174			6
2025.02.25	01:19:32.789	1.26172	1.26173			6
2025.02.25	01:19:33.417	1.26173	1.26174			6
2025.02.25	01:20:00.223	1.26173				2
2025.02.25	01:20:01.151	1.26172				2
2025.02.25	01:20:02.393	1.26182	1.26183			6
2025.02.25	01:20:02.701	1.26180				2
2025.02.25	01:20:03.008		1.26184			4
2025.02.25	01:20:13.492	1.26181	1.26185			6
2025.02.25	01:20:24.892	1.26178	1.26182			6
2025.02.25	01:20:26.425		1.26181			4
2025.02.25	01:20:27.358	1.26179	1.26183			6
2025.02.25	01:20:27.662	1.26181	1.26184			6
2025.02.25	01:20:27.977		1.26183			4
2025.02.25	01:20:28.281		1.26185			4
2025.02.25	01:20:35.395		1.26183			4
2025.02.25	01:20:40.337	1.26179	1.26180			6
2025.02.25	01:20:40.643		1.26181			4
2025.02.25	01:20:42.185		1.26182			4
2025.02.25	01:20:43.728	1.26180				2
2025.02.25	01:20:44.032		1.26183			4
2025.02.25	01:20:53.911	1.26181				2
2025.02.25	01:20:55.761	1.26178	1.26179			6
2025.02.25	01:20:56.680		1.26180			4
2025.02.25	01:21:00.068	1.26179	1.26181			6
2025.02.25	01:21:00.690	1.26177	1.26179			6
2025.02.25	01:21:04.986		1.26178			4
2025.02.25	01:21:05.607		1.26179			4
2025.02.25	01:21:05.912		1.26178			4
2025.02.25	01:21:07.451		1.26179			4
2025.02.25	01:21:10.821	1.26178	1.26180			6
2025.02.25	01:21:11.126	1.26180	1.26182			6
2025.02.25	01:21:11.432	1.26179				2
2025.02.25	01:21:13.887		1.26181			4
2025.02.25	01:21:14.203		1.26182			4
2025.02.25	01:21:16.053	1.26178	1.26180			6
2025.02.25	01:21:18.214		1.26181			4
2025.02.25	01:21:18.833	1.26180	1.26182			6
2025.02.25	01:21:20.063		1.26183			4
2025.02.25	01:21:20.371	1.26181				2
2025.02.25	01:21:31.443	1.26180	1.26181			6
2025.02.25	01:21:31.757		1.26182			4
2025.02.25	01:21:35.743	1.26179				2
2025.02.25	01:21:36.048		1.26180			4
2025.02.25	01:21:38.515	1.26177				2
2025.02.25	01:21:40.355		1.26179			4
2025.02.25	01:21:41.889		1.26180			4
2025.02.25	01:21:43.425	1.26178				2
2025.02.25	01:21:44.356	1.26177				2
2025.02.25	01:21:45.286		1.26179			4
2025.02.25	01:21:45.899	1.26176				2
2025.02.25	01:21:50.213		1.26178			4
2025.02.25	01:21:50.831		1.26179			4
2025.02.25	01:21:53.919	1.26175	1.26177			6
2025.02.25	01:21:54.226		1.26178			4
2025.02.25	01:21:54.534		1.26177			4
2025.02.25	01:21:58.230	1.26177	1.26179			6
2025.02.25	01:21:58.549	1.26176				2
2025.02.25	01:22:00.101	1.26176				2
2025.02.25	01:22:00.405	1.26177				2
2025.02.25	01:22:00.707	1.26176	1.26177			6
2025.02.25	01:22:01.024		1.26178			4
2025.02.25	01:22:03.177		1.26179			4
2025.02.25	01:22:08.419	1.26178	1.26181			6
2025.02.25	01:22:08.721	1.26179				2
2025.02.25	01:22:11.493	1.26178	1.26179			6
2025.02.25	01:22:12.418	1.26177	1.26178			6
2025.02.25	01:22:13.650	1.26179	1.26180			6
2025.02.25	01:22:15.816		1.26181			4
2025.02.25	01:22:17.360		1.26180			4
2025.02.25	01:22:21.068		1.26181			4
2025.02.25	01:22:36.748		1.26182			4
2025.02.25	01:22:37.673		1.26181			4
2025.02.25	01:22:38.297	1.26180				2
2025.02.25	01:22:42.617		1.26182			4
2025.02.25	01:22:47.556	1.26181	1.26183			6
2025.02.25	01:22:48.792	1.26178	1.26181			6
2025.02.25	01:22:49.098	1.26181	1.26183			6
2025.02.25	01:23:00.198	1.26181				2
2025.02.25	01:23:19.915		1.26184			4
2025.02.25	01:23:29.479	1.26182				2
2025.02.25	01:23:33.186	1.26183				2
2025.02.25	01:23:33.488	1.26186	1.26188			6
2025.02.25	01:23:34.737		1.26189			4
2025.02.25	01:23:35.049		1.26188			4
2025.02.25	01:23:35.356		1.26187			4
2025.02.25	01:23:36.584		1.26188			4
2025.02.25	01:23:38.130		1.26187			4
2025.02.25	01:23:39.692		1.26188			4
2025.02.25	01:23:41.242		1.26189			4
2025.02.25	01:23:45.857		1.26188			4
2025.02.25	01:23:48.946	1.26187	1.26189			6
2025.02.25	01:23:49.252	1.26191	1.26192			6
2025.02.25	01:23:49.558		1.26194			4
2025.02.25	01:23:49.863		1.26193			4
2025.02.25	01:23:50.483		1.26194			4
2025.02.25	01:23:52.955		1.26195			4
2025.02.25	01:23:54.185		1.26194			4
2025.02.25	01:23:54.493		1.26195			4
2025.02.25	01:23:55.419		1.26194			4
2025.02.25	01:23:56.356		1.26195			4
2025.02.25	01:23:56.664		1.26194			4
2025.02.25	01:23:57.279		1.26195			4
2025.02.25	01:23:57.893	1.26192	1.26194			6
2025.02.25	01:23:58.509		1.26195			4
2025.02.25	01:23:58.816		1.26194			4
2025.02.25	01:24:00.052	1.26192				2
2025.02.25	01:24:04.371		1.26195			4
2025.02.25	01:24:05.909		1.26194			4
2025.02.25	01:24:11.175		1.26195			4
2025.02.25	01:24:12.701		1.26194			4
2025.02.25	01:24:13.014		1.26195			4
2025.02.25	01:24:13.932		1.26194			4
2025.02.25	01:24:16.382		1.26193			4
2025.02.25	01:24:18.832	1.26191				2
2025.02.25	01:24:19.140		1.26194			4
2025.02.25	01:24:19.441	1.26190	1.26192			6
2025.02.25	01:24:21.599		1.26191			4
2025.02.25	01:24:21.906		1.26192			4
2025.02.25	01:24:23.139		1.26193			4
2025.02.25	01:24:23.450		1.26192			4
2025.02.25	01:24:25.287		1.26193			4
2025.02.25	01:24:25.591		1.26191			4
2025.02.25	01:24:25.899		1.26192			4
2025.02.25	01:24:32.375		1.26193			4
2025.02.25	01:24:34.843		1.26194			4
2025.02.25	01:24:35.153		1.26193			4
2025.02.25	01:24:35.775		1.26192			4
2025.02.25	01:24:41.946	1.26188	1.26190			6
2025.02.25	01:24:44.115		1.26191			4
2025.02.25	01:24:46.282		1.26190			4
2025.02.25	01:24:46.892		1.26191			4
2025.02.25	01:24:47.209	1.26190	1.26192			6
2025.02.25	01:24:47.519		1.26191			4
2025.02.25	01:24:47.824		1.26192			4
2025.02.25	01:24:48.136		1.26193			4
2025.02.25	01:24:48.446		1.26192			4
2025.02.25	01:24:50.604	1.26187	1.26189			6
2025.02.25	01:24:50.907	1.26186	1.26188			6
2025.02.25	01:25:00.182	1.26186				2
2025.02.25	01:25:00.800		1.26187			4
2025.02.25	01:25:01.416	1.26188	1.26190			6
2025.02.25	01:25:01.727		1.26189			4
2025.02.25	01:25:03.269	1.26186				2
2025.02.25	01:25:04.197		1.26188			4
2025.02.25	01:25:05.119		1.26189			4
2025.02.25	01:25:05.425		1.26188			4
2025.02.25	01:25:05.735		1.26187			4
2025.02.25	01:25:11.596		1.26188			4
2025.02.25	01:25:13.134		1.26187			4
2025.02.25	01:25:14.681		1.26188			4
2025.02.25	01:25:15.916		1.26187			4
2025.02.25	01:25:16.225		1.26188			4
2025.02.25	01:25:16.841		1.26187			4
2025.02.25	01:25:17.147		1.26188			4
2025.02.25	01:25:20.231		1.26187			4
2025.02.25	01:25:35.307	1.26184				2
2025.02.25	01:25:35.614	1.26182	1.26184			6
2025.02.25	01:25:37.464		1.26185			4
2025.02.25	01:25:39.307	1.26180	1.26182			6
2025.02.25	01:25:39.623		1.26184			4
2025.02.25	01:25:40.855		1.26183			4
2025.02.25	01:25:41.164	1.26179	1.26182			6
2025.02.25	01:25:41.779	1.26180	1.26183			6
2025.02.25	01:25:42.085	1.26179				2
2025.02.25	01:25:58.145		1.26182			4
2025.02.25	01:26:00.297	1.26179				2
2025.02.25	01:26:01.532	1.26178				2
2025.02.25	01:26:08.644		1.26181			4
2025.02.25	01:26:14.493	1.26179	1.26182			6
2025.02.25	01:26:16.030		1.26181			4
2025.02.25	01:26:17.571		1.26182			4
2025.02.25	01:26:21.252		1.26181			4
2025.02.25	01:26:37.594		1.26180			4
2025.02.25	01:26:38.200		1.26181			4
2025.02.25	01:26:46.509	1.26178	1.26180			6
2025.02.25	01:26:46.817		1.26181			4
2025.02.25	01:26:48.051		1.26182			4
2025.02.25	01:26:48.357		1.26181			4
2025.02.25	01:26:52.670	1.26179				2
2025.02.25	01:26:52.978		1.26182			4
2025.02.25	01:27:00.069	1.26179				2
2025.02.25	01:27:00.375		1.26180			4
2025.02.25	01:27:00.689		1.26181			4
2025.02.25	01:27:07.169		1.26182			4
2025.02.25	01:27:12.077		1.26183			4
2025.02.25	01:27:12.692		1.26182			4
2025.02.25	01:27:14.230		1.26183			4
2025.02.25	01:27:16.076		1.26182			4
2025.02.25	01:27:17.002		1.26183			4
2025.02.25	01:27:21.946		1.26182			4
2025.02.25	01:27:27.193		1.26181			4
2025.02.25	01:27:28.116		1.26182			4
2025.02.25	01:27:29.348		1.26181			4
2025.02.25	01:27:31.188		1.26183			4
2025.02.25	01:27:31.498	1.26175	1.26178			6
2025.02.25	01:27:32.114	1.26174				2
2025.02.25	01:27:32.420	1.26178	1.26182			6
2025.02.25	01:27:40.445	1.26180	1.26184			6
2025.02.25	01:27:41.668		1.26183			4
2025.02.25	01:27:41.984		1.26182			4
2025.02.25	01:27:42.296	1.26178				2
2025.02.25	01:27:43.531	1.26181				2
2025.02.25	01:27:47.522	1.26183	1.26184			6
2025.02.25	01:27:53.093		1.26186			4
2025.02.25	01:27:59.567		1.26185			4
2025.02.25	01:28:00.188	1.26183	1.26186			6
2025.02.25	01:28:01.414		1.26185			4
2025.02.25	01:28:02.646		1.26184			4
2025.02.25	01:28:14.057		1.26185			4
2025.02.25	01:28:38.706		1.26184			4
2025.02.25	01:28:41.481		1.26185			4
2025.02.25	01:28:45.496		1.26184			4
2025.02.25	01:28:51.971		1.26185			4
2025.02.25	01:28:59.667		1.26184			4
2025.02.25	01:29:00.287	1.26183				2
2025.02.25	01:29:04.296		1.26185			4
2025.02.25	01:29:06.771		1.26184			4
2025.02.25	01:29:11.407	1.26184	1.26185			6
2025.02.25	01:29:11.715		1.26186			4
2025.02.25	01:29:38.265	1.26185	1.26187			6
2025.02.25	01:29:43.177	1.26184				2
2025.02.25	01:29:46.846		1.26186			4
2025.02.25	01:29:49.314		1.26185			4
2025.02.25	01:30:00.075	1.26184				2
2025.02.25	01:30:00.382	1.26189	1.26190			6
2025.02.25	01:30:00.684	1.26184	1.26186			6
2025.02.25	01:30:01.294	1.26183				2
2025.02.25	01:30:01.909	1.26182	1.26187			6
2025.02.25	01:30:04.064	1.26185				2
2025.02.25	01:30:04.679	1.26192	1.26193			6
2025.02.25	01:30:05.912	1.26194	1.26196			6
2025.02.25	01:30:29.968		1.26195			4
2025.02.25	01:30:30.596		1.26196			4
2025.02.25	01:30:41.369	1.26193	1.26194			6
2025.02.25	01:30:44.453	1.26192	1.26193			6
2025.02.25	01:30:45.990	1.26193	1.26195			6
2025.02.25	01:30:55.199		1.26197			4
2025.02.25	01:31:00.105	1.26193				2
2025.02.25	01:31:18.596		1.26196			4
2025.02.25	01:31:26.264		1.26197			4
2025.02.25	01:31:32.134		1.26196			4
2025.02.25	01:31:44.148		1.26197			4
2025.02.25	01:31:45.695		1.26198			4
2025.02.25	01:31:47.954		1.26197			4
2025.02.25	01:31:57.493		1.26198			4
2025.02.25	01:31:58.414		1.26197			4
2025.02.25	01:31:59.958		1.26198			4
2025.02.25	01:32:00.260	1.26193				2
2025.02.25	01:32:01.176		1.26197			4
2025.02.25	01:32:05.482		1.26196			4
2025.02.25	01:32:06.708		1.26197			4
2025.02.25	01:32:07.014		1.26196			4
2025.02.25	01:32:10.706		1.26194			4
2025.02.25	01:32:11.011	1.26192				2
2025.02.25	01:32:15.320	1.26190	1.26192			6
2025.02.25	01:32:16.249	1.26192	1.26193			6
2025.02.25	01:32:16.556		1.26194			4
2025.02.25	01:32:17.791		1.26193			4
2025.02.25	01:32:19.935		1.26194			4
2025.02.25	01:32:20.858		1.26193			4
2025.02.25	01:32:32.273	1.26188	1.26191			6
2025.02.25	01:32:33.198		1.26190			4
2025.02.25	01:32:33.508		1.26191			4
2025.02.25	01:32:33.813		1.26190			4
2025.02.25	01:32:42.731	1.26183	1.26186			6
2025.02.25	01:32:43.038	1.26189	1.26190			6
2025.02.25	01:32:44.582		1.26191			4
2025.02.25	01:32:45.197		1.26190			4
2025.02.25	01:32:46.742		1.26191			4
2025.02.25	01:32:47.361		1.26190			4
2025.02.25	01:32:47.663		1.26191			4
2025.02.25	01:32:48.597		1.26192			4
2025.02.25	01:32:49.515		1.26191			4
2025.02.25	01:33:00.293	1.26189				2
2025.02.25	01:33:03.053		1.26190			4
2025.02.25	01:33:11.059	1.26187				2
2025.02.25	01:33:11.364	1.26188				2
2025.02.25	01:33:15.065	1.26189	1.26192			6
2025.02.25	01:33:15.371		1.26190			4
2025.02.25	01:33:16.914		1.26191			4
2025.02.25	01:33:22.162		1.26190			4
2025.02.25	01:33:22.464	1.26188				2
2025.02.25	01:33:32.656	1.26187				2
2025.02.25	01:33:33.912	1.26184	1.26187			6
2025.02.25	01:33:37.616		1.26188			4
2025.02.25	01:33:39.154		1.26187			4
2025.02.25	01:33:44.385	1.26183	1.26185			6
2025.02.25	01:33:53.274	1.26184	1.26187			6
2025.02.25	01:33:55.733		1.26186			4
2025.02.25	01:34:00.036	1.26184				2
2025.02.25	01:34:05.263	1.26183				2
2025.02.25	01:34:07.421		1.26187			4
2025.02.25	01:34:07.734		1.26186			4
2025.02.25	01:34:08.043		1.26187			4
2025.02.25	01:34:08.657		1.26186			4
2025.02.25	01:34:14.513		1.26187			4
2025.02.25	01:34:15.123		1.26188			4
2025.02.25	01:34:15.430		1.26187			4
2025.02.25	01:34:16.354		1.26188			4
2025.02.25	01:34:17.583		1.26187			4
2025.02.25	01:34:18.507		1.26186			4
2025.02.25	01:34:19.108		1.26185			4
2025.02.25	01:34:19.722		1.26186			4
2025.02.25	01:34:20.338		1.26187			4
2025.02.25	01:34:20.645	1.26184	1.26188			6
2025.02.25	01:34:20.967	1.26183	1.26187			6
2025.02.25	01:34:24.971		1.26186			4
2025.02.25	01:34:31.747		1.26187			4
2025.02.25	01:34:33.598	1.26187	1.26188			6
2025.02.25	01:34:33.908	1.26188	1.26191			6
2025.02.25	01:34:34.221	1.26187				2
2025.02.25	01:34:44.084		1.26190			4
2025.02.25	01:34:44.400		1.26191			4
2025.02.25	01:34:48.092		1.26190			4
2025.02.25	01:34:48.397		1.26191			4
2025.02.25	01:34:48.702	1.26186				2
2025.02.25	01:35:00.061	1.26186				2
2025.02.25	01:35:00.371	1.26187				2
2025.02.25	01:35:00.992		1.26190			4
2025.02.25	01:35:01.299	1.26189	1.26194			6
2025.02.25	01:35:01.605	1.26188	1.26193			6
2025.02.25	01:35:01.912	1.26187	1.26191			6
2025.02.25	01:35:02.525		1.26192			4
2025.02.25	01:35:02.838		1.26190			4
2025.02.25	01:35:03.453		1.26191			4
2025.02.25	01:35:04.070		1.26190			4
2025.02.25	01:35:06.532		1.26191			4
2025.02.25	01:35:06.839		1.26190			4
2025.02.25	01:35:08.674		1.26191			4
2025.02.25	01:35:08.981		1.26192			4
2025.02.25	01:35:09.290		1.26191			4
2025.02.25	01:35:16.971		1.26192			4
2025.02.25	01:35:17.890		1.26191			4
2025.02.25	01:35:23.447	1.26190	1.26193			6
2025.02.25	01:35:23.760	1.26192	1.26196			6
2025.02.25	01:35:24.061		1.26197			4
2025.02.25	01:35:25.303		1.26196			4
2025.02.25	01:35:32.721	1.26200	1.26205			6
2025.02.25	01:35:36.730	1.26201				2
2025.02.25	01:35:40.761	1.26200	1.26204			6
2025.02.25	01:35:44.161	1.26198				2
2025.02.25	01:35:45.098		1.26203			4
2025.02.25	01:35:50.646	1.26199	1.26204			6
2025.02.25	01:35:50.948		1.26205			4
2025.02.25	01:35:52.186		1.26204			4
2025.02.25	01:35:53.114		1.26205			4
2025.02.25	01:35:55.584		1.26204			4
2025.02.25	01:35:55.889		1.26205			4
2025.02.25	01:35:56.510	1.26198	1.26202			6
2025.02.25	01:35:56.817	1.26196				2
2025.02.25	01:35:57.128	1.26195				2
2025.02.25	01:36:00.211	1.26195				2
2025.02.25	01:36:06.685	1.26196	1.26203			6
2025.02.25	01:36:07.302		1.26202			4
2025.02.25	01:36:09.770	1.26199	1.26204			6
2025.02.25	01:36:10.078	1.26198	1.26202			6
2025.02.25	01:36:10.379	1.26197	1.26203			6
2025.02.25	01:36:10.690		1.26202			4
2025.02.25	01:36:12.237	1.26196				2
2025.02.25	01:36:18.404	1.26197				2
2025.02.25	01:36:19.022	1.26196				2
2025.02.25	01:36:20.247		1.26201			4
2025.02.25	01:36:21.165		1.26200			4
2025.02.25	01:36:22.393	1.26195				2
2025.02.25	01:36:23.011		1.26201			4
2025.02.25	01:36:24.242		1.26200			4
2025.02.25	01:36:25.165	1.26194				2
2025.02.25	01:36:27.625	1.26197	1.26202			6
2025.02.25	01:36:27.935	1.26196				2
2025.02.25	01:36:28.557	1.26197	1.26203			6
2025.02.25	01:36:28.868	1.26196	1.26202			6
2025.02.25	01:36:30.719	1.26200	1.26205			6
2025.02.25	01:36:31.340	1.26199				2
2025.02.25	01:36:31.956		1.26204			4
2025.02.25	01:36:32.262		1.26205			4
2025.02.25	01:36:32.570	1.26195	1.26200			6
2025.02.25	01:36:33.185	1.26194	1.26199			6
2025.02.25	01:36:34.427	1.26195	1.26201			6
2025.02.25	01:36:35.973		1.26202			4
2025.02.25	01:36:38.128	1.26197	1.26203			6
2025.02.25	01:36:39.669	1.26195	1.26202			6
2025.02.25	01:36:42.757	1.26199	1.26205			6
2025.02.25	01:37:00.014	1.26199				2
2025.02.25	01:37:07.102	1.26198	1.26204			6
2025.02.25	01:37:08.028	1.26197	1.26203			6
2025.02.25	01:37:08.338	1.26198	1.26204			6
2025.02.25	01:37:13.266	1.26197	1.26203			6
2025.02.25	01:37:13.883	1.26196	1.26202			6
2025.02.25	01:37:14.190	1.26197	1.26203			6
2025.02.25	01:37:16.055	1.26195	1.26201			6
2025.02.25	01:37:19.744	1.26194	1.26200			6
2025.02.25	01:37:28.383	1.26191	1.26196			6
2025.02.25	01:37:28.689	1.26194	1.26200			6
2025.02.25	01:37:36.087	1.26195	1.26201			6
2025.02.25	01:37:45.323		1.26200			4
2025.02.25	01:37:46.243	1.26194				2
2025.02.25	01:37:46.548	1.26195	1.26201			6
2025.02.25	01:37:47.473	1.26194	1.26200			6
2025.02.25	01:37:51.155	1.26195				2
2025.02.25	01:37:52.083	1.26194				2
2025.02.25	01:37:56.373	1.26195				2
2025.02.25	01:38:00.051	1.26195				2
2025.02.25	01:38:04.047	1.26193	1.26198			6
2025.02.25	01:38:05.584		1.26196			4
2025.02.25	01:38:05.890	1.26191				2
2025.02.25	01:38:06.197	1.26190	1.26194			6
2025.02.25	01:38:07.120	1.26189				2
2025.02.25	01:38:11.426	1.26187	1.26193			6
2025.02.25	01:38:14.828	1.26189	1.26194			6
2025.02.25	01:38:16.980	1.26185	1.26190			6
2025.02.25	01:38:33.307	1.26187	1.26191			6
2025.02.25	01:38:33.614	1.26186				2
2025.02.25	01:38:35.780	1.26187				2
2025.02.25	01:38:38.252	1.26186				2
2025.02.25	01:38:38.863		1.26192			4
2025.02.25	01:38:40.105	1.26187				2
2025.02.25	01:38:43.194	1.26188				2
2025.02.25	01:38:43.498	1.26187				2
2025.02.25	01:38:47.183	1.26186	1.26190			6
2025.02.25	01:39:00.098	1.26186				2
2025.02.25	01:39:04.397	1.26187	1.26191			6
2025.02.25	01:39:06.243	1.26186	1.26190			6
2025.02.25	01:39:15.507	1.26187				2
2025.02.25	01:39:18.292		1.26192			4
2025.02.25	01:39:18.604	1.26186	1.26191			6
2025.02.25	01:39:18.906	1.26187	1.26192			6
2025.02.25	01:39:19.212	1.26188	1.26193			6
2025.02.25	01:39:24.759	1.26191	1.26195			6
2025.02.25	01:39:25.379	1.26192	1.26196			6
2025.02.25	01:39:28.144	1.26191				2
2025.02.25	01:39:30.302		1.26195			4
2025.02.25	01:39:30.609		1.26196			4
2025.02.25	01:39:49.106	1.26192	1.26195			6
2025.02.25	01:40:00.125	1.26192				2
2025.02.25	01:40:00.439	1.26193				2
2025.02.25	01:40:01.669	1.26192				2
2025.02.25	01:40:05.933	1.26191	1.26194			6
2025.02.25	01:40:10.854	1.26190				2
2025.02.25	01:40:14.866	1.26191				2
2025.02.25	01:40:17.334	1.26190	1.26193			6
2025.02.25	01:40:17.642	1.26188	1.26192			6
2025.02.25	01:40:17.951	1.26187	1.26191			6
2025.02.25	01:40:18.258	1.26186	1.26190			6
2025.02.25	01:40:18.568	1.26185				2
2025.02.25	01:40:18.877	1.26186				2
2025.02.25	01:40:28.131	1.26185	1.26189			6
2025.02.25	01:40:28.432	1.26184	1.26187			6
2025.02.25	01:40:29.363		1.26188			4
2025.02.25	01:40:29.666	1.26185	1.26190			6
2025.02.25	01:40:29.977	1.26186				2
2025.02.25	01:40:31.216	1.26185				2
2025.02.25	01:40:31.525	1.26186				2
2025.02.25	01:40:31.828	1.26185				2
2025.02.25	01:40:32.133	1.26186	1.26191			6
2025.02.25	01:40:41.062		1.26190			4
2025.02.25	01:40:58.592	1.26185	1.26189			6
2025.02.25	01:41:00.139	1.26185				2
2025.02.25	01:41:00.444	1.26186				2
2025.02.25	01:41:00.758	1.26183	1.26187			6
2025.02.25	01:41:01.060	1.26182	1.26186			6
2025.02.25	01:41:01.374		1.26187			4
2025.02.25	01:41:06.612	1.26183				2
2025.02.25	01:41:08.769	1.26182				2
2025.02.25	01:41:14.333		1.26186			4
2025.02.25	01:41:14.647		1.26185			4
2025.02.25	01:41:20.216		1.26186			4
2025.02.25	01:41:20.525	1.26181	1.26185			6
2025.02.25	01:41:30.703	1.26180	1.26184			6
2025.02.25	01:41:45.796	1.26181	1.26185			6
2025.02.25	01:41:50.728	1.26182	1.26186			6
2025.02.25	01:41:51.965	1.26181	1.26185			6
2025.02.25	01:42:00.292	1.26181				2
2025.02.25	01:42:01.218	1.26180	1.26184			6
2025.02.25	01:42:03.380	1.26181	1.26185			6
2025.02.25	01:42:03.688	1.26182	1.26186			6
2025.02.25	01:42:05.226	1.26183				2
2025.02.25	01:42:05.534	1.26182				2
2025.02.25	01:42:13.234	1.26181	1.26185			6
2025.02.25	01:42:16.305	1.26182	1.26186			6
2025.02.25	01:42:18.146	1.26185	1.26188			6
2025.02.25	01:42:18.457	1.26183	1.26187			6
2025.02.25	01:42:19.375		1.26188			4
2025.02.25	01:42:20.290		1.26187			4
2025.02.25	01:42:20.597	1.26182				2
2025.02.25	01:42:21.829		1.26186			4
2025.02.25	01:42:22.135	1.26181				2
2025.02.25	01:42:23.362	1.26183	1.26187			6
2025.02.25	01:42:23.663	1.26182				2
2025.02.25	01:42:24.595		1.26186			4
2025.02.25	01:42:25.516		1.26187			4
2025.02.25	01:42:29.498		1.26186			4
2025.02.25	01:42:30.417		1.26185			4
2025.02.25	01:42:31.648	1.26181				2
2025.02.25	01:43:00.033	1.26181				2
2025.02.25	01:43:00.952	1.26180	1.26184			6
2025.02.25	01:43:01.271	1.26181	1.26185			6
2025.02.25	01:43:02.497	1.26180	1.26184			6
2025.02.25	01:43:12.998	1.26181	1.26185			6
2025.02.25	01:43:21.964	1.26180	1.26184			6
2025.02.25	01:43:29.052	1.26181	1.26185			6
2025.02.25	01:43:37.699	1.26182				2
2025.02.25	01:43:38.002	1.26181				2
2025.02.25	01:43:38.939	1.26182				2
2025.02.25	01:43:44.485	1.26181				2
2025.02.25	01:43:44.796	1.26182				2
2025.02.25	01:43:45.106	1.26181				2
2025.02.25	01:43:47.574	1.26182				2
2025.02.25	01:43:50.361	1.26186	1.26189			6
2025.02.25	01:43:50.664	1.26190	1.26192			6
2025.02.25	01:43:50.972		1.26194			4
2025.02.25	01:43:52.202		1.26195			4
2025.02.25	01:44:00.235	1.26190				2
2025.02.25	01:44:12.261	1.26191				2
2025.02.25	01:44:12.569	1.26190				2
2025.02.25	01:44:13.497		1.26194			4
2025.02.25	01:44:13.801	1.26186	1.26190			6
2025.02.25	01:44:14.105	1.26190	1.26195			6
2025.02.25	01:44:16.272		1.26194			4
2025.02.25	01:44:24.299	1.26191	1.26195			6
2025.02.25	01:44:24.609		1.26196			4
2025.02.25	01:44:25.536		1.26195			4
2025.02.25	01:44:26.765	1.26193	1.26197			6
2025.02.25	01:44:27.069		1.26196			4
2025.02.25	01:44:29.239	1.26192				2
2025.02.25	01:44:29.546	1.26193				2
2025.02.25	01:44:29.853	1.26192				2
2025.02.25	01:44:30.160	1.26193				2
2025.02.25	01:44:30.465	1.26192	1.26197			6
2025.02.25	01:44:30.784	1.26193				2
2025.02.25	01:44:32.327	1.26192	1.26196			6
2025.02.25	01:44:34.182	1.26193	1.26197			6
2025.02.25	01:44:34.486	1.26194	1.26198			6
2025.02.25	01:44:36.643	1.26195	1.26199			6
2025.02.25	01:44:36.950	1.26194	1.26198			6
2025.02.25	01:44:38.495	1.26195	1.26199			6
2025.02.25	01:44:39.729	1.26193				2
2025.02.25	01:44:40.961	1.26200	1.26203			6
2025.02.25	01:44:41.270		1.26205			4
2025.02.25	01:44:41.883		1.26204			4
2025.02.25	01:44:42.194		1.26205			4
2025.02.25	01:44:48.050	1.26201	1.26206			6
2025.02.25	01:44:52.688		1.26207			4
2025.02.25	01:44:52.993		1.26206			4
2025.02.25	01:44:55.458		1.26207			4
2025.02.25	01:44:56.379	1.26210	1.26214			6
2025.02.25	01:44:56.686	1.26211				2
2025.02.25	01:44:56.990	1.26209	1.26213			6
2025.02.25	01:45:00.084	1.26209				2
2025.02.25	01:45:01.009	1.26207	1.26211			6
2025.02.25	01:45:01.319	1.26206				2
2025.02.25	01:45:02.860	1.26208	1.26212			6
2025.02.25	01:45:11.186	1.26207	1.26209			6
2025.02.25	01:45:11.498	1.26205	1.26210			6
2025.02.25	01:45:13.035	1.26203	1.26208			6
2025.02.25	01:45:13.654	1.26202	1.26207			6
2025.02.25	01:45:14.271	1.26201	1.26206			6
2025.02.25	01:45:14.576		1.26207			4
2025.02.25	01:45:14.883	1.26204	1.26208			6
2025.02.25	01:45:15.185	1.26207	1.26210			6
2025.02.25	01:45:19.200	1.26208	1.26211			6
2025.02.25	01:45:22.278		1.26213			4
2025.02.25	01:45:22.586	1.26205	1.26210			6
2025.02.25	01:45:23.204	1.26203	1.26207			6
2025.02.25	01:45:24.137	1.26202	1.26206			6
2025.02.25	01:45:24.441		1.26207			4
2025.02.25	01:45:27.210		1.26206			4
2025.02.25	01:45:27.518		1.26207			4
2025.02.25	01:45:30.894		1.26206			4
2025.02.25	01:45:31.200		1.26207			4
2025.02.25	01:45:31.814	1.26201	1.26205			6
2025.02.25	01:45:32.124	1.26200	1.26204			6
2025.02.25	01:45:32.733		1.26203			4
2025.02.25	01:45:34.889	1.26197	1.26201			6
2025.02.25	01:45:35.193		1.26202			4
2025.02.25	01:45:36.428		1.26200			4
2025.02.25	01:45:40.113	1.26196				2
2025.02.25	01:45:42.269	1.26192	1.26198			6
2025.02.25	01:45:42.571	1.26191	1.26196			6
2025.02.25	01:45:42.875	1.26192				2
2025.02.25	01:45:43.181		1.26198			4
2025.02.25	01:45:43.798	1.26191	1.26196			6
2025.02.25	01:45:47.188	1.26192	1.26197			6
2025.02.25	01:45:49.347	1.26194	1.26198			6
2025.02.25	01:45:49.649	1.26195	1.26200			6
2025.02.25	01:45:49.965	1.26194	1.26198			6
2025.02.25	01:45:50.271	1.26195	1.26200			6
2025.02.25	01:45:50.893	1.26194	1.26199			6
2025.02.25	01:45:51.201	1.26195	1.26200			6
2025.02.25	01:45:55.503	1.26196				2
2025.02.25	01:46:00.097	1.26196				2
2025.02.25	01:46:00.402	1.26195				2
2025.02.25	01:46:01.630	1.26196	1.26202			6
2025.02.25	01:46:03.781	1.26197	1.26203			6
2025.02.25	01:46:04.395		1.26201			4
2025.02.25	01:46:17.638	1.26196	1.26200			6
2025.02.25	01:46:22.281	1.26195				2
2025.02.25	01:46:24.130	1.26193	1.26197			6
2025.02.25	01:46:28.180	1.26195	1.26200			6
2025.02.25	01:46:28.486	1.26194	1.26199			6
2025.02.25	01:46:28.794	1.26195				2
2025.02.25	01:46:33.729		1.26200			4
2025.02.25	01:46:35.586	1.26196				2
2025.02.25	01:46:44.549	1.26197	1.26201			6
2025.02.25	01:46:47.020	1.26199	1.26203			6
2025.02.25	01:47:00.269	1.26199				2
2025.02.25	01:47:09.171	1.26198	1.26202			6
2025.02.25	01:47:10.404	1.26199	1.26203			6
2025.02.25	01:47:15.031	1.26200				2
2025.02.25	01:47:15.340	1.26199				2
2025.02.25	01:47:19.360	1.26201	1.26205			6
2025.02.25	01:47:19.663		1.26203			4
2025.02.25	01:47:25.528	1.26200	1.26204			6
2025.02.25	01:47:26.138	1.26201				2
2025.02.25	01:47:31.948	1.26200	1.26203			6
2025.02.25	01:47:32.254	1.26199				2
2025.02.25	01:47:32.558		1.26202			4
2025.02.25	01:47:33.166		1.26203			4
2025.02.25	01:47:34.396		1.26202			4
2025.02.25	01:47:35.929	1.26200	1.26203			6
2025.02.25	01:47:38.687	1.26199				2
2025.02.25	01:47:39.304	1.26201	1.26204			6
2025.02.25	01:47:46.030	1.26202	1.26206			6
2025.02.25	01:47:54.853	1.26201	1.26205			6
2025.02.25	01:47:56.078		1.26204			4
2025.02.25	01:48:00.063	1.26201				2
2025.02.25	01:48:00.366		1.26205			4
2025.02.25	01:48:00.671	1.26202	1.26206			6
2025.02.25	01:48:01.277		1.26205			4
2025.02.25	01:48:07.706		1.26206			4
2025.02.25	01:48:19.446	1.26207	1.26209			6
2025.02.25	01:48:19.752	1.26206				2
2025.02.25	01:48:20.361	1.26205	1.26208			6
2025.02.25	01:48:20.670	1.26203	1.26206			6
2025.02.25	01:48:29.916		1.26205			4
2025.02.25	01:48:30.222		1.26206			4
2025.02.25	01:48:30.841	1.26202	1.26205			6
2025.02.25	01:48:31.151	1.26203				2
2025.02.25	01:48:31.461		1.26206			4
2025.02.25	01:48:32.076		1.26205			4
2025.02.25	01:48:40.107	1.26202				2
2025.02.25	01:48:41.039	1.26203				2
2025.02.25	01:48:42.267	1.26202				2
2025.02.25	01:48:45.646	1.26203				2
2025.02.25	01:48:45.956		1.26206			4
2025.02.25	01:48:52.116	1.26202	1.26205			6
2025.02.25	01:48:57.051	1.26201				2
2025.02.25	01:48:57.359		1.26203			4
2025.02.25	01:48:59.811	1.26200	1.26202			6
2025.02.25	01:49:00.119	1.26200				2
2025.02.25	01:49:04.733		1.26201			4
2025.02.25	01:49:05.347		1.26202			4
2025.02.25	01:49:05.654	1.26196	1.26199			6
2025.02.25	01:49:20.789	1.26194	1.26196			6
2025.02.25	01:49:21.098	1.26191	1.26195			6
2025.02.25	01:49:21.412		1.26194			4
2025.02.25	01:50:00.011	1.26191				2
2025.02.25	01:50:02.154		1.26193			4
2025.02.25	01:50:06.417		1.26194			4
2025.02.25	01:50:10.384		1.26193			4
2025.02.25	01:50:12.542		1.26192			4
2025.02.25	01:50:15.906	1.26190				2
2025.02.25	01:50:18.644	1.26191				2
2025.02.25	01:50:19.564	1.26186	1.26187			6
2025.02.25	01:50:19.873	1.26181	1.26184			6
2025.02.25	01:50:20.492	1.26182				2
2025.02.25	01:50:21.099		1.26185			4
2025.02.25	01:50:22.320	1.26183	1.26186			6
2025.02.25	01:50:24.175	1.26182	1.26185			6
2025.02.25	01:50:24.797	1.26183	1.26186			6
2025.02.25	01:50:25.104	1.26182	1.26185			6
2025.02.25	01:50:25.724	1.26183	1.26186			6
2025.02.25	01:50:33.742	1.26186	1.26189			6
2025.02.25	01:50:34.045	1.26187				2
2025.02.25	01:50:34.668	1.26188	1.26190			6
2025.02.25	01:50:38.673		1.26189			4
2025.02.25	01:50:38.977		1.26192			4
2025.02.25	01:50:39.285	1.26184	1.26187			6
2025.02.25	01:50:39.592	1.26183				2
2025.02.25	01:50:39.901	1.26185	1.26188			6
2025.02.25	01:50:40.825	1.26183	1.26186			6
2025.02.25	01:50:43.597	1.26186	1.26189			6
2025.02.25	01:50:55.318	1.26188	1.26191			6
2025.02.25	01:51:00.236	1.26188				2
2025.02.25	01:51:15.643	1.26186				2
2025.02.25	01:51:15.947	1.26185	1.26188			6
2025.02.25	01:51:16.874	1.26186	1.26189			6
2025.02.25	01:51:17.794	1.26185	1.26188			6
2025.02.25	01:51:20.083	1.26183	1.26186			6
2025.02.25	01:51:26.559	1.26185	1.26188			6
2025.02.25	01:51:29.956	1.26183	1.26186			6
2025.02.25	01:51:37.961	1.26182	1.26187			6
2025.02.25	01:51:43.182		1.26186			4
2025.02.25	01:51:43.494		1.26187			4
2025.02.25	01:51:51.175	1.26181	1.26186			6
2025.02.25	01:51:53.925		1.26185			4
2025.02.25	01:51:59.153		1.26184			4
2025.02.25	01:52:00.075	1.26181				2
2025.02.25	01:52:02.855		1.26185			4
2025.02.25	01:52:04.398	1.26182				2
2025.02.25	01:52:04.706	1.26181				2
2025.02.25	01:52:15.143		1.26184			4
2025.02.25	01:52:19.114		1.26183			4
2025.02.25	01:52:22.182		1.26184			4
2025.02.25	01:52:22.798		1.26185			4
2025.02.25	01:52:24.638		1.26184			4
2025.02.25	01:52:36.878		1.26185			4
2025.02.25	01:52:37.792		1.26184			4
2025.02.25	01:52:40.875		1.26183			4
2025.02.25	01:52:48.242		1.26182			4
2025.02.25	01:52:50.694		1.26183			4
2025.02.25	01:52:50.997		1.26184			4
2025.02.25	01:52:51.304	1.26182				2
2025.02.25	01:52:52.224		1.26185			4
2025.02.25	01:52:53.774	1.26181				2
2025.02.25	01:52:54.390		1.26184			4
2025.02.25	01:52:54.694		1.26183			4
2025.02.25	01:52:55.296		1.26184			4
2025.02.25	01:52:56.210		1.26183			4
2025.02.25	01:52:58.334		1.26184			4
2025.02.25	01:53:00.160	1.26181				2
2025.02.25	01:53:03.854		1.26183			4
2025.02.25	01:53:04.165		1.26184			4
2025.02.25	01:53:05.380	1.26182	1.26185			6
2025.02.25	01:53:05.686		1.26184			4
2025.02.25	01:53:06.598		1.26185			4
2025.02.25	01:53:06.901		1.26184			4
2025.02.25	01:53:10.271	1.26181				2
2025.02.25	01:53:11.495		1.26183			4
2025.02.25	01:53:11.804		1.26184			4
2025.02.25	01:53:13.645		1.26183			4
2025.02.25	01:53:13.955		1.26184			4
2025.02.25	01:53:14.261		1.26183			4
2025.02.25	01:53:14.567		1.26184			4
2025.02.25	01:53:15.794		1.26183			4
2025.02.25	01:53:16.096		1.26184			4
2025.02.25	01:53:17.007		1.26183			4
2025.02.25	01:53:20.383		1.26184			4
2025.02.25	01:53:27.728		1.26183			4
2025.02.25	01:53:28.030	1.26180				2
2025.02.25	01:53:28.331	1.26181	1.26184			6
2025.02.25	01:53:31.998	1.26180	1.26183			6
2025.02.25	01:53:32.312	1.26181	1.26184			6
2025.02.25	01:53:37.805	1.26180	1.26183			6
2025.02.25	01:53:39.952	1.26176	1.26179			6
2025.02.25	01:53:40.260		1.26180			4
2025.02.25	01:53:48.572	1.26181	1.26184			6
2025.02.25	01:53:50.420	1.26180				2
2025.02.25	01:53:51.656	1.26178	1.26185			6
2025.02.25	01:53:52.577	1.26179				2
2025.02.25	01:53:53.813	1.26178				2
2025.02.25	01:53:54.121	1.26179				2
2025.02.25	01:53:59.052	1.26178				2
2025.02.25	01:53:59.358	1.26179				2
2025.02.25	01:54:00.288	1.26179				2
2025.02.25	01:54:01.211		1.26184			4
2025.02.25	01:54:01.519		1.26185			4
2025.02.25	01:54:02.140		1.26184			4
2025.02.25	01:54:02.450		1.26185			4
2025.02.25	01:54:02.759		1.26184			4
2025.02.25	01:54:05.228	1.26180				2
2025.02.25	01:54:05.533		1.26185			4
2025.02.25	01:54:06.762		1.26184			4
2025.02.25	01:54:07.371		1.26185			4
2025.02.25	01:54:11.055	1.26182				2
2025.02.25	01:54:11.364	1.26181				2
2025.02.25	01:54:13.510		1.26186			4
2025.02.25	01:54:15.665		1.26185			4
2025.02.25	01:54:28.566	1.26180				2
2025.02.25	01:54:33.181		1.26184			4
2025.02.25	01:54:40.569		1.26183			4
2025.02.25	01:54:41.188	1.26181	1.26184			6
2025.02.25	01:55:00.271	1.26181				2
2025.02.25	01:55:31.448	1.26179	1.26182			6
2025.02.25	01:55:46.719	1.26180	1.26183			6
2025.02.25	01:55:48.264	1.26179	1.26182			6
2025.02.25	01:55:49.183	1.26174	1.26177			6
2025.02.25	01:55:49.490	1.26173	1.26176			6
2025.02.25	01:55:49.797	1.26165	1.26168			6
2025.02.25	01:55:50.107	1.26166	1.26170			6
2025.02.25	01:55:50.725		1.26171			4
2025.02.25	01:55:51.031	1.26161	1.26165			6
2025.02.25	01:55:51.648	1.26162	1.26166			6
2025.02.25	01:55:54.726	1.26161				2
2025.02.25	01:55:56.573		1.26165			4
2025.02.25	01:55:57.801	1.26160				2
2025.02.25	01:55:58.116	1.26161				2
2025.02.25	01:56:00.265	1.26161				2
2025.02.25	01:56:03.358	1.26162	1.26166			6
2025.02.25	01:56:06.456	1.26161	1.26165			6
2025.02.25	01:56:06.762	1.26162	1.26166			6
2025.02.25	01:56:08.923	1.26161				2
2025.02.25	01:56:09.228		1.26165			4
2025.02.25	01:56:09.855	1.26162	1.26166			6
2025.02.25	01:56:11.078	1.26161				2
2025.02.25	01:56:11.392		1.26165			4
2025.02.25	01:56:12.629		1.26166			4
2025.02.25	01:56:13.248		1.26165			4
2025.02.25	01:56:14.797	1.26160	1.26164			6
2025.02.25	01:56:17.268	1.26159				2
2025.02.25	01:56:17.883		1.26163			4
2025.02.25	01:56:18.186	1.26160	1.26164			6
2025.02.25	01:56:20.964	1.26159				2
2025.02.25	01:56:24.672	1.26158	1.26163			6
2025.02.25	01:56:25.289	1.26159	1.26164			6
2025.02.25	01:56:26.212	1.26158	1.26163			6
2025.02.25	01:56:26.518	1.26159				2
2025.02.25	01:56:26.822	1.26160	1.26164			6
2025.02.25	01:56:27.130	1.26161	1.26165			6
2025.02.25	01:56:27.438	1.26160	1.26164			6
2025.02.25	01:56:28.356	1.26161	1.26165			6
2025.02.25	01:56:28.662	1.26160	1.26164			6
2025.02.25	01:56:30.502		1.26165			4
2025.02.25	01:56:30.803		1.26164			4
2025.02.25	01:56:33.264	1.26161	1.26165			6
2025.02.25	01:56:33.570	1.26160	1.26164			6
2025.02.25	01:56:34.182		1.26165			4
2025.02.25	01:56:35.412	1.26161				2
2025.02.25	01:56:38.797	1.26162	1.26166			6
2025.02.25	01:56:40.341		1.26165			4
2025.02.25	01:56:41.262	1.26161				2
2025.02.25	01:56:51.726	1.26160	1.26164			6
2025.02.25	01:56:52.651	1.26161				2
2025.02.25	01:56:52.960	1.26160				2
2025.02.25	01:56:53.269	1.26161				2
2025.02.25	01:56:55.111		1.26165			4
2025.02.25	01:57:00.042	1.26161				2
2025.02.25	01:57:01.579	1.26164	1.26167			6
2025.02.25	01:57:01.886	1.26167	1.26170			6
2025.02.25	01:57:05.902	1.26166				2
2025.02.25	01:57:06.208		1.26168			4
2025.02.25	01:57:08.668	1.26163	1.26164			6
2025.02.25	01:57:08.977	1.26161	1.26163			6
2025.02.25	01:57:12.674	1.26162				2
2025.02.25	01:57:13.296	1.26163	1.26164			6
2025.02.25	01:57:16.071	1.26162	1.26163			6
2025.02.25	01:57:16.687	1.26163	1.26164			6
2025.02.25	01:57:17.299	1.26162	1.26163			6
2025.02.25	01:57:17.604	1.26163	1.26164			6
2025.02.25	01:57:17.907	1.26161	1.26163			6
2025.02.25	01:57:23.465		1.26162			4
2025.02.25	01:57:23.771	1.26160				2
2025.02.25	01:57:24.078	1.26159	1.26160			6
2025.02.25	01:57:30.248		1.26161			4
2025.02.25	01:57:30.561	1.26166	1.26167			6
2025.02.25	01:57:33.019		1.26168			4
2025.02.25	01:57:36.410	1.26169	1.26170			6
2025.02.25	01:57:36.717	1.26173	1.26174			6
2025.02.25	01:57:39.492	1.26171	1.26173			6
2025.02.25	01:57:39.796		1.26172			4
2025.02.25	01:57:42.260	1.26170				2
2025.02.25	01:57:44.721	1.26171				2
2025.02.25	01:57:45.340	1.26169				2
2025.02.25	01:57:45.645	1.26168	1.26170			6
2025.02.25	01:57:46.261	1.26172	1.26173			6
2025.02.25	01:57:47.494	1.26171	1.26172			6
2025.02.25	01:57:47.799	1.26170				2
2025.02.25	01:57:48.110	1.26169				2
2025.02.25	01:58:00.135	1.26169				2
2025.02.25	01:58:00.755	1.26167	1.26168			6
2025.02.25	01:58:02.297		1.26169			4
2025.02.25	01:58:02.609	1.26170	1.26172			6
2025.02.25	01:58:02.917	1.26169				2
2025.02.25	01:58:09.409	1.26170				2
2025.02.25	01:58:09.711	1.26171				2
2025.02.25	01:58:10.018	1.26168	1.26169			6
2025.02.25	01:58:15.240	1.26171	1.26172			6
2025.02.25	01:58:15.545	1.26170				2
2025.02.25	01:58:19.213	1.26171				2
2025.02.25	01:58:19.521	1.26170				2
2025.02.25	01:58:21.975	1.26171				2
2025.02.25	01:58:22.281	1.26170				2
2025.02.25	01:58:22.586	1.26171				2
2025.02.25	01:58:31.787	1.26170				2
2025.02.25	01:58:32.097	1.26171				2
2025.02.25	01:58:32.707	1.26170				2
2025.02.25	01:58:37.007		1.26171			4
2025.02.25	01:58:38.245	1.26171	1.26172			6
2025.02.25	01:58:38.857	1.26170				2
2025.02.25	01:58:39.165	1.26168	1.26169			6
2025.02.25	01:58:39.469		1.26170			4
2025.02.25	01:58:44.989	1.26169				2
2025.02.25	01:58:45.911		1.26171			4
2025.02.25	01:58:49.930	1.26168	1.26169			6
2025.02.25	01:58:50.238	1.26169	1.26170			6
2025.02.25	01:58:52.081	1.26170	1.26171			6
2025.02.25	01:58:55.147	1.26168	1.26170			6
2025.02.25	01:58:55.450	1.26169				2
2025.02.25	01:58:58.201	1.26166	1.26167			6
2025.02.25	01:59:00.027	1.26166				2
2025.02.25	01:59:02.167	1.26163	1.26164			6
2025.02.25	01:59:02.468	1.26169	1.26170			6
2025.02.25	01:59:02.782	1.26167	1.26168			6
2025.02.25	01:59:03.083	1.26166				2
2025.02.25	01:59:07.100		1.26167			4
2025.02.25	01:59:12.348		1.26168			4
2025.02.25	01:59:17.270	1.26169	1.26170			6
2025.02.25	01:59:17.579	1.26165	1.26167			6
2025.02.25	01:59:18.199	1.26163	1.26165			6
2025.02.25	01:59:19.129	1.26164				2
2025.02.25	01:59:19.750	1.26163				2
2025.02.25	01:59:24.997	1.26166	1.26167			6
2025.02.25	01:59:27.765	1.26167	1.26168			6
2025.02.25	01:59:29.928	1.26164	1.26167			6
2025.02.25	01:59:30.235	1.26165	1.26169			6
2025.02.25	01:59:30.541	1.26166				2
2025.02.25	01:59:30.849	1.26165				2
2025.02.25	01:59:33.310	1.26166				2
2025.02.25	01:59:41.925	1.26165				2
2025.02.25	01:59:46.241	1.26166				2
2025.02.25	01:59:46.854	1.26171	1.26173			6
2025.02.25	01:59:47.171	1.26170				2
2025.02.25	01:59:48.392	1.26171				2
2025.02.25	01:59:53.009	1.26172	1.26174			6
2025.02.25	01:59:57.006	1.26174	1.26175			6
2025.02.25	01:59:57.316	1.26172	1.26174			6
2025.02.25	01:59:59.779	1.26170				2
2025.02.25	02:00:00.080	1.26171				2
2025.02.25	02:00:00.395	1.26170				2
2025.02.25	02:00:02.293	1.26168				2
2025.02.25	02:00:02.596	1.26170				2
2025.02.25	02:00:02.906	1.26172	1.26176			6
2025.02.25	02:00:03.219	1.26178	1.26184			6
2025.02.25	02:00:03.835	1.26175	1.26180			6
2025.02.25	02:00:04.137	1.26179	1.26184			6
2025.02.25	02:00:04.457	1.26178				2
2025.02.25	02:00:05.370	1.26179	1.26185			6
2025.02.25	02:00:05.688		1.26183			4
2025.02.25	02:00:08.165		1.26184			4
2025.02.25	02:00:10.939		1.26183			4
2025.02.25	02:00:11.244		1.26184			4
2025.02.25	02:00:17.104		1.26183			4
2025.02.25	02:00:17.712		1.26184			4
2025.02.25	02:00:18.337	1.26180				2
2025.02.25	02:00:18.650	1.26182	1.26186			6
2025.02.25	02:00:19.577	1.26181	1.26185			6
2025.02.25	02:00:19.884	1.26182				2
2025.02.25	02:00:20.506	1.26181				2
2025.02.25	02:00:21.120	1.26183				2
2025.02.25	02:00:21.424	1.26185	1.26188			6
2025.02.25	02:00:22.359	1.26181	1.26186			6
2025.02.25	02:00:24.813		1.26185			4
2025.02.25	02:00:25.119	1.26180				2
2025.02.25	02:00:26.047		1.26184			4
