<DATE>	<TIME>	<BID>	<ASK>	<LAST>	<VOLUME>	<FLAGS>
2025.12.30	00:03:30.654	1.35047	1.35138			6
2025.12.30	00:04:00.257	1.35027				2
2025.12.30	00:04:30.687		1.35138			4
2025.12.30	00:05:00.221	1.35027				2
2025.12.30	00:05:00.841	1.35017	1.35127			6
2025.12.30	00:05:01.770	1.35043	1.35138			6
2025.12.30	00:05:03.633	1.35044				2
2025.12.30	00:05:05.169		1.35116			4
2025.12.30	00:05:06.395	1.35035				2
2025.12.30	00:05:08.854	1.35030				2
2025.12.30	00:05:09.471	1.35034	1.35112			6
2025.12.30	00:05:09.778	1.35033	1.35110			6
2025.12.30	00:05:11.625	1.35034				2
2025.12.30	00:05:11.933	1.35027	1.35123			6
2025.12.30	00:05:24.914		1.35120			4
2025.12.30	00:05:26.153		1.35138			4
2025.12.30	00:05:28.313		1.35137			4
2025.12.30	00:05:29.240		1.35138			4
2025.12.30	00:05:30.175	1.35028				2
2025.12.30	00:05:30.787	1.35030				2
2025.12.30	00:05:31.100	1.35027				2
2025.12.30	00:05:32.331		1.35130			4
2025.12.30	00:05:36.350		1.35136			4
2025.12.30	00:05:41.290		1.35130			4
2025.12.30	00:05:41.904		1.35135			4
2025.12.30	00:05:43.754		1.35130			4
2025.12.30	00:05:50.245		1.35135			4
2025.12.30	00:05:54.263		1.35130			4
2025.12.30	00:06:00.121	1.35027				2
2025.12.30	00:06:12.163		1.35133			4
2025.12.30	00:06:16.176		1.35131			4
2025.12.30	00:06:24.210		1.35128			4
2025.12.30	00:06:36.249		1.35127			4
2025.12.30	00:07:00.135	1.35027				2
2025.12.30	00:07:00.750	1.35035				2
2025.12.30	00:07:16.501	1.35027				2
2025.12.30	00:07:23.294	1.35017	1.35110			6
2025.12.30	00:07:23.605	1.35018				2
2025.12.30	00:07:26.677	1.35024				2
2025.12.30	00:07:27.601	1.35022				2
2025.12.30	00:07:32.854	1.35026				2
2025.12.30	00:07:39.939	1.35019				2
2025.12.30	00:07:50.757	1.35021				2
2025.12.30	00:07:51.063	1.35025				2
2025.12.30	00:07:52.304		1.35116			4
2025.12.30	00:07:55.693	1.35019	1.35113			6
2025.12.30	00:07:58.462	1.35017	1.35111			6
2025.12.30	00:07:58.770		1.35110			4
2025.12.30	00:07:59.076	1.35021	1.35116			6
2025.12.30	00:07:59.392	1.35020				2
2025.12.30	00:07:59.697	1.35017	1.35119			6
2025.12.30	00:08:00.005	1.35017				2
2025.12.30	00:08:02.158		1.35116			4
2025.12.30	00:08:06.188		1.35117			4
2025.12.30	00:08:08.340		1.35114			4
2025.12.30	00:08:13.272		1.35111			4
2025.12.30	00:08:22.237		1.35109			4
2025.12.30	00:08:28.101		1.35111			4
2025.12.30	00:08:59.335		1.35106			4
2025.12.30	00:09:00.258	1.35017				2
2025.12.30	00:09:09.231		1.35111			4
2025.12.30	00:09:13.871		1.35106			4
2025.12.30	00:09:24.096		1.35111			4
2025.12.30	00:09:38.301	1.35041				2
2025.12.30	00:09:38.680	1.35017				2
2025.12.30	00:09:38.995	1.35041				2
2025.12.30	00:09:39.897	1.35017				2
2025.12.30	00:09:40.199	1.35041				2
2025.12.30	00:09:41.727	1.35017				2
2025.12.30	00:10:00.252	1.35017	1.35115			6
2025.12.30	00:10:02.420		1.35107			4
2025.12.30	00:10:07.986		1.35121			4
2025.12.30	00:10:08.927		1.35114			4
2025.12.30	00:10:16.349		1.35115			4
2025.12.30	00:10:16.964		1.35114			4
2025.12.30	00:10:21.602		1.35116			4
2025.12.30	00:10:24.373		1.35120			4
2025.12.30	00:10:29.030		1.35121			4
2025.12.30	00:10:34.615		1.35114			4
2025.12.30	00:10:46.713		1.35116			4
2025.12.30	00:10:47.653		1.35109			4
2025.12.30	00:10:52.924		1.35117			4
2025.12.30	00:11:00.082	1.35017				2
2025.12.30	00:11:00.386		1.35111			4
2025.12.30	00:11:01.639		1.35113			4
2025.12.30	00:11:07.832		1.35117			4
2025.12.30	00:11:08.142		1.35114			4
2025.12.30	00:11:09.383		1.35113			4
2025.12.30	00:11:14.352		1.35115			4
2025.12.30	00:11:15.601		1.35114			4
2025.12.30	00:11:16.524		1.35104			4
2025.12.30	00:11:17.451		1.35113			4
2025.12.30	00:11:21.784		1.35112			4
2025.12.30	00:11:24.884		1.35111			4
2025.12.30	00:12:00.104	1.35017				2
2025.12.30	00:12:03.804		1.35113			4
2025.12.30	00:12:05.964		1.35112			4
2025.12.30	00:12:11.212		1.35113			4
2025.12.30	00:12:34.489		1.35117			4
2025.12.30	00:12:41.626		1.35116			4
2025.12.30	00:12:46.876		1.35117			4
2025.12.30	00:12:53.671		1.35116			4
2025.12.30	00:12:58.941		1.35117			4
2025.12.30	00:13:00.176	1.35017				2
2025.12.30	00:13:32.975		1.35116			4
2025.12.30	00:13:37.934		1.35115			4
2025.12.30	00:13:38.552		1.35116			4
2025.12.30	00:13:40.403		1.35114			4
2025.12.30	00:13:41.025		1.35115			4
2025.12.30	00:13:42.268		1.35114			4
2025.12.30	00:13:50.346		1.35115			4
2025.12.30	00:13:58.724		1.35114			4
2025.12.30	00:13:59.662		1.35115			4
2025.12.30	00:14:00.285	1.35017				2
2025.12.30	00:14:01.837		1.35114			4
2025.12.30	00:14:11.717		1.35113			4
2025.12.30	00:14:16.661		1.35115			4
2025.12.30	00:14:17.281		1.35105			4
2025.12.30	00:14:17.898		1.35104			4
2025.12.30	00:14:22.529		1.35105			4
2025.12.30	00:14:27.472		1.35104			4
2025.12.30	00:14:30.252		1.35106			4
2025.12.30	00:14:32.107		1.35111			4
2025.12.30	00:14:33.953		1.35112			4
2025.12.30	00:15:00.196	1.35017	1.35110			6
2025.12.30	00:15:01.736		1.35109			4
2025.12.30	00:15:02.356		1.35108			4
2025.12.30	00:15:03.600		1.35107			4
2025.12.30	00:15:15.341		1.35108			4
2025.12.30	00:15:23.693		1.35111			4
2025.12.30	00:15:24.306		1.35108			4
2025.12.30	00:15:24.924		1.35111			4
2025.12.30	00:15:25.236		1.35110			4
2025.12.30	00:15:25.852		1.35108			4
2025.12.30	00:15:26.470		1.35111			4
2025.12.30	00:15:26.786		1.35109			4
2025.12.30	00:15:27.411		1.35111			4
2025.12.30	00:15:28.033		1.35109			4
2025.12.30	00:15:28.335		1.35111			4
2025.12.30	00:15:28.953		1.35109			4
2025.12.30	00:15:29.574		1.35111			4
2025.12.30	00:15:30.187		1.35109			4
2025.12.30	00:15:30.498		1.35111			4
2025.12.30	00:15:31.123		1.35109			4
2025.12.30	00:15:31.734		1.35111			4
2025.12.30	00:15:32.353		1.35109			4
2025.12.30	00:15:32.668		1.35111			4
2025.12.30	00:15:33.281		1.35109			4
2025.12.30	00:15:33.900		1.35111			4
2025.12.30	00:15:34.823		1.35110			4
2025.12.30	00:15:35.140		1.35111			4
2025.12.30	00:15:35.764		1.35110			4
2025.12.30	00:15:36.370		1.35111			4
2025.12.30	00:15:36.682		1.35110			4
2025.12.30	00:15:37.304		1.35111			4
2025.12.30	00:15:38.228		1.35110			4
2025.12.30	00:15:38.533		1.35111			4
2025.12.30	00:15:39.154		1.35110			4
2025.12.30	00:15:39.771		1.35111			4
2025.12.30	00:15:41.004		1.35110			4
2025.12.30	00:15:41.622		1.35111			4
2025.12.30	00:15:41.930		1.35110			4
2025.12.30	00:15:42.547		1.35111			4
2025.12.30	00:15:43.169		1.35110			4
2025.12.30	00:15:44.714		1.35111			4
2025.12.30	00:15:45.329		1.35110			4
2025.12.30	00:15:45.637		1.35111			4
2025.12.30	00:15:47.184		1.35110			4
2025.12.30	00:15:47.803		1.35111			4
2025.12.30	00:15:48.416		1.35110			4
2025.12.30	00:15:49.034		1.35111			4
2025.12.30	00:15:49.339		1.35110			4
2025.12.30	00:15:49.953		1.35111			4
2025.12.30	00:15:50.569		1.35110			4
2025.12.30	00:15:50.874		1.35111			4
2025.12.30	00:15:53.342		1.35110			4
2025.12.30	00:15:53.963		1.35111			4
2025.12.30	00:16:00.117	1.35017				2
2025.12.30	00:16:54.121		1.35111			4
2025.12.30	00:17:00.273	1.35017				2
2025.12.30	00:17:54.325		1.35111			4
2025.12.30	00:18:00.202	1.35017				2
2025.12.30	00:18:19.054		1.35109			4
2025.12.30	00:18:25.849		1.35108			4
2025.12.30	00:18:30.786	1.35020	1.35109			6
2025.12.30	00:18:31.710		1.35110			4
2025.12.30	00:18:34.802		1.35109			4
2025.12.30	00:18:35.728		1.35108			4
2025.12.30	00:18:40.995		1.35110			4
2025.12.30	00:18:56.741		1.35111			4
2025.12.30	00:19:00.171	1.35020				2
2025.12.30	00:19:03.376		1.35110			4
2025.12.30	00:19:04.003		1.35111			4
2025.12.30	00:19:09.710		1.35110			4
2025.12.30	00:19:10.025		1.35109			4
2025.12.30	00:19:11.880		1.35111			4
2025.12.30	00:19:13.231		1.35109			4
2025.12.30	00:19:32.389		1.35111			4
2025.12.30	00:19:59.990		1.35113			4
2025.12.30	00:20:00.296	1.35020				2
2025.12.30	00:20:04.001		1.35114			4
2025.12.30	00:20:06.731		1.35113			4
2025.12.30	00:20:07.054		1.35114			4
2025.12.30	00:20:07.779		1.35113			4
2025.12.30	00:20:08.096		1.35114			4
2025.12.30	00:20:08.882		1.35113			4
2025.12.30	00:20:09.189		1.35114			4
2025.12.30	00:20:10.053		1.35113			4
2025.12.30	00:20:10.666		1.35111			4
2025.12.30	00:20:10.987		1.35113			4
2025.12.30	00:20:11.599		1.35111			4
2025.12.30	00:20:12.212		1.35113			4
2025.12.30	00:20:12.831		1.35111			4
2025.12.30	00:20:13.446		1.35113			4
2025.12.30	00:20:13.757		1.35111			4
2025.12.30	00:20:14.374		1.35113			4
2025.12.30	00:20:14.681		1.35111			4
2025.12.30	00:20:15.302		1.35113			4
2025.12.30	00:20:15.919		1.35111			4
2025.12.30	00:20:16.536		1.35113			4
2025.12.30	00:20:16.846		1.35111			4
2025.12.30	00:20:17.157		1.35113			4
2025.12.30	00:20:18.389		1.35112			4
2025.12.30	00:20:18.695		1.35114			4
2025.12.30	00:20:19.188		1.35112			4
2025.12.30	00:20:19.796		1.35114			4
2025.12.30	00:20:20.303		1.35112			4
2025.12.30	00:20:20.933		1.35114			4
2025.12.30	00:20:21.473		1.35112			4
2025.12.30	00:20:22.086		1.35114			4
2025.12.30	00:20:22.395		1.35112			4
2025.12.30	00:20:24.246		1.35114			4
2025.12.30	00:20:24.925		1.35112			4
2025.12.30	00:20:25.539		1.35114			4
2025.12.30	00:20:25.990		1.35112			4
2025.12.30	00:20:26.614		1.35114			4
2025.12.30	00:20:27.059		1.35111			4
2025.12.30	00:20:27.685		1.35113			4
2025.12.30	00:20:27.998		1.35111			4
2025.12.30	00:20:28.614		1.35113			4
2025.12.30	00:20:29.229		1.35111			4
2025.12.30	00:20:29.539		1.35113			4
2025.12.30	00:20:30.776		1.35114			4
2025.12.30	00:20:31.517		1.35112			4
2025.12.30	00:20:32.134		1.35114			4
2025.12.30	00:20:32.774		1.35112			4
2025.12.30	00:20:33.086		1.35114			4
2025.12.30	00:20:33.861		1.35112			4
2025.12.30	00:20:34.484		1.35114			4
2025.12.30	00:20:34.981		1.35112			4
2025.12.30	00:20:35.591		1.35114			4
2025.12.30	00:20:36.066		1.35112			4
2025.12.30	00:20:36.376		1.35113			4
2025.12.30	00:20:37.613		1.35112			4
2025.12.30	00:20:42.251		1.35111			4
2025.12.30	00:20:43.481		1.35113			4
2025.12.30	00:20:43.789		1.35111			4
2025.12.30	00:20:44.404		1.35113			4
2025.12.30	00:20:45.024		1.35111			4
2025.12.30	00:20:45.644		1.35113			4
2025.12.30	00:20:45.951		1.35112			4
2025.12.30	00:20:51.207		1.35114			4
2025.12.30	00:20:51.946		1.35112			4
2025.12.30	00:20:52.566		1.35114			4
2025.12.30	00:20:53.074		1.35112			4
2025.12.30	00:20:57.398		1.35111			4
2025.12.30	00:21:00.177	1.35020				2
2025.12.30	00:21:03.574	1.35021	1.35113			6
2025.12.30	00:21:04.195	1.35020	1.35111			6
2025.12.30	00:21:04.815	1.35021	1.35113			6
2025.12.30	00:21:05.123	1.35020	1.35111			6
2025.12.30	00:21:06.046	1.35021	1.35113			6
2025.12.30	00:21:06.357	1.35020	1.35111			6
2025.12.30	00:21:09.445	1.35021	1.35113			6
2025.12.30	00:21:10.057	1.35020	1.35111			6
2025.12.30	00:21:10.672		1.35113			4
2025.12.30	00:21:13.457		1.35114			4
2025.12.30	00:21:13.834		1.35112			4
2025.12.30	00:21:16.607		1.35113			4
2025.12.30	00:21:16.923		1.35111			4
2025.12.30	00:21:20.312		1.35113			4
2025.12.30	00:21:20.619		1.35111			4
2025.12.30	00:21:21.552		1.35113			4
2025.12.30	00:21:21.859		1.35111			4
2025.12.30	00:21:22.475		1.35113			4
2025.12.30	00:21:23.092		1.35111			4
2025.12.30	00:21:23.714		1.35113			4
2025.12.30	00:21:24.342		1.35112			4
2025.12.30	00:21:26.199		1.35111			4
2025.12.30	00:21:26.513		1.35112			4
2025.12.30	00:21:27.442		1.35111			4
2025.12.30	00:21:27.745		1.35112			4
2025.12.30	00:21:28.670		1.35111			4
2025.12.30	00:21:28.978		1.35112			4
2025.12.30	00:21:29.599		1.35111			4
2025.12.30	00:21:30.213		1.35112			4
2025.12.30	00:21:30.833		1.35111			4
2025.12.30	00:21:31.451		1.35113			4
2025.12.30	00:21:32.067		1.35112			4
2025.12.30	00:21:32.374	1.35021	1.35114			6
2025.12.30	00:21:32.688	1.35020	1.35112			6
2025.12.30	00:21:33.304	1.35021	1.35114			6
2025.12.30	00:21:33.611		1.35113			4
2025.12.30	00:21:33.919	1.35020	1.35111			6
2025.12.30	00:21:34.539	1.35021	1.35113			6
2025.12.30	00:21:35.153	1.35020	1.35111			6
2025.12.30	00:21:35.774	1.35021	1.35113			6
2025.12.30	00:21:36.088	1.35020	1.35111			6
2025.12.30	00:21:37.010	1.35021	1.35113			6
2025.12.30	00:21:37.317	1.35020	1.35111			6
2025.12.30	00:21:38.245	1.35021	1.35113			6
2025.12.30	00:21:38.557	1.35020	1.35111			6
2025.12.30	00:21:39.175	1.35021	1.35113			6
2025.12.30	00:21:39.488	1.35020	1.35112			6
2025.12.30	00:21:39.790		1.35110			4
2025.12.30	00:21:40.713		1.35112			4
2025.12.30	00:21:41.027		1.35110			4
2025.12.30	00:21:41.650		1.35112			4
2025.12.30	00:21:42.261		1.35110			4
2025.12.30	00:21:42.880		1.35112			4
2025.12.30	00:21:43.505		1.35110			4
2025.12.30	00:21:44.123		1.35112			4
2025.12.30	00:21:44.737		1.35110			4
2025.12.30	00:21:45.357		1.35112			4
2025.12.30	00:21:45.973		1.35110			4
2025.12.30	00:21:46.603		1.35112			4
2025.12.30	00:21:47.223		1.35110			4
2025.12.30	00:21:47.839		1.35112			4
2025.12.30	00:21:48.154		1.35110			4
2025.12.30	00:21:49.078		1.35112			4
2025.12.30	00:21:49.386		1.35110			4
2025.12.30	00:21:50.305		1.35112			4
2025.12.30	00:21:50.622		1.35110			4
2025.12.30	00:21:51.236		1.35112			4
2025.12.30	00:21:53.087		1.35110			4
2025.12.30	00:21:53.703		1.35112			4
2025.12.30	00:21:54.323		1.35110			4
2025.12.30	00:21:54.939		1.35111			4
2025.12.30	00:21:56.480		1.35112			4
2025.12.30	00:21:57.103		1.35111			4
2025.12.30	00:21:57.410	1.35021	1.35113			6
2025.12.30	00:21:57.723	1.35020	1.35111			6
2025.12.30	00:21:58.639	1.35022	1.35113			6
2025.12.30	00:21:58.954	1.35021	1.35111			6
2025.12.30	00:21:59.575	1.35022	1.35113			6
2025.12.30	00:22:00.195	1.35021	1.35111			6
2025.12.30	00:22:00.817	1.35022	1.35113			6
2025.12.30	00:22:01.436	1.35021	1.35111			6
2025.12.30	00:22:06.982	1.35022	1.35113			6
2025.12.30	00:22:07.290	1.35021	1.35112			6
2025.12.30	00:22:07.602	1.35024	1.35109			6
2025.12.30	00:22:10.689	1.35021	1.35113			6
2025.12.30	00:22:10.995	1.35020	1.35112			6
2025.12.30	00:22:11.610	1.35021	1.35113			6
2025.12.30	00:22:12.230	1.35020	1.35112			6
2025.12.30	00:22:12.852	1.35021	1.35113			6
2025.12.30	00:22:13.466	1.35020	1.35112			6
2025.12.30	00:22:14.082	1.35021	1.35113			6
2025.12.30	00:22:14.697	1.35020	1.35112			6
2025.12.30	00:22:15.317	1.35021	1.35113			6
2025.12.30	00:22:15.932	1.35020	1.35112			6
2025.12.30	00:22:16.554	1.35021	1.35113			6
2025.12.30	00:22:17.171	1.35020	1.35112			6
2025.12.30	00:22:17.786	1.35021	1.35113			6
2025.12.30	00:22:18.402	1.35020	1.35112			6
2025.12.30	00:22:19.024	1.35021	1.35113			6
2025.12.30	00:22:19.644	1.35020	1.35112			6
2025.12.30	00:22:20.260	1.35021				2
2025.12.30	00:22:20.877		1.35113			4
2025.12.30	00:22:21.496		1.35112			4
2025.12.30	00:22:21.803		1.35113			4
2025.12.30	00:22:22.733		1.35112			4
2025.12.30	00:22:23.039		1.35111			4
2025.12.30	00:22:23.349		1.35112			4
2025.12.30	00:22:23.962		1.35111			4
2025.12.30	00:22:24.272		1.35112			4
2025.12.30	00:22:25.199		1.35111			4
2025.12.30	00:22:25.504		1.35112			4
2025.12.30	00:22:26.431		1.35111			4
2025.12.30	00:22:26.746		1.35112			4
2025.12.30	00:22:27.366		1.35111			4
2025.12.30	00:22:27.981		1.35112			4
2025.12.30	00:22:28.601		1.35111			4
2025.12.30	00:22:29.220		1.35112			4
2025.12.30	00:22:29.840		1.35111			4
2025.12.30	00:22:30.451		1.35112			4
2025.12.30	00:22:31.069		1.35111			4
2025.12.30	00:22:31.689		1.35112			4
2025.12.30	00:22:31.994	1.35020	1.35111			6
2025.12.30	00:22:54.236	1.35022	1.35114			6
2025.12.30	00:22:54.545	1.35021	1.35112			6
2025.12.30	00:23:00.105	1.35021				2
2025.12.30	00:23:08.133		1.35111			4
2025.12.30	00:23:11.537	1.35023				2
2025.12.30	00:23:14.632	1.35022				2
2025.12.30	00:23:16.474	1.35023	1.35112			6
2025.12.30	00:23:21.413	1.35022	1.35111			6
2025.12.30	00:23:23.578	1.35023	1.35112			6
2025.12.30	00:23:25.429	1.35022	1.35111			6
2025.12.30	00:23:35.592		1.35110			4
2025.12.30	00:23:43.604		1.35111			4
2025.12.30	00:23:45.453		1.35110			4
2025.12.30	00:23:46.691		1.35111			4
2025.12.30	00:23:48.541		1.35110			4
2025.12.30	00:23:49.469		1.35111			4
2025.12.30	00:23:57.153	1.35031	1.35115			6
2025.12.30	00:23:57.463	1.35026	1.35110			6
2025.12.30	00:23:57.772		1.35105			4
2025.12.30	00:23:58.081	1.35032	1.35119			6
2025.12.30	00:23:58.384	1.35026	1.35107			6
2025.12.30	00:23:58.695	1.35027	1.35106			6
2025.12.30	00:23:59.000	1.35025	1.35112			6
2025.12.30	00:23:59.310		1.35107			4
2025.12.30	00:23:59.622	1.35032	1.35119			6
2025.12.30	00:23:59.923	1.35025	1.35112			6
2025.12.30	00:24:00.231	1.35027	1.35106			6
2025.12.30	00:24:00.539	1.35023	1.35114			6
2025.12.30	00:24:00.845	1.35026	1.35107			6
2025.12.30	00:24:01.153	1.35033	1.35125			6
2025.12.30	00:24:01.457	1.35025	1.35108			6
2025.12.30	00:24:01.765	1.35026				2
2025.12.30	00:24:02.070	1.35024	1.35110			6
2025.12.30	00:24:02.379	1.35026	1.35107			6
2025.12.30	00:24:02.688	1.35029	1.35114			6
2025.12.30	00:24:02.996	1.35027	1.35108			6
2025.12.30	00:24:03.615	1.35026	1.35114			6
2025.12.30	00:24:03.924	1.35033	1.35121			6
2025.12.30	00:24:04.237		1.35118			4
2025.12.30	00:24:04.544	1.35029	1.35109			6
2025.12.30	00:24:04.851	1.35037	1.35121			6
2025.12.30	00:24:05.158	1.35033	1.35110			6
2025.12.30	00:24:05.462	1.35037	1.35123			6
2025.12.30	00:24:05.771	1.35034	1.35120			6
2025.12.30	00:24:06.075	1.35031	1.35107			6
2025.12.30	00:24:06.382	1.35037	1.35121			6
2025.12.30	00:24:06.685	1.35032	1.35108			6
2025.12.30	00:24:06.987	1.35037	1.35123			6
2025.12.30	00:24:07.598	1.35030	1.35107			6
2025.12.30	00:24:07.905	1.35031	1.35110			6
2025.12.30	00:24:08.220	1.35029	1.35106			6
2025.12.30	00:24:08.528	1.35033	1.35119			6
2025.12.30	00:24:08.840	1.35031	1.35109			6
2025.12.30	00:24:09.146	1.35030	1.35106			6
2025.12.30	00:24:09.451	1.35031	1.35108			6
2025.12.30	00:24:10.063	1.35034	1.35120			6
2025.12.30	00:24:10.366	1.35032	1.35109			6
2025.12.30	00:24:10.987	1.35030	1.35108			6
2025.12.30	00:24:11.597	1.35034	1.35119			6
2025.12.30	00:24:11.904	1.35030	1.35109			6
2025.12.30	00:24:12.522	1.35032	1.35111			6
2025.12.30	00:24:13.137	1.35041	1.35121			6
2025.12.30	00:24:13.444	1.35029	1.35112			6
2025.12.30	00:24:13.751	1.35030	1.35107			6
2025.12.30	00:24:14.052	1.35029	1.35113			6
2025.12.30	00:24:14.358	1.35031	1.35110			6
2025.12.30	00:24:14.666	1.35036	1.35116			6
2025.12.30	00:24:14.971	1.35030	1.35109			6
2025.12.30	00:24:15.280		1.35107			4
2025.12.30	00:24:15.585		1.35108			4
2025.12.30	00:24:15.894	1.35039	1.35118			6
2025.12.30	00:24:16.204	1.35038	1.35119			6
2025.12.30	00:24:16.510	1.35030	1.35108			6
2025.12.30	00:24:16.817	1.35042	1.35122			6
2025.12.30	00:24:17.138	1.35037	1.35112			6
2025.12.30	00:24:17.442		1.35121			4
2025.12.30	00:24:17.754		1.35120			4
2025.12.30	00:24:18.058	1.35036	1.35114			6
2025.12.30	00:24:18.363	1.35038	1.35121			6
2025.12.30	00:24:18.670	1.35037	1.35113			6
2025.12.30	00:24:18.976	1.35036	1.35120			6
2025.12.30	00:24:19.280		1.35119			4
2025.12.30	00:24:19.590	1.35034	1.35112			6
2025.12.30	00:24:20.198	1.35035	1.35113			6
2025.12.30	00:24:20.504	1.35043	1.35122			6
2025.12.30	00:24:20.813	1.35044	1.35116			6
2025.12.30	00:24:21.118	1.35034	1.35111			6
2025.12.30	00:24:21.430		1.35116			4
2025.12.30	00:24:21.739		1.35112			4
2025.12.30	00:24:22.046	1.35043	1.35120			6
2025.12.30	00:24:22.354	1.35033	1.35116			6
2025.12.30	00:24:22.658		1.35110			4
2025.12.30	00:24:22.970	1.35034	1.35111			6
2025.12.30	00:24:23.587	1.35040	1.35119			6
2025.12.30	00:24:23.890	1.35036	1.35116			6
2025.12.30	00:24:24.194		1.35113			4
2025.12.30	00:24:24.810	1.35034	1.35109			6
2025.12.30	00:24:25.119	1.35041	1.35121			6
2025.12.30	00:24:25.428	1.35034	1.35116			6
2025.12.30	00:24:25.733	1.35035	1.35112			6
2025.12.30	00:24:26.041	1.35034				2
2025.12.30	00:24:26.344	1.35042	1.35120			6
2025.12.30	00:24:26.653	1.35039	1.35118			6
2025.12.30	00:24:26.963	1.35035	1.35111			6
2025.12.30	00:24:27.579	1.35038	1.35113			6
2025.12.30	00:24:27.886	1.35039	1.35120			6
2025.12.30	00:24:28.513	1.35034	1.35110			6
2025.12.30	00:24:28.821	1.35040	1.35115			6
2025.12.30	00:24:29.127	1.35035	1.35111			6
2025.12.30	00:24:29.430	1.35040	1.35122			6
2025.12.30	00:24:29.735	1.35037	1.35119			6
2025.12.30	00:24:30.041		1.35112			4
2025.12.30	00:24:30.350	1.35036	1.35115			6
2025.12.30	00:24:30.656	1.35035	1.35111			6
2025.12.30	00:24:30.963	1.35038	1.35120			6
2025.12.30	00:24:31.576	1.35034	1.35111			6
2025.12.30	00:24:31.882	1.35035	1.35115			6
2025.12.30	00:24:32.191	1.35037	1.35113			6
2025.12.30	00:24:32.496	1.35040	1.35119			6
2025.12.30	00:24:32.807	1.35039	1.35115			6
2025.12.30	00:24:33.121	1.35038	1.35113			6
2025.12.30	00:24:33.424	1.35037	1.35115			6
2025.12.30	00:24:33.730	1.35036	1.35111			6
2025.12.30	00:24:34.034	1.35041	1.35121			6
2025.12.30	00:24:34.339	1.35037	1.35115			6
2025.12.30	00:24:34.643		1.35112			4
2025.12.30	00:24:34.947	1.35038	1.35115			6
2025.12.30	00:24:35.255	1.35037	1.35112			6
2025.12.30	00:24:35.562	1.35041	1.35117			6
2025.12.30	00:24:35.866	1.35037	1.35112			6
2025.12.30	00:24:36.175		1.35113			4
2025.12.30	00:24:36.481	1.35041	1.35115			6
2025.12.30	00:24:37.101	1.35044	1.35121			6
2025.12.30	00:24:37.407	1.35037	1.35114			6
2025.12.30	00:24:37.717		1.35112			4
2025.12.30	00:24:38.327	1.35040				2
2025.12.30	00:24:38.629	1.35043	1.35119			6
2025.12.30	00:24:38.939	1.35037	1.35112			6
2025.12.30	00:24:39.246		1.35111			4
2025.12.30	00:24:39.548	1.35038	1.35113			6
2025.12.30	00:24:39.857	1.35047	1.35119			6
2025.12.30	00:24:40.165	1.35044				2
2025.12.30	00:24:40.468	1.35037	1.35111			6
2025.12.30	00:24:41.087	1.35039	1.35113			6
2025.12.30	00:24:41.393	1.35046	1.35120			6
2025.12.30	00:24:42.007	1.35037	1.35115			6
2025.12.30	00:24:42.321	1.35047	1.35122			6
2025.12.30	00:24:42.623	1.35037	1.35112			6
2025.12.30	00:24:42.925	1.35043	1.35116			6
2025.12.30	00:24:43.232	1.35046	1.35119			6
2025.12.30	00:24:43.542	1.35041	1.35113			6
2025.12.30	00:24:43.846	1.35040	1.35112			6
2025.12.30	00:24:44.155	1.35042	1.35113			6
2025.12.30	00:24:44.461	1.35044	1.35119			6
2025.12.30	00:24:45.076	1.35042	1.35114			6
2025.12.30	00:24:45.389	1.35044	1.35116			6
2025.12.30	00:24:45.690	1.35040	1.35114			6
2025.12.30	00:24:46.605	1.35045	1.35119			6
2025.12.30	00:24:46.922	1.35040	1.35114			6
2025.12.30	00:24:47.534	1.35043	1.35115			6
2025.12.30	00:24:47.841	1.35058	1.35126			6
2025.12.30	00:24:48.145	1.35056				2
2025.12.30	00:24:48.451	1.35041	1.35115			6
2025.12.30	00:24:48.753	1.35043	1.35114			6
2025.12.30	00:24:49.057		1.35116			4
2025.12.30	00:24:49.365	1.35056	1.35129			6
2025.12.30	00:24:49.669	1.35054				2
2025.12.30	00:24:49.975	1.35039	1.35113			6
2025.12.30	00:24:50.283	1.35043	1.35115			6
2025.12.30	00:24:50.897	1.35055	1.35127			6
2025.12.30	00:24:51.526	1.35043	1.35115			6
2025.12.30	00:24:51.828		1.35116			4
2025.12.30	00:24:52.141		1.35115			4
2025.12.30	00:24:52.442	1.35058	1.35127			6
2025.12.30	00:24:53.066	1.35042	1.35114			6
2025.12.30	00:24:53.983	1.35059	1.35127			6
2025.12.30	00:24:54.284		1.35117			4
2025.12.30	00:24:54.591	1.35043				2
2025.12.30	00:24:54.896	1.35059	1.35127			6
2025.12.30	00:24:55.513	1.35042	1.35113			6
2025.12.30	00:24:55.818		1.35114			4
2025.12.30	00:24:56.430	1.35059	1.35126			6
2025.12.30	00:24:57.037	1.35042	1.35115			6
2025.12.30	00:24:57.647	1.35043				2
2025.12.30	00:24:57.954	1.35056	1.35126			6
2025.12.30	00:24:58.567	1.35043	1.35115			6
2025.12.30	00:24:59.171	1.35040	1.35111			6
2025.12.30	00:24:59.480	1.35057	1.35126			6
2025.12.30	00:24:59.791	1.35048	1.35115			6
2025.12.30	00:25:00.098	1.35042	1.35113			6
2025.12.30	00:25:00.406	1.35043	1.35115			6
2025.12.30	00:25:01.012	1.35058	1.35128			6
2025.12.30	00:25:01.317	1.35041	1.35113			6
2025.12.30	00:25:01.938	1.35042	1.35114			6
2025.12.30	00:25:02.242	1.35040	1.35112			6
2025.12.30	00:25:02.553	1.35052	1.35126			6
2025.12.30	00:25:02.869	1.35039	1.35110			6
2025.12.30	00:25:03.183	1.35041				2
2025.12.30	00:25:03.484		1.35112			4
2025.12.30	00:25:03.786		1.35111			4
2025.12.30	00:25:04.091	1.35057	1.35126			6
2025.12.30	00:25:04.404	1.35039	1.35112			6
2025.12.30	00:25:04.713	1.35047	1.35115			6
2025.12.30	00:25:05.021	1.35045				2
2025.12.30	00:25:05.324	1.35059	1.35128			6
2025.12.30	00:25:05.931	1.35045	1.35115			6
2025.12.30	00:25:06.546	1.35046				2
2025.12.30	00:25:06.853	1.35059	1.35122			6
2025.12.30	00:25:07.157	1.35058				2
2025.12.30	00:25:07.463	1.35046	1.35115			6
2025.12.30	00:25:08.384	1.35059	1.35128			6
2025.12.30	00:25:09.002	1.35045	1.35117			6
2025.12.30	00:25:09.307	1.35059	1.35115			6
2025.12.30	00:25:09.614	1.35045				2
2025.12.30	00:25:09.921	1.35060	1.35126			6
2025.12.30	00:25:10.532	1.35046	1.35115			6
2025.12.30	00:25:10.839	1.35045	1.35116			6
2025.12.30	00:25:11.456	1.35059	1.35128			6
2025.12.30	00:25:12.065	1.35045	1.35116			6
2025.12.30	00:25:12.384	1.35046				2
2025.12.30	00:25:12.688	1.35045				2
2025.12.30	00:25:12.996	1.35059	1.35125			6
2025.12.30	00:25:13.300	1.35047	1.35116			6
2025.12.30	00:25:13.606	1.35045				2
2025.12.30	00:25:14.217	1.35046				2
2025.12.30	00:25:14.525	1.35057	1.35126			6
2025.12.30	00:25:14.833	1.35043	1.35116			6
2025.12.30	00:25:15.139	1.35046				2
2025.12.30	00:25:15.443	1.35045				2
2025.12.30	00:25:15.753	1.35046				2
2025.12.30	00:25:16.060	1.35060	1.35126			6
2025.12.30	00:25:16.369	1.35043	1.35116			6
2025.12.30	00:25:16.675	1.35045				2
2025.12.30	00:25:17.293		1.35120			4
2025.12.30	00:25:17.603	1.35059	1.35123			6
2025.12.30	00:25:17.910	1.35046	1.35116			6
2025.12.30	00:25:18.836	1.35062	1.35127			6
2025.12.30	00:25:19.444	1.35044	1.35116			6
2025.12.30	00:25:20.359	1.35061	1.35127			6
2025.12.30	00:25:20.968	1.35047	1.35115			6
2025.12.30	00:25:21.574	1.35044				2
2025.12.30	00:25:21.887	1.35062	1.35127			6
2025.12.30	00:25:22.197	1.35063				2
2025.12.30	00:25:22.504	1.35043	1.35116			6
2025.12.30	00:25:22.819	1.35046	1.35119			6
2025.12.30	00:25:23.124		1.35116			4
2025.12.30	00:25:23.431	1.35063	1.35124			6
2025.12.30	00:25:24.040	1.35046	1.35117			6
2025.12.30	00:25:24.962	1.35062	1.35127			6
2025.12.30	00:25:25.264	1.35063				2
2025.12.30	00:25:25.571	1.35048	1.35116			6
2025.12.30	00:25:25.889	1.35046				2
2025.12.30	00:25:26.507	1.35063	1.35128			6
2025.12.30	00:25:26.811	1.35049	1.35116			6
2025.12.30	00:25:27.112	1.35046				2
2025.12.30	00:25:28.042	1.35062	1.35125			6
2025.12.30	00:25:28.351	1.35044	1.35116			6
2025.12.30	00:25:28.655	1.35046				2
2025.12.30	00:25:28.970	1.35045				2
2025.12.30	00:25:29.576	1.35062	1.35127			6
2025.12.30	00:25:29.880	1.35043	1.35117			6
2025.12.30	00:25:30.181	1.35046	1.35116			6
2025.12.30	00:25:30.487	1.35045				2
2025.12.30	00:25:30.795	1.35055				2
2025.12.30	00:25:31.098	1.35062	1.35127			6
2025.12.30	00:25:31.403	1.35047	1.35116			6
2025.12.30	00:25:32.014	1.35046	1.35120			6
2025.12.30	00:25:32.325	1.35061	1.35128			6
2025.12.30	00:25:32.629	1.35063				2
2025.12.30	00:25:32.939	1.35044	1.35118			6
2025.12.30	00:25:33.251	1.35045				2
2025.12.30	00:25:33.554	1.35046				2
2025.12.30	00:25:33.858	1.35063	1.35125			6
2025.12.30	00:25:34.168	1.35061				2
2025.12.30	00:25:34.474	1.35043	1.35117			6
2025.12.30	00:25:35.089	1.35047	1.35120			6
2025.12.30	00:25:35.396	1.35061	1.35127			6
2025.12.30	00:25:35.703	1.35062				2
2025.12.30	00:25:36.011	1.35043	1.35121			6
2025.12.30	00:25:36.319	1.35046	1.35119			6
2025.12.30	00:25:36.629	1.35050	1.35118			6
2025.12.30	00:25:36.939	1.35063	1.35126			6
2025.12.30	00:25:37.551	1.35045	1.35119			6
2025.12.30	00:25:37.866	1.35046	1.35120			6
2025.12.30	00:25:38.483	1.35064	1.35127			6
2025.12.30	00:25:38.790		1.35121			4
2025.12.30	00:25:39.101	1.35046	1.35120			6
2025.12.30	00:25:39.416	1.35045	1.35116			6
2025.12.30	00:25:40.029	1.35065	1.35126			6
2025.12.30	00:25:40.339	1.35046	1.35116			6
2025.12.30	00:25:41.272	1.35050				2
2025.12.30	00:25:41.576	1.35065	1.35128			6
2025.12.30	00:25:41.882	1.35048	1.35116			6
2025.12.30	00:25:42.495	1.35061	1.35128			6
2025.12.30	00:25:42.799		1.35124			4
2025.12.30	00:25:43.111	1.35060				2
2025.12.30	00:25:43.423	1.35047	1.35116			6
2025.12.30	00:25:43.725	1.35049				2
2025.12.30	00:25:44.033	1.35060	1.35118			6
2025.12.30	00:25:44.336	1.35051	1.35124			6
2025.12.30	00:25:44.640	1.35060				2
2025.12.30	00:25:44.948	1.35049	1.35116			6
2025.12.30	00:25:45.563	1.35057	1.35128			6
2025.12.30	00:25:45.871		1.35124			4
2025.12.30	00:25:46.482	1.35047	1.35116			6
2025.12.30	00:25:46.789	1.35049	1.35118			6
2025.12.30	00:25:47.097	1.35058				2
2025.12.30	00:25:48.025	1.35047	1.35116			6
2025.12.30	00:25:48.334	1.35057	1.35128			6
2025.12.30	00:25:48.641	1.35056				2
2025.12.30	00:25:48.951		1.35124			4
2025.12.30	00:25:49.571	1.35049	1.35116			6
2025.12.30	00:25:49.879	1.35060	1.35122			6
2025.12.30	00:25:50.188	1.35059	1.35128			6
2025.12.30	00:25:50.497		1.35122			4
2025.12.30	00:25:50.804	1.35053	1.35116			6
2025.12.30	00:25:51.113	1.35050				2
2025.12.30	00:25:51.427	1.35060	1.35128			6
2025.12.30	00:25:52.044	1.35056	1.35123			6
2025.12.30	00:25:52.354	1.35048	1.35120			6
2025.12.30	00:25:52.669	1.35050	1.35116			6
2025.12.30	00:25:52.970	1.35060	1.35128			6
2025.12.30	00:25:53.280		1.35123			4
2025.12.30	00:25:53.590	1.35062				2
2025.12.30	00:25:53.896	1.35050	1.35120			6
2025.12.30	00:25:54.204		1.35116			4
2025.12.30	00:25:54.513	1.35060	1.35128			6
2025.12.30	00:25:54.819	1.35051	1.35116			6
2025.12.30	00:25:55.129	1.35050				2
2025.12.30	00:25:55.439	1.35060	1.35128			6
2025.12.30	00:25:56.056		1.35123			4
2025.12.30	00:25:56.364	1.35051	1.35116			6
2025.12.30	00:25:56.985	1.35062	1.35128			6
2025.12.30	00:25:57.291		1.35123			4
2025.12.30	00:25:57.599	1.35060				2
2025.12.30	00:25:57.914	1.35045	1.35116			6
2025.12.30	00:25:58.216	1.35048				2
2025.12.30	00:25:58.525	1.35058	1.35128			6
2025.12.30	00:25:58.832	1.35061	1.35123			6
2025.12.30	00:25:59.449	1.35046	1.35116			6
2025.12.30	00:25:59.757	1.35048				2
2025.12.30	00:26:00.071	1.35062	1.35124			6
2025.12.30	00:26:00.377	1.35063	1.35123			6
2025.12.30	00:26:00.995	1.35047	1.35116			6
2025.12.30	00:26:01.303	1.35059	1.35118			6
2025.12.30	00:26:01.612	1.35063	1.35124			6
2025.12.30	00:26:01.924		1.35123			4
2025.12.30	00:26:02.542	1.35056	1.35116			6
2025.12.30	00:26:02.850	1.35064	1.35124			6
2025.12.30	00:26:03.155	1.35062				2
2025.12.30	00:26:03.463	1.35064	1.35123			6
2025.12.30	00:26:04.078	1.35056	1.35116			6
2025.12.30	00:26:04.393	1.35064	1.35123			6
2025.12.30	00:26:04.703	1.35061				2
2025.12.30	00:26:05.010	1.35063				2
2025.12.30	00:26:05.317	1.35054	1.35116			6
2025.12.30	00:26:05.630	1.35048				2
2025.12.30	00:26:05.936	1.35062	1.35122			6
2025.12.30	00:26:06.246		1.35123			4
2025.12.30	00:26:06.557	1.35060	1.35122			6
2025.12.30	00:26:06.869	1.35053	1.35116			6
2025.12.30	00:26:07.172	1.35055				2
2025.12.30	00:26:07.485	1.35062	1.35123			6
2025.12.30	00:26:07.792	1.35064				2
2025.12.30	00:26:08.411	1.35051	1.35116			6
2025.12.30	00:26:08.717	1.35048				2
2025.12.30	00:26:09.025	1.35064	1.35123			6
2025.12.30	00:26:09.333	1.35060	1.35122			6
2025.12.30	00:26:09.952	1.35049	1.35116			6
2025.12.30	00:26:10.570	1.35064	1.35124			6
2025.12.30	00:26:10.872	1.35063	1.35117			6
2025.12.30	00:26:11.174	1.35066				2
2025.12.30	00:26:11.475	1.35050				2
2025.12.30	00:26:11.780		1.35120			4
2025.12.30	00:26:12.090	1.35063	1.35122			6
2025.12.30	00:26:12.398	1.35060	1.35117			6
2025.12.30	00:26:13.014	1.35048				2
2025.12.30	00:26:13.324	1.35066	1.35123			6
2025.12.30	00:26:13.634	1.35064				2
2025.12.30	00:26:13.942	1.35065	1.35122			6
2025.12.30	00:26:14.561	1.35048	1.35116			6
2025.12.30	00:26:14.871	1.35063	1.35123			6
2025.12.30	00:26:15.176	1.35062				2
2025.12.30	00:26:15.484	1.35061	1.35122			6
2025.12.30	00:26:15.794		1.35116			4
2025.12.30	00:26:16.102	1.35048				2
2025.12.30	00:26:16.410	1.35062	1.35123			6
2025.12.30	00:26:17.034	1.35063	1.35122			6
2025.12.30	00:26:17.341	1.35046	1.35116			6
2025.12.30	00:26:17.647	1.35048				2
2025.12.30	00:26:17.958	1.35061	1.35122			6
2025.12.30	00:26:18.573	1.35063				2
2025.12.30	00:26:18.890	1.35045	1.35116			6
2025.12.30	00:26:19.195	1.35047				2
2025.12.30	00:26:19.505	1.35064	1.35123			6
2025.12.30	00:26:19.817	1.35062	1.35116			6
2025.12.30	00:26:20.124	1.35064	1.35122			6
2025.12.30	00:26:20.433	1.35046	1.35116			6
2025.12.30	00:26:20.741	1.35047				2
2025.12.30	00:26:21.051	1.35061	1.35122			6
2025.12.30	00:26:21.358		1.35121			4
2025.12.30	00:26:21.976	1.35045	1.35116			6
2025.12.30	00:26:22.286	1.35047				2
2025.12.30	00:26:22.595	1.35064	1.35122			6
2025.12.30	00:26:22.905	1.35061				2
2025.12.30	00:26:23.532	1.35047	1.35117			6
2025.12.30	00:26:23.833	1.35063	1.35122			6
2025.12.30	00:26:25.076	1.35048	1.35116			6
2025.12.30	00:26:25.385	1.35065	1.35122			6
2025.12.30	00:26:25.998	1.35064				2
2025.12.30	00:26:26.304		1.35116			4
2025.12.30	00:26:26.613	1.35047				2
2025.12.30	00:26:26.924	1.35063	1.35120			6
2025.12.30	00:26:27.540	1.35064	1.35121			6
2025.12.30	00:26:27.846	1.35047	1.35114			6
2025.12.30	00:26:28.152	1.35062	1.35121			6
2025.12.30	00:26:28.458	1.35052	1.35128			6
2025.12.30	00:26:28.771	1.35050	1.35130			6
2025.12.30	00:26:29.076	1.35051	1.35129			6
2025.12.30	00:26:29.385		1.35130			4
2025.12.30	00:26:31.233	1.35055	1.35128			6
2025.12.30	00:26:31.539	1.35057	1.35110			6
2025.12.30	00:26:31.851	1.35054				2
2025.12.30	00:26:32.153	1.35051				2
2025.12.30	00:26:32.461	1.35060				2
2025.12.30	00:26:33.079	1.35047				2
2025.12.30	00:26:33.385	1.35060				2
2025.12.30	00:26:33.999	1.35049				2
2025.12.30	00:26:34.309	1.35055	1.35130			6
2025.12.30	00:26:35.234	1.35053				2
2025.12.30	00:26:35.545	1.35052				2
2025.12.30	00:26:36.778	1.35057				2
2025.12.30	00:26:37.399	1.35058				2
2025.12.30	00:26:38.015	1.35052	1.35122			6
2025.12.30	00:26:43.501	1.35045	1.35124			6
2025.12.30	00:26:44.117	1.35057	1.35128			6
2025.12.30	00:26:45.038	1.35062	1.35132			6
2025.12.30	00:26:49.352	1.35061				2
2025.12.30	00:26:51.197	1.35060				2
2025.12.30	00:26:51.813	1.35061				2
2025.12.30	00:26:53.663	1.35060				2
2025.12.30	00:26:54.277	1.35059				2
2025.12.30	00:26:58.603	1.35061				2
2025.12.30	00:26:59.836	1.35062				2
2025.12.30	00:27:00.140	1.35062				2
2025.12.30	00:27:01.677	1.35064				2
2025.12.30	00:27:22.010	1.35062	1.35133			6
2025.12.30	00:27:27.245	1.35064				2
2025.12.30	00:27:27.553	1.35065				2
2025.12.30	00:27:31.870	1.35064				2
2025.12.30	00:27:32.175	1.35065				2
2025.12.30	00:27:38.333	1.35067	1.35135			6
2025.12.30	00:27:44.188	1.35063	1.35131			6
2025.12.30	00:27:44.802	1.35066	1.35135			6
2025.12.30	00:27:45.421	1.35067				2
2025.12.30	00:27:48.804	1.35068	1.35136			6
2025.12.30	00:27:50.964	1.35051	1.35123			6
2025.12.30	00:27:51.273	1.35063	1.35118			6
2025.12.30	00:27:51.890	1.35049	1.35116			6
2025.12.30	00:27:52.192	1.35047	1.35118			6
2025.12.30	00:27:52.503	1.35064				2
2025.12.30	00:27:52.811	1.35056				2
2025.12.30	00:27:53.120	1.35064				2
2025.12.30	00:27:53.423	1.35056	1.35116			6
2025.12.30	00:27:53.730	1.35064				2
2025.12.30	00:27:54.353	1.35056				2
2025.12.30	00:27:54.657	1.35064				2
2025.12.30	00:27:54.975	1.35048				2
2025.12.30	00:27:55.280	1.35057				2
2025.12.30	00:27:55.596	1.35064				2
2025.12.30	00:27:55.904	1.35047	1.35120			6
2025.12.30	00:27:56.215	1.35064				2
2025.12.30	00:27:56.524	1.35049	1.35116			6
2025.12.30	00:27:56.838	1.35047	1.35122			6
2025.12.30	00:27:57.143	1.35065				2
2025.12.30	00:27:57.451	1.35064	1.35117			6
2025.12.30	00:27:57.760	1.35066				2
2025.12.30	00:27:58.069	1.35044	1.35115			6
2025.12.30	00:27:58.381	1.35054				2
2025.12.30	00:27:58.690	1.35046				2
2025.12.30	00:27:58.996	1.35056				2
2025.12.30	00:27:59.616	1.35049				2
2025.12.30	00:28:00.235	1.35041				2
2025.12.30	00:28:00.551	1.35057				2
2025.12.30	00:28:00.854	1.35039	1.35122			6
2025.12.30	00:28:01.163	1.35042				2
2025.12.30	00:28:01.475	1.35045				2
2025.12.30	00:28:01.782	1.35044				2
2025.12.30	00:28:02.090	1.35047				2
2025.12.30	00:28:02.397	1.35041				2
2025.12.30	00:28:02.707	1.35046				2
2025.12.30	00:28:03.015	1.35041				2
2025.12.30	00:28:03.324	1.35043				2
2025.12.30	00:28:03.634	1.35054				2
2025.12.30	00:28:03.940	1.35044				2
2025.12.30	00:28:04.250	1.35057				2
2025.12.30	00:28:04.560	1.35041				2
2025.12.30	00:28:04.871	1.35062				2
2025.12.30	00:28:05.176	1.35047				2
2025.12.30	00:28:05.483	1.35048				2
2025.12.30	00:28:05.791	1.35051				2
2025.12.30	00:28:06.101	1.35049				2
2025.12.30	00:28:06.724	1.35060				2
2025.12.30	00:28:07.040	1.35047				2
2025.12.30	00:28:07.346	1.35049				2
2025.12.30	00:28:07.652	1.35061				2
2025.12.30	00:28:07.958	1.35049				2
2025.12.30	00:28:08.270	1.35063				2
2025.12.30	00:28:08.582	1.35046				2
2025.12.30	00:28:08.890	1.35052				2
2025.12.30	00:28:09.199	1.35062				2
2025.12.30	00:28:09.513	1.35041				2
2025.12.30	00:28:09.810	1.35047				2
2025.12.30	00:28:10.119	1.35058				2
2025.12.30	00:28:10.427	1.35045				2
2025.12.30	00:28:10.736	1.35047				2
2025.12.30	00:28:11.044	1.35058				2
2025.12.30	00:28:11.363	1.35042				2
2025.12.30	00:28:11.671	1.35047				2
2025.12.30	00:28:11.981	1.35042				2
2025.12.30	00:28:12.295	1.35047				2
2025.12.30	00:28:12.606	1.35055				2
2025.12.30	00:28:12.914	1.35042				2
2025.12.30	00:28:13.222	1.35047				2
2025.12.30	00:28:13.530	1.35050				2
2025.12.30	00:28:13.843	1.35055				2
2025.12.30	00:28:14.148	1.35047				2
2025.12.30	00:28:14.463	1.35050				2
2025.12.30	00:28:14.772	1.35042				2
2025.12.30	00:28:15.080	1.35045				2
2025.12.30	00:28:15.390	1.35042				2
2025.12.30	00:28:15.695	1.35047				2
2025.12.30	00:28:16.016	1.35056	1.35121			6
2025.12.30	00:28:16.317	1.35042	1.35120			6
2025.12.30	00:28:16.634	1.35045				2
2025.12.30	00:28:16.937	1.35042	1.35121			6
2025.12.30	00:28:17.257	1.35045				2
2025.12.30	00:28:17.569	1.35059	1.35122			6
2025.12.30	00:28:17.875	1.35042				2
2025.12.30	00:28:18.190	1.35055				2
2025.12.30	00:28:18.493	1.35053				2
2025.12.30	00:28:18.808	1.35042				2
2025.12.30	00:28:19.117	1.35045				2
2025.12.30	00:28:19.425	1.35042				2
2025.12.30	00:28:19.734	1.35046				2
2025.12.30	00:28:20.043	1.35061				2
2025.12.30	00:28:20.351	1.35047				2
2025.12.30	00:28:20.664	1.35048				2
2025.12.30	00:28:20.974	1.35047				2
2025.12.30	00:28:21.589	1.35050				2
2025.12.30	00:28:21.897	1.35047				2
2025.12.30	00:28:23.132	1.35057				2
2025.12.30	00:28:23.444	1.35059				2
2025.12.30	00:28:23.750	1.35048				2
2025.12.30	00:28:24.375	1.35051	1.35132			6
2025.12.30	00:28:24.676	1.35039				2
2025.12.30	00:28:24.989	1.35044	1.35133			6
2025.12.30	00:28:25.604	1.35039				2
2025.12.30	00:28:25.916	1.35041				2
2025.12.30	00:28:26.223	1.35045				2
2025.12.30	00:28:26.531	1.35038				2
2025.12.30	00:28:26.837	1.35042				2
2025.12.30	00:28:27.148	1.35047				2
2025.12.30	00:28:27.455	1.35040				2
2025.12.30	00:28:28.071	1.35046				2
2025.12.30	00:28:28.377	1.35040				2
2025.12.30	00:28:29.004	1.35043				2
2025.12.30	00:28:29.312	1.35046				2
2025.12.30	00:28:29.622	1.35040				2
2025.12.30	00:28:29.927	1.35043				2
2025.12.30	00:28:30.237	1.35044	1.35134			6
2025.12.30	00:28:30.541	1.35042				2
2025.12.30	00:28:30.853	1.35044				2
2025.12.30	00:28:31.160	1.35045				2
2025.12.30	00:28:31.466	1.35041				2
2025.12.30	00:28:32.081	1.35045				2
2025.12.30	00:28:32.393	1.35039				2
2025.12.30	00:28:33.010	1.35040				2
2025.12.30	00:28:33.323	1.35046				2
2025.12.30	00:28:33.625	1.35039				2
2025.12.30	00:28:33.935	1.35042	1.35135			6
2025.12.30	00:28:34.244	1.35047				2
2025.12.30	00:28:34.555	1.35040				2
2025.12.30	00:28:34.865	1.35043				2
2025.12.30	00:28:35.182	1.35047				2
2025.12.30	00:28:35.484	1.35039				2
2025.12.30	00:28:36.097	1.35046				2
2025.12.30	00:28:36.409	1.35040				2
2025.12.30	00:28:37.031	1.35043				2
2025.12.30	00:28:37.338	1.35045				2
2025.12.30	00:28:37.641	1.35047	1.35137			6
2025.12.30	00:28:37.959	1.35051				2
2025.12.30	00:28:38.578	1.35046				2
2025.12.30	00:28:38.886	1.35051				2
2025.12.30	00:28:39.194	1.35046				2
2025.12.30	00:28:39.501	1.35041				2
2025.12.30	00:28:39.808	1.35045				2
2025.12.30	00:28:40.124	1.35046				2
2025.12.30	00:28:40.424	1.35042				2
2025.12.30	00:28:40.740	1.35044				2
2025.12.30	00:28:41.048	1.35059	1.35140			6
2025.12.30	00:28:41.355	1.35057	1.35141			6
2025.12.30	00:28:41.667	1.35050				2
2025.12.30	00:28:41.972	1.35052	1.35140			6
2025.12.30	00:28:42.284	1.35059	1.35141			6
2025.12.30	00:28:42.589	1.35057				2
2025.12.30	00:28:42.899	1.35058				2
2025.12.30	00:28:43.523	1.35056				2
2025.12.30	00:28:43.824	1.35058				2
2025.12.30	00:28:44.135	1.35063				2
2025.12.30	00:28:44.440	1.35060				2
2025.12.30	00:28:45.057	1.35062				2
2025.12.30	00:28:45.366	1.35060				2
2025.12.30	00:28:45.675	1.35062				2
2025.12.30	00:28:45.989	1.35063				2
2025.12.30	00:28:46.296	1.35062				2
2025.12.30	00:28:46.598	1.35060	1.35142			6
2025.12.30	00:28:46.911	1.35061				2
2025.12.30	00:28:47.224	1.35060				2
2025.12.30	00:28:47.530	1.35058				2
2025.12.30	00:28:47.839	1.35060				2
2025.12.30	00:28:48.454		1.35143			4
2025.12.30	00:28:49.077	1.35054				2
2025.12.30	00:28:49.385	1.35052				2
2025.12.30	00:28:49.695	1.35060				2
2025.12.30	00:28:49.997	1.35057				2
2025.12.30	00:28:50.617	1.35060				2
2025.12.30	00:28:50.926	1.35054				2
2025.12.30	00:28:51.542	1.35060				2
2025.12.30	00:28:51.854	1.35062				2
2025.12.30	00:28:52.165	1.35055				2
2025.12.30	00:28:52.468	1.35053				2
2025.12.30	00:28:52.782	1.35055				2
2025.12.30	00:28:53.088	1.35054				2
2025.12.30	00:28:53.396	1.35055				2
2025.12.30	00:28:53.702	1.35059				2
2025.12.30	00:28:54.011	1.35053				2
2025.12.30	00:28:54.624	1.35060				2
2025.12.30	00:28:54.936	1.35054				2
2025.12.30	00:28:55.554	1.35060				2
2025.12.30	00:28:55.857	1.35061				2
2025.12.30	00:28:56.165	1.35054				2
2025.12.30	00:28:56.475	1.35056				2
2025.12.30	00:28:57.088	1.35062				2
2025.12.30	00:28:57.404	1.35061				2
2025.12.30	00:28:57.707	1.35060				2
2025.12.30	00:28:58.016	1.35062				2
2025.12.30	00:28:58.323	1.35061				2
2025.12.30	00:28:58.941	1.35062				2
2025.12.30	00:28:59.551	1.35061				2
2025.12.30	00:29:00.169	1.35062				2
2025.12.30	00:29:00.477	1.35061				2
2025.12.30	00:29:01.089	1.35062				2
2025.12.30	00:29:01.404	1.35061				2
2025.12.30	00:29:02.025	1.35063	1.35144			6
2025.12.30	00:29:02.635	1.35061				2
2025.12.30	00:29:02.942	1.35066	1.35145			6
2025.12.30	00:29:03.254	1.35062				2
2025.12.30	00:29:03.875	1.35063				2
2025.12.30	00:29:04.181	1.35058				2
2025.12.30	00:29:05.414	1.35052	1.35146			6
2025.12.30	00:29:05.721	1.35058	1.35145			6
2025.12.30	00:29:06.033	1.35060	1.35146			6
2025.12.30	00:29:06.335	1.35057				2
2025.12.30	00:29:06.639	1.35055				2
2025.12.30	00:29:06.950	1.35061				2
2025.12.30	00:29:07.560	1.35059				2
2025.12.30	00:29:07.871	1.35063				2
2025.12.30	00:29:08.483	1.35052				2
2025.12.30	00:29:08.788	1.35059				2
2025.12.30	00:29:09.090	1.35058				2
2025.12.30	00:29:09.403	1.35060				2
2025.12.30	00:29:10.017	1.35062				2
2025.12.30	00:29:10.324	1.35056				2
2025.12.30	00:29:10.632	1.35059				2
2025.12.30	00:29:10.938	1.35062				2
2025.12.30	00:29:11.557	1.35054				2
2025.12.30	00:29:12.170	1.35061				2
2025.12.30	00:29:12.480	1.35055				2
2025.12.30	00:29:13.090	1.35062				2
2025.12.30	00:29:13.403	1.35054				2
2025.12.30	00:29:14.020	1.35063				2
2025.12.30	00:29:14.331	1.35059				2
2025.12.30	00:29:14.945	1.35062				2
2025.12.30	00:29:15.562	1.35061				2
2025.12.30	00:29:15.872	1.35062				2
2025.12.30	00:29:16.483	1.35061				2
2025.12.30	00:29:17.408	1.35060	1.35147			6
2025.12.30	00:29:18.334		1.35148			4
2025.12.30	00:29:19.257	1.35062				2
2025.12.30	00:29:19.567	1.35059				2
2025.12.30	00:29:19.874	1.35060				2
2025.12.30	00:29:22.640	1.35059				2
2025.12.30	00:29:24.487	1.35055				2
2025.12.30	00:29:27.554	1.35059				2
2025.12.30	00:29:28.782		1.35149			4
2025.12.30	00:29:32.157	1.35060				2
2025.12.30	00:29:34.002	1.35058				2
2025.12.30	00:29:35.228	1.35059				2
2025.12.30	00:29:35.533	1.35058				2
2025.12.30	00:29:38.616	1.35057				2
2025.12.30	00:29:38.925	1.35059				2
2025.12.30	00:29:39.537	1.35060				2
2025.12.30	00:29:40.458	1.35059				2
2025.12.30	00:29:42.310	1.35060				2
2025.12.30	00:29:44.462	1.35057				2
2025.12.30	00:29:52.160	1.35063				2
2025.12.30	00:29:52.466	1.35062				2
2025.12.30	00:30:00.174	1.35061				2
2025.12.30	00:30:00.486	1.35063	1.35144			6
2025.12.30	00:30:00.789	1.35071	1.35146			6
2025.12.30	00:30:01.717	1.35073				2
2025.12.30	00:30:02.326		1.35147			4
2025.12.30	00:30:02.944	1.35072				2
2025.12.30	00:30:03.263		1.35146			4
2025.12.30	00:30:05.733	1.35050				2
2025.12.30	00:30:06.104	1.35065				2
2025.12.30	00:30:09.492	1.35063				2
2025.12.30	00:30:12.574	1.35051				2
2025.12.30	00:30:13.500	1.35059	1.35144			6
2025.12.30	00:30:13.813	1.35061				2
2025.12.30	00:30:15.354	1.35057	1.35150			6
2025.12.30	00:30:16.894	1.35056				2
2025.12.30	00:30:17.205	1.35051				2
2025.12.30	00:30:21.188		1.35135			4
2025.12.30	00:30:21.496	1.35056				2
2025.12.30	00:30:23.036	1.35054				2
2025.12.30	00:30:27.634		1.35133			4
2025.12.30	00:30:27.941	1.35053				2
2025.12.30	00:30:28.863	1.35054				2
2025.12.30	00:30:30.410	1.35053				2
2025.12.30	00:30:32.563	1.35052				2
2025.12.30	00:30:32.871	1.35053				2
2025.12.30	00:30:39.604	1.35050				2
2025.12.30	00:30:46.067		1.35135			4
2025.12.30	00:30:49.463	1.35054				2
2025.12.30	00:30:52.848	1.35053				2
2025.12.30	00:30:55.009	1.35051				2
2025.12.30	00:30:55.316	1.35052				2
2025.12.30	00:30:56.242	1.35051				2
2025.12.30	00:30:59.326	1.35052				2
2025.12.30	00:30:59.634	1.35051				2
2025.12.30	00:31:00.255	1.35051				2
2025.12.30	00:31:06.742	1.35054				2
2025.12.30	00:31:13.216	1.35051				2
2025.12.30	00:31:27.994	1.35054				2
2025.12.30	00:31:34.456	1.35053				2
2025.12.30	00:31:35.990	1.35054				2
2025.12.30	00:31:36.609	1.35053				2
2025.12.30	00:31:37.835	1.35055				2
2025.12.30	00:31:46.153		1.35135			4
2025.12.30	00:31:47.077	1.35045				2
2025.12.30	00:31:47.997	1.35044				2
2025.12.30	00:31:51.999	1.35045				2
2025.12.30	00:31:53.226	1.35047				2
2025.12.30	00:32:00.004	1.35045				2
2025.12.30	00:32:00.312	1.35044				2
2025.12.30	00:32:11.400	1.35041				2
2025.12.30	00:32:13.869	1.35038				2
2025.12.30	00:32:18.809	1.35041				2
2025.12.30	00:32:19.734	1.35040				2
2025.12.30	00:32:21.275	1.35037				2
2025.12.30	00:32:24.675	1.35036				2
2025.12.30	00:32:26.520	1.35035				2
2025.12.30	00:32:27.754	1.35033				2
2025.12.30	00:32:28.682	1.35032				2
2025.12.30	00:32:31.761	1.35033				2
2025.12.30	00:32:32.070	1.35036				2
2025.12.30	00:32:32.684	1.35039	1.35133			6
2025.12.30	00:32:35.156	1.35038				2
2025.12.30	00:32:40.392	1.35039				2
2025.12.30	00:32:43.475		1.35135			4
2025.12.30	00:32:43.785		1.35132			4
2025.12.30	00:32:45.013	1.35040				2
2025.12.30	00:32:49.334		1.35135			4
2025.12.30	00:32:49.949		1.35132			4
2025.12.30	00:32:51.491	1.35037				2
2025.12.30	00:32:52.730	1.35033				2
2025.12.30	00:33:00.130	1.35032				2
2025.12.30	00:33:01.361	1.35030	1.35123			6
2025.12.30	00:33:01.983	1.35031				2
2025.12.30	00:33:07.539		1.35130			4
2025.12.30	00:33:08.157		1.35128			4
2025.12.30	00:33:11.550	1.35032				2
2025.12.30	00:33:11.857	1.35031				2
2025.12.30	00:33:13.710	1.35030				2
2025.12.30	00:33:14.324		1.35130			4
2025.12.30	00:33:14.631		1.35128			4
2025.12.30	00:33:15.560	1.35031				2
2025.12.30	00:33:17.420	1.35030				2
2025.12.30	00:33:18.961	1.35032				2
2025.12.30	00:33:22.054	1.35034				2
2025.12.30	00:33:22.360		1.35130			4
2025.12.30	00:33:25.442	1.35033				2
2025.12.30	00:33:31.896	1.35031				2
2025.12.30	00:33:42.053	1.35033				2
2025.12.30	00:33:45.445	1.35034				2
2025.12.30	00:33:47.604	1.35033				2
2025.12.30	00:33:47.908	1.35034				2
2025.12.30	00:33:51.912	1.35035				2
2025.12.30	00:33:57.766	1.35034				2
2025.12.30	00:34:00.239	1.35034				2
2025.12.30	00:34:00.850	1.35031	1.35127			6
2025.12.30	00:34:01.155	1.35032				2
2025.12.30	00:34:01.464	1.35034	1.35126			6
2025.12.30	00:34:02.085	1.35036	1.35128			6
2025.12.30	00:34:03.013	1.35035	1.35127			6
2025.12.30	00:34:07.940	1.35036	1.35128			6
2025.12.30	00:34:11.325	1.35034	1.35130			6
2025.12.30	00:34:11.940	1.35036				2
2025.12.30	00:34:13.784	1.35035				2
2025.12.30	00:34:17.777	1.35031	1.35125			6
2025.12.30	00:34:20.542	1.35029				2
2025.12.30	00:34:22.076		1.35126			4
2025.12.30	00:34:27.611	1.35031	1.35128			6
2025.12.30	00:34:31.917	1.35035	1.35130			6
2025.12.30	00:34:37.161	1.35034				2
2025.12.30	00:34:37.469	1.35033				2
2025.12.30	00:34:39.313	1.35032	1.35129			6
2025.12.30	00:34:42.089	1.35034	1.35130			6
2025.12.30	00:34:43.012	1.35035				2
2025.12.30	00:35:00.217	1.35035				2
2025.12.30	00:35:00.832		1.35129			4
2025.12.30	00:35:01.445	1.35030	1.35128			6
2025.12.30	00:35:02.056	1.35033	1.35129			6
2025.12.30	00:35:03.890		1.35130			4
2025.12.30	00:35:06.956	1.35034	1.35129			6
2025.12.30	00:35:08.180		1.35130			4
2025.12.30	00:35:08.796		1.35129			4
2025.12.30	00:35:11.863	1.35033				2
2025.12.30	00:35:14.015	1.35032	1.35128			6
2025.12.30	00:35:17.388		1.35127			4
2025.12.30	00:35:18.928	1.35033	1.35129			6
2025.12.30	00:35:31.832	1.35034				2
2025.12.30	00:35:33.990	1.35035				2
2025.12.30	00:35:34.292		1.35128			4
2025.12.30	00:35:35.518	1.35034				2
2025.12.30	00:35:35.825	1.35035				2
2025.12.30	00:35:38.895	1.35034	1.35127			6
2025.12.30	00:35:39.507	1.35035	1.35124			6
2025.12.30	00:35:39.813		1.35126			4
2025.12.30	00:35:40.118		1.35123			4
2025.12.30	00:35:40.730	1.35036	1.35124			6
2025.12.30	00:35:41.971	1.35035	1.35122			6
2025.12.30	00:35:42.275		1.35123			4
2025.12.30	00:35:48.111		1.35122			4
2025.12.30	00:35:48.417	1.35033	1.35119			6
2025.12.30	00:35:48.725	1.35035				2
2025.12.30	00:36:00.096	1.35035				2
2025.12.30	00:36:04.424		1.35124			4
2025.12.30	00:36:05.958	1.35036	1.35122			6
2025.12.30	00:36:17.703	1.35038				2
2025.12.30	00:36:18.013	1.35039	1.35121			6
2025.12.30	00:36:20.791		1.35119			4
2025.12.30	00:36:21.098		1.35122			4
2025.12.30	00:36:21.401	1.35035	1.35124			6
2025.12.30	00:36:21.708	1.35037				2
2025.12.30	00:36:23.870	1.35036				2
2025.12.30	00:36:29.121	1.35037				2
2025.12.30	00:36:31.281	1.35039	1.35116			6
2025.12.30	00:36:31.590	1.35038				2
2025.12.30	00:36:31.896	1.35036				2
2025.12.30	00:36:35.602	1.35037				2
2025.12.30	00:36:39.310	1.35036				2
2025.12.30	00:36:41.477	1.35035				2
2025.12.30	00:36:42.102	1.35037				2
2025.12.30	00:36:46.734	1.35035				2
2025.12.30	00:36:51.056		1.35125			4
2025.12.30	00:36:51.358		1.35123			4
2025.12.30	00:36:55.065		1.35122			4
2025.12.30	00:36:55.678	1.35036	1.35123			6
2025.12.30	00:36:56.298		1.35118			4
2025.12.30	00:36:59.390	1.35037				2
2025.12.30	00:37:00.004	1.35037				2
2025.12.30	00:37:02.778	1.35036				2
2025.12.30	00:37:14.514	1.35038				2
2025.12.30	00:37:23.170		1.35123			4
2025.12.30	00:37:24.090	1.35039	1.35114			6
2025.12.30	00:37:31.189	1.35038				2
2025.12.30	00:37:31.501	1.35039				2
2025.12.30	00:37:42.015	1.35040				2
2025.12.30	00:37:43.868		1.35121			4
2025.12.30	00:37:50.351		1.35122			4
2025.12.30	00:37:54.057		1.35121			4
2025.12.30	00:37:58.996		1.35122			4
2025.12.30	00:38:00.229	1.35040				2
2025.12.30	00:38:01.471	1.35042	1.35121			6
2025.12.30	00:38:01.775	1.35043	1.35118			6
2025.12.30	00:38:02.701	1.35044	1.35120			6
2025.12.30	00:38:03.622	1.35042	1.35121			6
2025.12.30	00:38:07.648	1.35043	1.35119			6
2025.12.30	00:38:10.422	1.35045	1.35121			6
2025.12.30	00:38:10.733	1.35044				2
2025.12.30	00:38:14.132		1.35118			4
2025.12.30	00:38:19.097		1.35121			4
2025.12.30	00:38:21.874	1.35042				2
2025.12.30	00:38:23.117	1.35043	1.35123			6
2025.12.30	00:38:31.454	1.35042	1.35122			6
2025.12.30	00:38:32.067	1.35043	1.35120			6
2025.12.30	00:38:32.994	1.35044	1.35119			6
2025.12.30	00:38:40.120	1.35042	1.35121			6
2025.12.30	00:38:46.299	1.35041	1.35115			6
2025.12.30	00:38:46.918	1.35042				2
2025.12.30	00:38:59.890	1.35043				2
2025.12.30	00:39:00.199	1.35043				2
2025.12.30	00:39:07.297	1.35047	1.35113			6
2025.12.30	00:39:07.597	1.35050				2
2025.12.30	00:39:08.309		1.35119			4
2025.12.30	00:39:08.611		1.35118			4
2025.12.30	00:39:12.013		1.35120			4
2025.12.30	00:39:12.632		1.35121			4
2025.12.30	00:39:17.342		1.35122			4
2025.12.30	00:39:20.741		1.35120			4
2025.12.30	00:39:21.357		1.35126			4
2025.12.30	00:39:21.658		1.35125			4
2025.12.30	00:39:21.977		1.35129			4
2025.12.30	00:39:22.903		1.35130			4
2025.12.30	00:39:36.083		1.35129			4
2025.12.30	00:39:38.115		1.35126			4
2025.12.30	00:39:38.739		1.35127			4
2025.12.30	00:39:53.270		1.35126			4
2025.12.30	00:39:53.588		1.35125			4
2025.12.30	00:39:54.200		1.35124			4
2025.12.30	00:39:57.284		1.35125			4
2025.12.30	00:39:57.604		1.35127			4
2025.12.30	00:39:58.524		1.35126			4
2025.12.30	00:40:00.067	1.35050				2
2025.12.30	00:40:00.683		1.35125			4
2025.12.30	00:40:10.272		1.35126			4
2025.12.30	00:40:10.577		1.35125			4
2025.12.30	00:40:10.892		1.35128			4
2025.12.30	00:40:11.204		1.35127			4
2025.12.30	00:40:11.825		1.35133			4
2025.12.30	00:40:14.326		1.35131			4
2025.12.30	00:40:22.369		1.35132			4
2025.12.30	00:40:26.770		1.35131			4
2025.12.30	00:40:27.076		1.35130			4
2025.12.30	00:40:27.386		1.35129			4
2025.12.30	00:40:36.033		1.35130			4
2025.12.30	00:40:44.685		1.35129			4
2025.12.30	00:40:46.850	1.35045				2
2025.12.30	00:40:47.474	1.35044				2
2025.12.30	00:40:48.101	1.35043	1.35128			6
2025.12.30	00:40:48.413	1.35044	1.35127			6
2025.12.30	00:40:48.724		1.35125			4
2025.12.30	00:40:50.572	1.35050				2
2025.12.30	00:40:50.876		1.35126			4
2025.12.30	00:40:51.185		1.35127			4
2025.12.30	00:40:51.504		1.35125			4
2025.12.30	00:41:00.141	1.35050				2
2025.12.30	00:41:07.556		1.35127			4
2025.12.30	00:41:07.869		1.35126			4
2025.12.30	00:41:10.637		1.35127			4
2025.12.30	00:41:11.880		1.35128			4
2025.12.30	00:41:13.735		1.35130			4
2025.12.30	00:41:22.063		1.35128			4
2025.12.30	00:41:31.335		1.35126			4
2025.12.30	00:41:31.952		1.35128			4
2025.12.30	00:41:41.796		1.35129			4
2025.12.30	00:41:44.577		1.35130			4
2025.12.30	00:41:47.960		1.35129			4
2025.12.30	00:41:48.266		1.35130			4
2025.12.30	00:41:51.031		1.35128			4
2025.12.30	00:41:51.953	1.35047	1.35127			6
2025.12.30	00:42:00.410	1.35047				2
2025.12.30	00:42:10.394	1.35050	1.35123			6
2025.12.30	00:42:15.013		1.35124			4
2025.12.30	00:42:16.141		1.35123			4
2025.12.30	00:42:27.917	1.35045	1.35121			6
2025.12.30	00:42:28.221	1.35044				2
2025.12.30	00:42:28.528	1.35045	1.35123			6
2025.12.30	00:42:28.831	1.35044	1.35120			6
2025.12.30	00:42:33.130	1.35045				2
2025.12.30	00:42:36.823	1.35044	1.35123			6
2025.12.30	00:42:38.970		1.35122			4
2025.12.30	00:42:41.748	1.35045	1.35121			6
2025.12.30	00:42:42.056	1.35044				2
2025.12.30	00:42:42.367		1.35120			4
2025.12.30	00:42:44.521		1.35121			4
2025.12.30	00:42:46.357	1.35045	1.35122			6
2025.12.30	00:42:46.666	1.35044	1.35119			6
2025.12.30	00:42:51.282	1.35045	1.35117			6
2025.12.30	00:42:54.348	1.35046				2
2025.12.30	00:42:54.656	1.35045				2
2025.12.30	00:42:56.496		1.35116			4
2025.12.30	00:43:00.184	1.35045				2
2025.12.30	00:43:04.516		1.35117			4
2025.12.30	00:43:06.060		1.35116			4
2025.12.30	00:43:10.692		1.35117			4
2025.12.30	00:43:21.767		1.35115			4
2025.12.30	00:43:26.990	1.35046	1.35117			6
2025.12.30	00:43:27.297	1.35045	1.35115			6
2025.12.30	00:43:32.524	1.35047				2
2025.12.30	00:43:32.826	1.35045	1.35113			6
2025.12.30	00:43:34.353	1.35046	1.35114			6
2025.12.30	00:43:37.420		1.35116			4
2025.12.30	00:43:37.725	1.35045				2
2025.12.30	00:43:40.815	1.35044				2
2025.12.30	00:43:45.732	1.35045				2
2025.12.30	00:43:46.038		1.35115			4
2025.12.30	00:43:46.350	1.35046	1.35114			6
2025.12.30	00:44:00.192	1.35046				2
2025.12.30	00:44:00.812	1.35045	1.35113			6
2025.12.30	00:44:02.051		1.35114			4
2025.12.30	00:44:05.447		1.35113			4
2025.12.30	00:44:06.065	1.35044	1.35112			6
2025.12.30	00:44:06.370	1.35045	1.35113			6
2025.12.30	00:44:11.934	1.35043	1.35112			6
2025.12.30	00:44:12.239	1.35046				2
2025.12.30	00:44:17.768	1.35047				2
2025.12.30	00:44:18.995		1.35115			4
2025.12.30	00:44:21.454	1.35045	1.35113			6
2025.12.30	00:44:23.002	1.35044	1.35115			6
2025.12.30	00:44:23.310		1.35114			4
2025.12.30	00:44:23.932	1.35042	1.35115			6
2025.12.30	00:44:24.242	1.35044				2
2025.12.30	00:44:24.550	1.35043				2
2025.12.30	00:44:26.710	1.35042	1.35114			6
2025.12.30	00:44:27.019	1.35043	1.35113			6
2025.12.30	00:44:27.633		1.35111			4
2025.12.30	00:44:27.939	1.35042				2
2025.12.30	00:44:41.845	1.35033	1.35105			6
2025.12.30	00:44:42.153		1.35106			4
2025.12.30	00:44:42.462	1.35034				2
2025.12.30	00:44:44.626	1.35035	1.35107			6
2025.12.30	00:44:50.489	1.35037	1.35117			6
2025.12.30	00:44:50.796	1.35043				2
2025.12.30	00:44:51.106	1.35044				2
2025.12.30	00:44:52.341	1.35045	1.35118			6
2025.12.30	00:44:52.653	1.35043	1.35115			6
2025.12.30	00:44:53.575	1.35044				2
2025.12.30	00:44:53.890		1.35113			4
2025.12.30	00:44:55.739		1.35112			4
2025.12.30	00:45:00.055	1.35044				2
2025.12.30	00:45:00.670	1.35043	1.35116			6
2025.12.30	00:45:00.978	1.35038	1.35117			6
2025.12.30	00:45:03.150		1.35118			4
2025.12.30	00:45:03.771	1.35039				2
2025.12.30	00:45:05.618	1.35045	1.35113			6
2025.12.30	00:45:05.918	1.35043	1.35115			6
2025.12.30	00:45:06.540		1.35116			4
2025.12.30	00:45:12.388	1.35059	1.35100			6
2025.12.30	00:45:15.060	1.35055	1.35099			6
2025.12.30	00:45:16.287	1.35056				2
2025.12.30	00:45:21.537		1.35100			4
2025.12.30	00:45:21.841	1.35058	1.35098			6
2025.12.30	00:45:22.773	1.35056	1.35095			6
2025.12.30	00:45:23.391	1.35057				2
2025.12.30	00:45:24.933	1.35058	1.35094			6
2025.12.30	00:45:25.861	1.35051	1.35088			6
2025.12.30	00:45:36.674	1.35048	1.35090			6
2025.12.30	00:45:36.983		1.35091			4
2025.12.30	00:45:37.603	1.35050	1.35088			6
2025.12.30	00:45:37.906	1.35051	1.35087			6
2025.12.30	00:45:42.539	1.35057	1.35093			6
2025.12.30	00:45:42.854	1.35056	1.35096			6
2025.12.30	00:45:43.775		1.35095			4
2025.12.30	00:45:44.082	1.35058				2
2025.12.30	00:45:45.620	1.35057				2
2025.12.30	00:45:46.865	1.35051	1.35091			6
2025.12.30	00:45:47.170	1.35043	1.35089			6
2025.12.30	00:45:47.477	1.35049				2
2025.12.30	00:45:48.401	1.35048				2
2025.12.30	00:45:50.568	1.35045				2
2025.12.30	00:45:51.486	1.35043				2
2025.12.30	00:45:51.793	1.35044				2
2025.12.30	00:45:55.825	1.35043				2
2025.12.30	00:45:56.125	1.35042				2
2025.12.30	00:45:56.742		1.35090			4
2025.12.30	00:45:57.050	1.35043				2
2025.12.30	00:46:00.139	1.35043				2
2025.12.30	00:46:00.446	1.35042				2
2025.12.30	00:46:01.992	1.35044				2
2025.12.30	00:46:02.306	1.35045				2
2025.12.30	00:46:03.848		1.35091			4
2025.12.30	00:46:05.702	1.35047	1.35090			6
2025.12.30	00:46:06.010	1.35045	1.35087			6
2025.12.30	00:46:06.627	1.35038	1.35090			6
2025.12.30	00:46:06.939	1.35037	1.35092			6
2025.12.30	00:46:07.247	1.35040	1.35088			6
2025.12.30	00:46:07.866		1.35087			4
2025.12.30	00:46:11.571	1.35041	1.35091			6
2025.12.30	00:46:11.882	1.35042				2
2025.12.30	00:46:15.896	1.35043				2
2025.12.30	00:46:16.508	1.35042				2
2025.12.30	00:46:17.124	1.35041	1.35090			6
2025.12.30	00:46:18.987	1.35036	1.35087			6
2025.12.30	00:46:19.604	1.35039				2
2025.12.30	00:46:19.912	1.35040				2
2025.12.30	00:46:20.526	1.35035				2
2025.12.30	00:46:21.458	1.35038				2
2025.12.30	00:46:23.624	1.35037				2
2025.12.30	00:46:24.865		1.35088			4
2025.12.30	00:46:28.259	1.35036				2
2025.12.30	00:46:28.571	1.35037				2
2025.12.30	00:46:28.878	1.35036				2
2025.12.30	00:46:31.978	1.35034				2
2025.12.30	00:46:34.762		1.35089			4
2025.12.30	00:46:35.688	1.35028	1.35086			6
2025.12.30	00:46:37.234	1.35030	1.35088			6
2025.12.30	00:46:37.844		1.35089			4
2025.12.30	00:46:38.150		1.35088			4
2025.12.30	00:46:41.236	1.35032				2
2025.12.30	00:46:43.706		1.35089			4
2025.12.30	00:46:44.943		1.35088			4
2025.12.30	00:46:45.250		1.35089			4
2025.12.30	00:46:47.732	1.35031	1.35088			6
2025.12.30	00:46:50.503		1.35089			4
2025.12.30	00:46:51.735	1.35033				2
2025.12.30	00:46:52.969		1.35087			4
2025.12.30	00:46:53.894	1.35032				2
2025.12.30	00:46:54.203	1.35033	1.35086			6
2025.12.30	00:46:59.768		1.35085			4
2025.12.30	00:47:00.080	1.35033				2
2025.12.30	00:47:00.389	1.35027	1.35081			6
2025.12.30	00:47:00.696	1.35028	1.35083			6
2025.12.30	00:47:03.171		1.35081			4
2025.12.30	00:47:03.482	1.35026	1.35084			6
2025.12.30	00:47:03.785	1.35027	1.35082			6
2025.12.30	00:47:05.641	1.35025	1.35086			6
2025.12.30	00:47:07.795	1.35028				2
2025.12.30	00:47:08.107	1.35025				2
2025.12.30	00:47:09.654	1.35027	1.35087			6
2025.12.30	00:47:10.267	1.35029	1.35086			6
2025.12.30	00:47:10.574	1.35030	1.35087			6
2025.12.30	00:47:12.124	1.35031				2
2025.12.30	00:47:12.434		1.35085			4
2025.12.30	00:47:12.738	1.35032	1.35083			6
2025.12.30	00:47:13.355	1.35031	1.35086			6
2025.12.30	00:47:13.975	1.35030				2
2025.12.30	00:47:15.518		1.35084			4
2025.12.30	00:47:16.142		1.35083			4
2025.12.30	00:47:17.067	1.35032	1.35082			6
2025.12.30	00:47:17.687	1.35031	1.35084			6
2025.12.30	00:47:17.991	1.35030				2
2025.12.30	00:47:18.925	1.35031	1.35082			6
2025.12.30	00:47:19.229	1.35030	1.35085			6
2025.12.30	00:47:20.766	1.35033	1.35082			6
2025.12.30	00:47:21.085		1.35081			4
2025.12.30	00:47:21.390	1.35032	1.35083			6
2025.12.30	00:47:22.007	1.35033	1.35084			6
2025.12.30	00:47:22.321		1.35081			4
2025.12.30	00:47:22.935	1.35035	1.35082			6
2025.12.30	00:47:24.478	1.35034				2
2025.12.30	00:47:24.785	1.35035	1.35081			6
2025.12.30	00:47:29.442	1.35034	1.35085			6
2025.12.30	00:47:29.742		1.35082			4
2025.12.30	00:47:30.057	1.35030	1.35085			6
2025.12.30	00:47:34.392	1.35032	1.35087			6
2025.12.30	00:47:34.697	1.35031	1.35086			6
2025.12.30	00:47:36.862	1.35032	1.35085			6
2025.12.30	00:47:37.479		1.35084			4
2025.12.30	00:47:40.258	1.35034	1.35083			6
2025.12.30	00:47:40.888		1.35081			4
2025.12.30	00:47:41.195	1.35035	1.35082			6
2025.12.30	00:47:42.126		1.35081			4
2025.12.30	00:47:43.371	1.35033	1.35083			6
2025.12.30	00:47:43.674	1.35031	1.35084			6
2025.12.30	00:47:44.290	1.35030	1.35083			6
2025.12.30	00:47:44.601	1.35034	1.35082			6
2025.12.30	00:47:45.218	1.35031	1.35083			6
2025.12.30	00:47:46.142	1.35030	1.35084			6
2025.12.30	00:47:48.922	1.35034	1.35086			6
2025.12.30	00:47:49.232	1.35033	1.35083			6
2025.12.30	00:47:51.081	1.35035				2
2025.12.30	00:47:52.006	1.35037	1.35082			6
2025.12.30	00:48:00.037	1.35037				2
2025.12.30	00:48:00.655	1.35036	1.35079			6
2025.12.30	00:48:04.053	1.35037	1.35081			6
2025.12.30	00:48:04.364	1.35036	1.35079			6
2025.12.30	00:48:04.980	1.35034	1.35083			6
2025.12.30	00:48:05.285	1.35035				2
2025.12.30	00:48:05.591		1.35082			4
2025.12.30	00:48:05.904	1.35036	1.35083			6
2025.12.30	00:48:06.832	1.35035	1.35081			6
2025.12.30	00:48:07.136	1.35034	1.35083			6
2025.12.30	00:48:12.072		1.35082			4
2025.12.30	00:48:17.027	1.35036	1.35080			6
2025.12.30	00:48:17.335	1.35033	1.35083			6
2025.12.30	00:48:17.653	1.35032				2
2025.12.30	00:48:19.192	1.35031	1.35085			6
2025.12.30	00:48:19.500	1.35032	1.35084			6
2025.12.30	00:48:19.807		1.35085			4
2025.12.30	00:48:20.122	1.35034	1.35086			6
2025.12.30	00:48:24.454	1.35033	1.35085			6
2025.12.30	00:48:24.760	1.35032	1.35081			6
2025.12.30	00:48:25.075	1.35031				2
2025.12.30	00:48:25.385	1.35030	1.35082			6
2025.12.30	00:48:26.003		1.35083			4
2025.12.30	00:48:26.308	1.35032	1.35082			6
2025.12.30	00:48:29.393	1.35033	1.35083			6
2025.12.30	00:48:29.704	1.35034	1.35080			6
2025.12.30	00:48:30.013		1.35082			4
2025.12.30	00:48:30.322	1.35035	1.35081			6
2025.12.30	00:48:30.624	1.35034	1.35082			6
2025.12.30	00:48:30.935		1.35081			4
2025.12.30	00:48:31.241	1.35035	1.35080			6
2025.12.30	00:48:33.407	1.35036	1.35082			6
2025.12.30	00:48:33.723	1.35035	1.35083			6
2025.12.30	00:48:34.034	1.35034	1.35081			6
2025.12.30	00:48:34.335	1.35035	1.35080			6
2025.12.30	00:48:34.653	1.35036	1.35081			6
2025.12.30	00:48:35.270	1.35035	1.35083			6
2025.12.30	00:48:35.577	1.35036	1.35082			6
2025.12.30	00:48:36.193	1.35035	1.35083			6
2025.12.30	00:48:36.504	1.35036	1.35081			6
2025.12.30	00:48:36.817	1.35035	1.35084			6
2025.12.30	00:48:39.931	1.35034	1.35081			6
2025.12.30	00:48:44.239	1.35035				2
2025.12.30	00:48:44.852	1.35036	1.35083			6
2025.12.30	00:48:46.399		1.35080			4
2025.12.30	00:48:47.639	1.35035	1.35085			6
2025.12.30	00:48:47.943		1.35087			4
2025.12.30	00:48:48.566		1.35084			4
2025.12.30	00:48:48.871	1.35037	1.35082			6
2025.12.30	00:48:49.490		1.35080			4
2025.12.30	00:48:50.414	1.35038				2
2025.12.30	00:48:51.650		1.35079			4
2025.12.30	00:48:51.955	1.35036	1.35078			6
2025.12.30	00:48:52.263		1.35079			4
2025.12.30	00:48:54.125	1.35037	1.35081			6
2025.12.30	00:48:54.439	1.35036	1.35079			6
2025.12.30	00:48:54.754	1.35035	1.35081			6
2025.12.30	00:48:55.375	1.35036	1.35080			6
2025.12.30	00:48:55.687	1.35035	1.35081			6
2025.12.30	00:48:55.993	1.35041				2
2025.12.30	00:48:56.299		1.35083			4
2025.12.30	00:48:56.609		1.35082			4
2025.12.30	00:48:59.077	1.35038				2
2025.12.30	00:48:59.386		1.35079			4
2025.12.30	00:49:00.004	1.35038				2
2025.12.30	00:49:00.313		1.35082			4
2025.12.30	00:49:00.624		1.35080			4
2025.12.30	00:49:00.932		1.35081			4
2025.12.30	00:49:04.039		1.35084			4
2025.12.30	00:49:04.347		1.35085			4
2025.12.30	00:49:05.278		1.35083			4
2025.12.30	00:49:05.591		1.35084			4
2025.12.30	00:49:05.895		1.35083			4
2025.12.30	00:49:06.204		1.35079			4
2025.12.30	00:49:08.364		1.35081			4
2025.12.30	00:49:08.980		1.35082			4
2025.12.30	00:49:13.309		1.35080			4
2025.12.30	00:49:14.236		1.35079			4
2025.12.30	00:49:14.543		1.35081			4
2025.12.30	00:49:14.857		1.35080			4
2025.12.30	00:49:15.162		1.35084			4
2025.12.30	00:49:17.634		1.35082			4
2025.12.30	00:49:20.103		1.35081			4
2025.12.30	00:49:25.685		1.35080			4
2025.12.30	00:49:41.761		1.35081			4
2025.12.30	00:49:43.928		1.35082			4
2025.12.30	00:49:45.476		1.35080			4
2025.12.30	00:49:45.782		1.35082			4
2025.12.30	00:49:47.020		1.35081			4
2025.12.30	00:49:54.453		1.35083			4
2025.12.30	00:49:54.764		1.35082			4
2025.12.30	00:49:55.071		1.35081			4
2025.12.30	00:49:58.773		1.35082			4
2025.12.30	00:50:00.028	1.35038				2
2025.12.30	00:50:04.994	1.35039	1.35078			6
2025.12.30	00:50:11.800	1.35038	1.35079			6
2025.12.30	00:50:12.115	1.35039	1.35081			6
2025.12.30	00:50:12.425	1.35038	1.35079			6
2025.12.30	00:50:14.605	1.35039	1.35081			6
2025.12.30	00:50:14.914	1.35038	1.35079			6
2025.12.30	00:50:15.530	1.35039	1.35081			6
2025.12.30	00:50:23.871	1.35038	1.35083			6
2025.12.30	00:50:24.180	1.35039	1.35081			6
2025.12.30	00:50:27.271	1.35040	1.35079			6
2025.12.30	00:50:27.894	1.35039	1.35081			6
2025.12.30	00:50:39.702	1.35040	1.35082			6
2025.12.30	00:50:45.877	1.35039	1.35083			6
2025.12.30	00:50:46.186	1.35040	1.35085			6
2025.12.30	00:50:48.976	1.35038	1.35083			6
2025.12.30	00:50:49.912		1.35084			4
2025.12.30	00:50:50.840	1.35039	1.35083			6
2025.12.30	00:50:51.142	1.35038	1.35084			6
2025.12.30	00:50:52.069		1.35087			4
2025.12.30	00:50:53.003		1.35085			4
2025.12.30	00:50:56.088		1.35086			4
2025.12.30	00:50:57.017	1.35039	1.35084			6
2025.12.30	00:50:57.632		1.35083			4
2025.12.30	00:50:59.175	1.35041	1.35084			6
2025.12.30	00:50:59.794	1.35039				2
2025.12.30	00:51:00.107	1.35039				2
2025.12.30	00:51:00.416	1.35040				2
2025.12.30	00:51:01.034	1.35039	1.35082			6
2025.12.30	00:51:02.263	1.35040	1.35081			6
2025.12.30	00:51:02.883	1.35042	1.35080			6
2025.12.30	00:51:06.275	1.35036	1.35082			6
2025.12.30	00:51:09.672	1.35037	1.35079			6
2025.12.30	00:51:09.977		1.35080			4
2025.12.30	00:51:10.902	1.35038	1.35082			6
2025.12.30	00:51:11.221	1.35037	1.35081			6
2025.12.30	00:51:11.839	1.35038				2
2025.12.30	00:51:12.452		1.35082			4
2025.12.30	00:51:13.069	1.35037	1.35081			6
2025.12.30	00:51:13.371	1.35038	1.35082			6
2025.12.30	00:51:15.520	1.35037	1.35079			6
2025.12.30	00:51:18.900	1.35038	1.35081			6
2025.12.30	00:51:19.208	1.35035	1.35082			6
2025.12.30	00:51:19.518	1.35037	1.35081			6
2025.12.30	00:51:23.511	1.35031	1.35082			6
2025.12.30	00:51:30.584	1.35032	1.35079			6
2025.12.30	00:51:31.202		1.35080			4
2025.12.30	00:51:31.513		1.35079			4
2025.12.30	00:51:31.822		1.35080			4
2025.12.30	00:51:32.132	1.35035	1.35078			6
2025.12.30	00:51:35.525	1.35034				2
2025.12.30	00:51:37.685	1.35033	1.35079			6
2025.12.30	00:51:37.996	1.35034				2
2025.12.30	00:51:40.161		1.35080			4
2025.12.30	00:51:41.390	1.35033	1.35077			6
2025.12.30	00:51:42.011	1.35032	1.35079			6
2025.12.30	00:51:44.171		1.35081			4
2025.12.30	00:51:44.474	1.35031				2
2025.12.30	00:51:45.095		1.35080			4
2025.12.30	00:51:47.884		1.35081			4
2025.12.30	00:51:48.506		1.35082			4
2025.12.30	00:51:53.441		1.35080			4
2025.12.30	00:51:55.603		1.35079			4
2025.12.30	00:51:56.226		1.35075			4
2025.12.30	00:51:56.842		1.35073			4
2025.12.30	00:52:00.233	1.35031				2
2025.12.30	00:52:04.231	1.35032	1.35078			6
2025.12.30	00:52:04.853	1.35034	1.35080			6
2025.12.30	00:52:07.321	1.35035				2
2025.12.30	00:52:07.942	1.35034				2
2025.12.30	00:52:08.563	1.35032	1.35082			6
2025.12.30	00:52:15.960	1.35031				2
2025.12.30	00:52:16.885	1.35035				2
2025.12.30	00:52:17.200	1.35031				2
2025.12.30	00:52:18.438	1.35032				2
2025.12.30	00:52:18.754	1.35033	1.35081			6
2025.12.30	00:52:22.139	1.35031	1.35082			6
2025.12.30	00:52:23.371		1.35080			4
2025.12.30	00:52:33.546	1.35038				2
2025.12.30	00:52:43.441	1.35037				2
2025.12.30	00:52:47.759	1.35038				2
2025.12.30	00:52:51.774	1.35037				2
2025.12.30	00:52:52.084	1.35034				2
2025.12.30	00:52:52.704	1.35038				2
2025.12.30	00:52:56.407	1.35036				2
2025.12.30	00:52:57.649	1.35035				2
2025.12.30	00:53:00.108	1.35035				2
2025.12.30	00:53:00.418	1.35036				2
2025.12.30	00:53:00.733	1.35035				2
2025.12.30	00:53:02.589	1.35034				2
2025.12.30	00:53:05.673	1.35037				2
2025.12.30	00:53:11.857	1.35035				2
2025.12.30	00:53:14.946	1.35036				2
2025.12.30	00:53:18.338	1.35035				2
2025.12.30	00:53:23.590		1.35080			4
2025.12.30	00:53:30.693	1.35034				2
2025.12.30	00:53:37.492	1.35036				2
2025.12.30	00:53:38.430	1.35035				2
2025.12.30	00:53:39.353	1.35036				2
2025.12.30	00:53:42.147	1.35034				2
2025.12.30	00:53:47.713	1.35035				2
2025.12.30	00:53:55.436	1.35034				2
2025.12.30	00:53:59.447	1.35036				2
2025.12.30	00:54:00.071	1.35036				2
2025.12.30	00:54:03.773	1.35037				2
2025.12.30	00:54:23.855		1.35090			4
2025.12.30	00:54:40.837	1.35039				2
2025.12.30	00:54:48.562	1.35038				2
2025.12.30	00:54:55.363		1.35089			4
2025.12.30	00:54:56.304	1.35034	1.35085			6
2025.12.30	00:54:56.925	1.35033	1.35083			6
2025.12.30	00:54:59.396	1.35037	1.35088			6
2025.12.30	00:55:00.012	1.35037				2
2025.12.30	00:55:00.327	1.35038	1.35089			6
2025.12.30	00:55:00.631		1.35090			4
2025.12.30	00:55:06.203		1.35088			4
2025.12.30	00:55:06.823	1.35037	1.35087			6
2025.12.30	00:55:08.686	1.35038	1.35088			6
2025.12.30	00:55:17.978	1.35040				2
2025.12.30	00:55:18.291	1.35039				2
2025.12.30	00:55:18.598	1.35040	1.35086			6
2025.12.30	00:55:19.530	1.35041				2
2025.12.30	00:55:22.002	1.35040				2
2025.12.30	00:55:23.850	1.35039				2
2025.12.30	00:55:26.314	1.35030	1.35081			6
2025.12.30	00:55:27.537	1.35031				2
2025.12.30	00:55:31.875		1.35082			4
2025.12.30	00:55:34.356	1.35033				2
2025.12.30	00:55:34.974	1.35032				2
2025.12.30	00:55:35.284	1.35037				2
2025.12.30	00:55:35.601	1.35032	1.35081			6
2025.12.30	00:55:35.919	1.35028				2
2025.12.30	00:55:36.539	1.35031				2
2025.12.30	00:55:37.468	1.35027	1.35079			6
2025.12.30	00:55:39.327	1.35024	1.35074			6
2025.12.30	00:55:39.948	1.35023				2
2025.12.30	00:55:40.565		1.35072			4
2025.12.30	00:55:41.793	1.35027	1.35074			6
2025.12.30	00:55:43.349	1.35028	1.35075			6
2025.12.30	00:55:43.652	1.35030				2
2025.12.30	00:55:45.516	1.35029	1.35074			6
2025.12.30	00:55:46.132		1.35073			4
2025.12.30	00:55:50.142		1.35072			4
2025.12.30	00:55:50.450	1.35032				2
2025.12.30	00:55:54.776	1.35033				2
2025.12.30	00:55:55.398	1.35031	1.35070			6
2025.12.30	00:55:55.707	1.35030				2
2025.12.30	00:56:00.023	1.35030				2
2025.12.30	00:56:00.642	1.35016	1.35061			6
2025.12.30	00:56:00.943	1.35030				2
2025.12.30	00:56:02.170	1.35015	1.35058			6
2025.12.30	00:56:02.480	1.35011	1.35056			6
2025.12.30	00:56:02.787	1.35007	1.35063			6
2025.12.30	00:56:03.090	1.35006				2
2025.12.30	00:56:03.406	1.35009				2
2025.12.30	00:56:04.025	1.35011				2
2025.12.30	00:56:05.260		1.35062			4
2025.12.30	00:56:05.874	1.35010				2
2025.12.30	00:56:07.110	1.35004	1.35064			6
2025.12.30	00:56:08.357	1.35003	1.35063			6
2025.12.30	00:56:08.977	1.35005	1.35052			6
2025.12.30	00:56:09.285	1.35020	1.35057			6
2025.12.30	00:56:12.076		1.35056			4
2025.12.30	00:56:15.483	1.35024				2
2025.12.30	00:56:18.875	1.35033				2
2025.12.30	00:56:19.178	1.35032	1.35058			6
2025.12.30	00:56:20.398	1.35031	1.35056			6
2025.12.30	00:56:22.234	1.35010	1.35048			6
2025.12.30	00:56:22.537	1.35005				2
2025.12.30	00:56:22.838	1.35011				2
2025.12.30	00:56:23.454		1.35049			4
2025.12.30	00:56:23.761	1.35012				2
2025.12.30	00:56:24.373	1.35009				2
2025.12.30	00:56:25.304	1.35007				2
2025.12.30	00:56:25.614	1.35005				2
2025.12.30	00:56:26.849	1.35007				2
2025.12.30	00:56:27.158	1.35008				2
2025.12.30	00:56:27.470	1.35011				2
2025.12.30	00:56:28.397	1.34999	1.35052			6
2025.12.30	00:56:28.704	1.35003				2
2025.12.30	00:56:29.012	1.35006				2
2025.12.30	00:56:29.321	1.35017	1.35054			6
2025.12.30	00:56:30.558	1.35019				2
2025.12.30	00:56:32.098	1.35020				2
2025.12.30	00:56:32.412	1.35022				2
2025.12.30	00:56:33.336	1.35023				2
2025.12.30	00:56:35.189		1.35051			4
2025.12.30	00:56:35.495	1.35024				2
2025.12.30	00:56:41.360	1.35006	1.35046			6
2025.12.30	00:56:41.667	1.35008				2
2025.12.30	00:56:41.977	1.35007				2
2025.12.30	00:56:42.598	1.35003	1.35048			6
2025.12.30	00:56:47.237	1.35001				2
2025.12.30	00:56:48.165	1.35005	1.35052			6
2025.12.30	00:56:48.468	1.35021				2
2025.12.30	00:56:49.699	1.35022				2
2025.12.30	00:56:51.254	1.35019	1.35064			6
2025.12.30	00:56:53.104		1.35065			4
2025.12.30	00:56:56.179	1.35020				2
2025.12.30	00:56:58.956	1.35016	1.35066			6
2025.12.30	00:56:59.266	1.35015	1.35053			6
2025.12.30	00:56:59.573	1.35019				2
2025.12.30	00:57:00.194	1.35019				2
2025.12.30	00:57:02.052		1.35052			4
2025.12.30	00:57:02.666	1.35020				2
2025.12.30	00:57:05.133		1.35050			4
2025.12.30	00:57:05.748		1.35055			4
2025.12.30	00:57:06.365	1.35011	1.35042			6
2025.12.30	00:57:06.669	1.35003	1.35043			6
2025.12.30	00:57:09.451	1.34999	1.35035			6
2025.12.30	00:57:09.758	1.35001				2
2025.12.30	00:57:10.070	1.34999				2
2025.12.30	00:57:10.689		1.35043			4
2025.12.30	00:57:11.928		1.35046			4
2025.12.30	00:57:12.855		1.35045			4
2025.12.30	00:57:13.164	1.35003	1.35049			6
2025.12.30	00:57:15.330		1.35048			4
2025.12.30	00:57:18.099	1.35001				2
2025.12.30	00:57:20.256		1.35049			4
2025.12.30	00:57:21.490	1.35013				2
2025.12.30	00:57:22.101	1.35014	1.35050			6
2025.12.30	00:57:22.713	1.35020				2
2025.12.30	00:57:23.020	1.35011				2
2025.12.30	00:57:23.340	1.35019	1.35047			6
2025.12.30	00:57:23.644	1.35011				2
2025.12.30	00:57:25.192	1.35006	1.35043			6
2025.12.30	00:57:25.501	1.35009	1.35040			6
2025.12.30	00:57:25.807	1.35010				2
2025.12.30	00:57:26.109	1.35002	1.35035			6
2025.12.30	00:57:26.417	1.35007	1.35040			6
2025.12.30	00:57:26.730	1.35001	1.35039			6
2025.12.30	00:57:27.354	1.35006				2
2025.12.30	00:57:27.660	1.35007	1.35041			6
2025.12.30	00:57:27.977	1.35013				2
2025.12.30	00:57:28.592	1.35006	1.35045			6
2025.12.30	00:57:28.900	1.35008				2
2025.12.30	00:57:30.444	1.35006				2
2025.12.30	00:57:30.753	1.35005				2
2025.12.30	00:57:32.303	1.35014	1.35049			6
2025.12.30	00:57:32.606	1.35011				2
2025.12.30	00:57:34.469		1.35048			4
2025.12.30	00:57:36.016	1.35017				2
2025.12.30	00:57:36.324	1.35025	1.35049			6
2025.12.30	00:57:36.947	1.35023				2
2025.12.30	00:57:38.178	1.35014				2
2025.12.30	00:57:38.484	1.35016				2
2025.12.30	00:57:40.642	1.35015	1.35047			6
2025.12.30	00:57:41.257	1.35020				2
2025.12.30	00:57:41.568	1.35016				2
2025.12.30	00:57:42.187	1.35017	1.35049			6
2025.12.30	00:57:42.490	1.35016				2
2025.12.30	00:57:44.338	1.35014				2
2025.12.30	00:57:45.252	1.35005	1.35043			6
2025.12.30	00:57:45.568	1.34998				2
2025.12.30	00:57:45.876	1.35001	1.35030			6
2025.12.30	00:57:46.186		1.35032			4
2025.12.30	00:57:48.352		1.35039			4
2025.12.30	00:57:51.132		1.35032			4
2025.12.30	00:57:51.438		1.35033			4
2025.12.30	00:57:51.750	1.35004	1.35044			6
2025.12.30	00:57:52.058		1.35049			4
2025.12.30	00:57:55.766	1.35003				2
2025.12.30	00:57:58.239		1.35048			4
2025.12.30	00:58:00.096	1.35003				2
2025.12.30	00:58:02.254	1.35000	1.35047			6
2025.12.30	00:58:03.488	1.35001				2
2025.12.30	00:58:05.342	1.35002	1.35037			6
2025.12.30	00:58:05.649	1.34991	1.35034			6
2025.12.30	00:58:06.577	1.34990				2
2025.12.30	00:58:06.890	1.34982	1.35029			6
2025.12.30	00:58:07.195	1.34977	1.35027			6
2025.12.30	00:58:07.503	1.34978	1.35026			6
2025.12.30	00:58:07.805	1.34977	1.35028			6
2025.12.30	00:58:08.115	1.34990	1.35030			6
2025.12.30	00:58:08.419		1.35034			4
2025.12.30	00:58:08.739	1.34977	1.35028			6
2025.12.30	00:58:09.054		1.35029			4
2025.12.30	00:58:09.360	1.34980	1.35028			6
2025.12.30	00:58:10.286	1.34979				2
2025.12.30	00:58:11.214		1.35029			4
2025.12.30	00:58:12.138	1.34977	1.35030			6
2025.12.30	00:58:13.374	1.34993				2
2025.12.30	00:58:15.839	1.34994				2
2025.12.30	00:58:19.252		1.35031			4
2025.12.30	00:58:19.871	1.34995				2
2025.12.30	00:58:21.107		1.35042			4
2025.12.30	00:58:21.413	1.34998				2
2025.12.30	00:58:21.724	1.35002	1.35041			6
2025.12.30	00:58:22.031	1.35003				2
2025.12.30	00:58:23.271	1.35005	1.35045			6
2025.12.30	00:58:23.575	1.35004				2
2025.12.30	00:58:23.886		1.35043			4
2025.12.30	00:58:24.190		1.35041			4
2025.12.30	00:58:25.420		1.35039			4
2025.12.30	00:58:25.738	1.35006	1.35036			6
2025.12.30	00:58:26.046	1.35004	1.35035			6
2025.12.30	00:58:26.359	1.35005	1.35037			6
2025.12.30	00:58:26.661	1.35010	1.35045			6
2025.12.30	00:58:26.966	1.35012	1.35047			6
2025.12.30	00:58:27.274		1.35045			4
2025.12.30	00:58:28.204		1.35043			4
2025.12.30	00:58:28.511		1.35045			4
2025.12.30	00:58:29.439		1.35043			4
2025.12.30	00:58:30.368		1.35047			4
2025.12.30	00:58:30.674		1.35045			4
2025.12.30	00:58:30.977		1.35044			4
2025.12.30	00:58:31.288		1.35041			4
2025.12.30	00:58:31.594	1.35013	1.35048			6
2025.12.30	00:58:31.912	1.35018	1.35053			6
2025.12.30	00:58:32.838	1.35019				2
2025.12.30	00:58:41.186		1.35052			4
2025.12.30	00:58:43.962		1.35053			4
2025.12.30	00:58:46.434		1.35052			4
2025.12.30	00:58:51.370	1.35013	1.35046			6
2025.12.30	00:58:51.675	1.35008				2
2025.12.30	00:58:51.996	1.35009				2
2025.12.30	00:58:52.304	1.35008				2
2025.12.30	00:58:55.706	1.35009				2
2025.12.30	00:58:56.012	1.35008				2
2025.12.30	00:58:56.325	1.35009				2
2025.12.30	00:58:56.631	1.35008				2
2025.12.30	00:58:57.252	1.35002				2
2025.12.30	00:58:57.564		1.35045			4
2025.12.30	00:58:57.870	1.35007	1.35032			6
2025.12.30	00:58:58.172	1.35008	1.35037			6
2025.12.30	00:58:58.480	1.35012				2
2025.12.30	00:59:00.009	1.35012				2
2025.12.30	00:59:02.139	1.35013				2
2025.12.30	00:59:02.444	1.35011				2
2025.12.30	00:59:02.751	1.35012				2
2025.12.30	00:59:06.110	1.35014				2
2025.12.30	00:59:10.100	1.35011	1.35036			6
2025.12.30	00:59:13.157		1.35037			4
2025.12.30	00:59:17.159	1.35001	1.35026			6
2025.12.30	00:59:17.468	1.35004	1.35030			6
2025.12.30	00:59:17.785	1.35005				2
2025.12.30	00:59:19.617		1.35029			4
2025.12.30	00:59:20.536		1.35027			4
2025.12.30	00:59:21.155	1.35004				2
2025.12.30	00:59:21.462		1.35028			4
2025.12.30	00:59:21.765	1.35005				2
2025.12.30	00:59:22.371	1.35004				2
2025.12.30	00:59:22.671	1.35003				2
2025.12.30	00:59:22.989	1.35002				2
2025.12.30	00:59:23.291	1.35003				2
2025.12.30	00:59:24.209	1.35010	1.35035			6
2025.12.30	00:59:27.271		1.35036			4
2025.12.30	00:59:28.194	1.35011				2
2025.12.30	00:59:30.652	1.35019				2
2025.12.30	00:59:30.973	1.35014				2
2025.12.30	00:59:31.890	1.35013				2
2025.12.30	00:59:32.500	1.35015				2
2025.12.30	00:59:34.931	1.35016				2
2025.12.30	00:59:36.150	1.35014				2
2025.12.30	00:59:36.457		1.35035			4
2025.12.30	00:59:38.296	1.35016				2
2025.12.30	00:59:38.908	1.35015				2
2025.12.30	00:59:39.524	1.35014				2
2025.12.30	00:59:39.831	1.35013				2
2025.12.30	00:59:41.373	1.35014				2
2025.12.30	00:59:41.679	1.35013	1.35034			6
2025.12.30	00:59:42.300		1.35035			4
2025.12.30	00:59:42.921	1.35014				2
2025.12.30	00:59:43.227	1.35013				2
2025.12.30	00:59:43.846		1.35034			4
2025.12.30	00:59:44.158	1.35012	1.35031			6
2025.12.30	00:59:44.464	1.35013	1.35035			6
2025.12.30	00:59:45.392	1.35012	1.35032			6
2025.12.30	00:59:45.693	1.35013				2
2025.12.30	00:59:46.010	1.35012	1.35035			6
2025.12.30	00:59:46.317		1.35034			4
2025.12.30	00:59:46.631	1.35013	1.35035			6
2025.12.30	00:59:46.937		1.35033			4
2025.12.30	00:59:47.244		1.35035			4
2025.12.30	00:59:49.404	1.35012				2
2025.12.30	00:59:49.710	1.35014	1.35034			6
2025.12.30	00:59:50.023		1.35035			4
2025.12.30	00:59:51.269	1.35019				2
2025.12.30	00:59:51.587	1.35013				2
2025.12.30	00:59:52.211	1.35012				2
2025.12.30	00:59:53.453	1.35013				2
2025.12.30	00:59:55.643	1.35014				2
2025.12.30	00:59:55.965	1.35013				2
2025.12.30	00:59:56.281	1.35014				2
2025.12.30	00:59:56.599	1.35013				2
2025.12.30	00:59:57.842	1.35014				2
2025.12.30	00:59:58.147	1.35013				2
2025.12.30	00:59:58.789	1.35015	1.35036			6
2025.12.30	01:00:00.035	1.35013	1.35034			6
2025.12.30	01:00:00.355	1.35031	1.35066			6
2025.12.30	01:00:00.677		1.35062			4
2025.12.30	01:00:01.001	1.35011	1.35059			6
2025.12.30	01:00:01.303	1.35014				2
2025.12.30	01:00:01.913	1.35018	1.35054			6
2025.12.30	01:00:02.222	1.35042				2
2025.12.30	01:00:02.525	1.35053				2
2025.12.30	01:00:02.834	1.35052	1.35053			6
2025.12.30	01:00:03.442	1.35054	1.35066			6
2025.12.30	01:00:03.748	1.35053	1.35065			6
2025.12.30	01:00:04.051	1.35037	1.35079			6
2025.12.30	01:00:04.356	1.35036	1.35077			6
2025.12.30	01:00:05.599	1.35035				2
2025.12.30	01:00:06.524	1.35031				2
2025.12.30	01:00:07.158	1.35041	1.35052			6
2025.12.30	01:00:07.783		1.35054			4
2025.12.30	01:00:13.091		1.35055			4
2025.12.30	01:00:17.170	1.35069	1.35108			6
2025.12.30	01:00:17.474	1.35074	1.35105			6
2025.12.30	01:00:17.781	1.35072				2
2025.12.30	01:00:18.083	1.35067	1.35107			6
2025.12.30	01:00:18.384	1.35062	1.35106			6
2025.12.30	01:00:18.686	1.35063	1.35104			6
2025.12.30	01:00:18.994	1.35060				2
2025.12.30	01:00:19.310	1.35064	1.35099			6
2025.12.30	01:00:19.931	1.35066				2
2025.12.30	01:00:20.239	1.35063	1.35097			6
2025.12.30	01:00:23.641	1.35071	1.35105			6
2025.12.30	01:00:23.950	1.35074				2
2025.12.30	01:00:24.264	1.35068				2
2025.12.30	01:00:24.570		1.35104			4
2025.12.30	01:00:25.188	1.35066				2
2025.12.30	01:00:26.731	1.35069				2
2025.12.30	01:00:27.342	1.35071				2
2025.12.30	01:00:27.963	1.35066				2
2025.12.30	01:00:28.893	1.35067	1.35103			6
2025.12.30	01:00:30.437	1.35060	1.35109			6
2025.12.30	01:00:30.750	1.35065	1.35110			6
2025.12.30	01:00:31.056	1.35070	1.35105			6
2025.12.30	01:00:31.359	1.35066	1.35103			6
2025.12.30	01:00:31.666	1.35064	1.35098			6
2025.12.30	01:00:32.294	1.35062	1.35101			6
2025.12.30	01:00:32.598	1.35060	1.35105			6
2025.12.30	01:00:32.901	1.35064	1.35107			6
2025.12.30	01:00:33.205	1.35065	1.35104			6
2025.12.30	01:00:33.524	1.35064	1.35103			6
2025.12.30	01:00:33.842		1.35102			4
2025.12.30	01:00:34.466	1.35067				2
2025.12.30	01:00:34.787		1.35109			4
2025.12.30	01:00:35.092	1.35069	1.35106			6
2025.12.30	01:00:35.410		1.35111			4
2025.12.30	01:00:36.014	1.35059	1.35091			6
2025.12.30	01:00:36.333		1.35090			4
2025.12.30	01:00:37.877		1.35091			4
2025.12.30	01:00:39.727		1.35090			4
2025.12.30	01:00:40.039		1.35088			4
2025.12.30	01:00:40.956	1.35063	1.35099			6
2025.12.30	01:00:41.266	1.35065	1.35098			6
2025.12.30	01:00:45.307	1.35064	1.35099			6
2025.12.30	01:00:45.612	1.35066				2
2025.12.30	01:00:45.920	1.35069	1.35098			6
2025.12.30	01:00:46.223	1.35066				2
2025.12.30	01:00:46.547	1.35056				2
2025.12.30	01:00:46.857	1.35057				2
2025.12.30	01:00:47.162	1.35056				2
2025.12.30	01:00:47.780	1.35057				2
2025.12.30	01:00:48.400	1.35056				2
2025.12.30	01:00:49.645	1.35057				2
2025.12.30	01:00:49.958	1.35056				2
2025.12.30	01:00:51.194	1.35069	1.35110			6
2025.12.30	01:00:51.503	1.35070	1.35106			6
2025.12.30	01:00:52.124	1.35074				2
2025.12.30	01:00:52.439	1.35071				2
2025.12.30	01:00:53.988	1.35074	1.35105			6
2025.12.30	01:00:54.303	1.35068				2
2025.12.30	01:00:54.614	1.35072				2
2025.12.30	01:00:54.926	1.35073	1.35104			6
2025.12.30	01:00:55.245	1.35072	1.35105			6
2025.12.30	01:00:57.380	1.35075				2
2025.12.30	01:00:57.688		1.35109			4
2025.12.30	01:00:59.242	1.35072	1.35105			6
2025.12.30	01:00:59.547	1.35075	1.35109			6
2025.12.30	01:00:59.861	1.35072	1.35105			6
2025.12.30	01:01:00.169	1.35071	1.35106			6
2025.12.30	01:01:00.483	1.35073	1.35107			6
2025.12.30	01:01:00.790	1.35077	1.35108			6
2025.12.30	01:01:01.404	1.35075	1.35106			6
2025.12.30	01:01:02.027	1.35077	1.35109			6
2025.12.30	01:01:02.328	1.35076	1.35108			6
2025.12.30	01:01:03.255	1.35070	1.35109			6
2025.12.30	01:01:03.559	1.35068				2
2025.12.30	01:01:03.876	1.35076	1.35110			6
2025.12.30	01:01:04.180	1.35079	1.35111			6
2025.12.30	01:01:04.483	1.35072	1.35110			6
2025.12.30	01:01:06.042	1.35079	1.35111			6
2025.12.30	01:01:06.348	1.35072	1.35110			6
2025.12.30	01:01:08.212	1.35073	1.35109			6
2025.12.30	01:01:08.821	1.35079	1.35110			6
2025.12.30	01:01:09.122	1.35076				2
2025.12.30	01:01:09.436	1.35073				2
2025.12.30	01:01:09.741	1.35075				2
2025.12.30	01:01:11.292	1.35073				2
2025.12.30	01:01:11.596	1.35075				2
2025.12.30	01:01:11.905	1.35076				2
2025.12.30	01:01:12.833	1.35079	1.35114			6
2025.12.30	01:01:13.441	1.35076	1.35110			6
2025.12.30	01:01:14.359	1.35074	1.35108			6
2025.12.30	01:01:14.667	1.35077	1.35115			6
2025.12.30	01:01:14.970	1.35074	1.35108			6
2025.12.30	01:01:16.829	1.35075	1.35107			6
2025.12.30	01:01:18.981		1.35106			4
2025.12.30	01:01:21.153		1.35107			4
2025.12.30	01:01:22.382		1.35108			4
2025.12.30	01:01:22.687		1.35107			4
2025.12.30	01:01:26.073	1.35074				2
2025.12.30	01:01:26.379	1.35075				2
2025.12.30	01:01:30.095		1.35108			4
2025.12.30	01:01:30.401	1.35076				2
2025.12.30	01:01:31.327	1.35073	1.35109			6
2025.12.30	01:01:31.936	1.35074	1.35108			6
2025.12.30	01:01:35.943		1.35107			4
2025.12.30	01:01:36.567		1.35106			4
2025.12.30	01:01:37.203	1.35075				2
2025.12.30	01:01:39.070	1.35067	1.35102			6
2025.12.30	01:01:39.375	1.35064	1.35099			6
2025.12.30	01:01:39.679		1.35100			4
2025.12.30	01:01:40.295	1.35066	1.35103			6
2025.12.30	01:01:40.918		1.35101			4
2025.12.30	01:01:41.224		1.35099			4
2025.12.30	01:01:41.529	1.35064	1.35097			6
2025.12.30	01:01:42.460	1.35065	1.35096			6
2025.12.30	01:01:45.856		1.35098			4
2025.12.30	01:01:47.706	1.35063	1.35096			6
2025.12.30	01:01:48.330	1.35065	1.35098			6
2025.12.30	01:01:48.948	1.35063	1.35096			6
2025.12.30	01:01:49.254	1.35065	1.35097			6
2025.12.30	01:01:49.566		1.35098			4
2025.12.30	01:01:49.872		1.35097			4
2025.12.30	01:01:50.185		1.35098			4
2025.12.30	01:01:52.036		1.35097			4
2025.12.30	01:01:53.890	1.35064				2
2025.12.30	01:01:54.201		1.35096			4
2025.12.30	01:01:54.507	1.35065	1.35097			6
2025.12.30	01:01:54.816	1.35064				2
2025.12.30	01:01:55.439	1.35065				2
2025.12.30	01:01:56.061	1.35063	1.35096			6
2025.12.30	01:01:58.235	1.35064	1.35099			6
2025.12.30	01:01:59.774		1.35097			4
2025.12.30	01:02:00.094	1.35064				2
2025.12.30	01:02:01.007		1.35096			4
2025.12.30	01:02:02.250		1.35097			4
2025.12.30	01:02:07.188	1.35065	1.35098			6
2025.12.30	01:02:09.983		1.35097			4
2025.12.30	01:02:11.834	1.35063	1.35096			6
2025.12.30	01:02:12.764	1.35065				2
2025.12.30	01:02:14.605		1.35095			4
2025.12.30	01:02:15.239	1.35059	1.35098			6
2025.12.30	01:02:15.543	1.35056	1.35103			6
2025.12.30	01:02:15.846	1.35053				2
2025.12.30	01:02:16.152	1.35054	1.35092			6
2025.12.30	01:02:16.454	1.35055	1.35088			6
2025.12.30	01:02:16.767	1.35054				2
2025.12.30	01:02:17.695	1.35053				2
2025.12.30	01:02:18.334	1.35052				2
2025.12.30	01:02:18.639	1.35053	1.35085			6
2025.12.30	01:02:18.957	1.35052	1.35084			6
2025.12.30	01:02:19.264		1.35088			4
2025.12.30	01:02:19.575	1.35053	1.35085			6
2025.12.30	01:02:20.488	1.35052	1.35084			6
2025.12.30	01:02:22.348		1.35082			4
2025.12.30	01:02:32.242	1.35050	1.35095			6
2025.12.30	01:02:35.953	1.35051	1.35109			6
2025.12.30	01:02:36.566		1.35110			4
2025.12.30	01:02:37.802	1.35053	1.35100			6
2025.12.30	01:02:41.823	1.35057	1.35105			6
2025.12.30	01:02:42.125		1.35109			4
2025.12.30	01:02:42.729		1.35110			4
2025.12.30	01:02:43.351		1.35109			4
2025.12.30	01:02:44.610		1.35106			4
2025.12.30	01:02:46.141	1.35058				2
2025.12.30	01:02:47.689		1.35104			4
2025.12.30	01:02:49.850	1.35059	1.35103			6
2025.12.30	01:02:50.158	1.35056	1.35106			6
2025.12.30	01:02:50.463	1.35054				2
2025.12.30	01:02:50.766	1.35057	1.35105			6
2025.12.30	01:02:51.395	1.35058	1.35104			6
2025.12.30	01:02:51.703	1.35056	1.35106			6
2025.12.30	01:02:52.008	1.35055	1.35107			6
2025.12.30	01:02:52.314	1.35058	1.35104			6
2025.12.30	01:02:52.928	1.35057	1.35105			6
2025.12.30	01:02:53.534	1.35059	1.35103			6
2025.12.30	01:02:54.155	1.35057	1.35105			6
2025.12.30	01:02:54.469	1.35054	1.35106			6
2025.12.30	01:02:54.771	1.35058	1.35104			6
2025.12.30	01:02:55.077	1.35059				2
2025.12.30	01:02:55.391		1.35103			4
2025.12.30	01:02:55.699	1.35057	1.35106			6
2025.12.30	01:02:56.001	1.35056				2
2025.12.30	01:02:56.305	1.35058	1.35104			6
2025.12.30	01:02:56.624	1.35059				2
2025.12.30	01:02:56.934	1.35056	1.35106			6
2025.12.30	01:02:57.241	1.35057	1.35105			6
2025.12.30	01:02:57.547	1.35058				2
2025.12.30	01:02:57.849	1.35060	1.35103			6
2025.12.30	01:02:58.167	1.35059	1.35104			6
2025.12.30	01:02:58.484		1.35113			4
2025.12.30	01:02:58.789	1.35058				2
2025.12.30	01:02:59.102	1.35057				2
2025.12.30	01:02:59.404	1.35059				2
2025.12.30	01:03:00.028	1.35059				2
2025.12.30	01:03:00.346	1.35063	1.35109			6
2025.12.30	01:03:00.653	1.35062	1.35112			6
2025.12.30	01:03:01.582	1.35061	1.35113			6
2025.12.30	01:03:02.811	1.35060				2
2025.12.30	01:03:03.434		1.35111			4
2025.12.30	01:03:05.906	1.35061	1.35110			6
2025.12.30	01:03:06.833	1.35060				2
2025.12.30	01:03:10.560	1.35061				2
2025.12.30	01:03:10.864	1.35059				2
2025.12.30	01:03:11.486	1.35060				2
2025.12.30	01:03:12.410	1.35061				2
2025.12.30	01:03:13.032	1.35060				2
2025.12.30	01:03:15.810	1.35059				2
2025.12.30	01:03:16.444	1.35061	1.35112			6
2025.12.30	01:03:19.274	1.35058				2
2025.12.30	01:03:19.593	1.35057				2
2025.12.30	01:03:20.213		1.35110			4
2025.12.30	01:03:21.780	1.35058				2
2025.12.30	01:03:22.092		1.35109			4
2025.12.30	01:03:23.662	1.35057				2
2025.12.30	01:03:24.289		1.35110			4
2025.12.30	01:03:25.222	1.35058				2
2025.12.30	01:03:25.540		1.35109			4
2025.12.30	01:03:27.373		1.35110			4
2025.12.30	01:03:29.535		1.35109			4
2025.12.30	01:03:30.154		1.35111			4
2025.12.30	01:03:32.303	1.35059				2
2025.12.30	01:03:33.541		1.35109			4
2025.12.30	01:03:35.083	1.35058				2
2025.12.30	01:03:36.931	1.35059				2
2025.12.30	01:03:42.795	1.35060				2
2025.12.30	01:03:45.263		1.35110			4
2025.12.30	01:03:46.807	1.35057	1.35109			6
2025.12.30	01:03:47.112		1.35110			4
2025.12.30	01:03:47.432		1.35111			4
2025.12.30	01:03:48.039	1.35058				2
2025.12.30	01:03:48.353		1.35110			4
2025.12.30	01:03:49.275		1.35109			4
2025.12.30	01:03:49.579		1.35111			4
2025.12.30	01:03:50.839		1.35110			4
2025.12.30	01:03:51.146		1.35109			4
2025.12.30	01:03:52.704	1.35057	1.35110			6
2025.12.30	01:03:54.550		1.35105			4
2025.12.30	01:04:00.084	1.35057				2
2025.12.30	01:04:00.399	1.35055	1.35107			6
2025.12.30	01:04:05.953		1.35110			4
2025.12.30	01:04:06.258	1.35054				2
2025.12.30	01:04:07.497		1.35111			4
2025.12.30	01:04:08.729	1.35055	1.35110			6
2025.12.30	01:04:09.654	1.35053	1.35112			6
2025.12.30	01:04:10.897	1.35054	1.35111			6
2025.12.30	01:04:11.517	1.35055	1.35112			6
2025.12.30	01:04:11.823		1.35110			4
2025.12.30	01:04:13.996	1.35052	1.35095			6
2025.12.30	01:04:14.303	1.35051				2
2025.12.30	01:04:14.607	1.35045	1.35089			6
2025.12.30	01:04:15.235	1.35039	1.35102			6
2025.12.30	01:04:15.545	1.35044	1.35101			6
2025.12.30	01:04:15.851	1.35038	1.35100			6
2025.12.30	01:04:16.777	1.35040	1.35099			6
2025.12.30	01:04:18.929	1.35048	1.35096			6
2025.12.30	01:04:23.871	1.35046	1.35094			6
2025.12.30	01:04:29.452	1.35047				2
2025.12.30	01:04:30.683	1.35048				2
2025.12.30	01:04:31.620		1.35096			4
2025.12.30	01:04:32.863	1.35049				2
2025.12.30	01:04:33.179	1.35050				2
2025.12.30	01:04:35.030	1.35051				2
2025.12.30	01:04:35.959	1.35052	1.35094			6
2025.12.30	01:04:37.797	1.35053				2
2025.12.30	01:04:38.107	1.35052				2
2025.12.30	01:04:38.417	1.35038	1.35087			6
2025.12.30	01:04:38.722	1.35037	1.35082			6
2025.12.30	01:04:39.970	1.35036				2
2025.12.30	01:04:40.584		1.35081			4
2025.12.30	01:04:44.906		1.35076			4
2025.12.30	01:04:49.539	1.35024	1.35092			6
2025.12.30	01:04:51.390	1.35025				2
2025.12.30	01:04:52.315	1.35024				2
2025.12.30	01:04:52.630	1.35025				2
2025.12.30	01:04:53.553	1.35036	1.35076			6
2025.12.30	01:05:00.062	1.35036				2
2025.12.30	01:05:00.686	1.35037				2
2025.12.30	01:05:03.196	1.35036				2
2025.12.30	01:05:05.680	1.35037				2
2025.12.30	01:05:12.183	1.35036				2
2025.12.30	01:05:15.592		1.35081			4
2025.12.30	01:05:22.396	1.35037				2
2025.12.30	01:05:22.704	1.35036				2
2025.12.30	01:05:25.192	1.35035				2
2025.12.30	01:05:27.054	1.35036				2
2025.12.30	01:05:28.282	1.35034				2
2025.12.30	01:05:30.755	1.35035				2
2025.12.30	01:05:31.070		1.35082			4
2025.12.30	01:05:31.994	1.35036				2
2025.12.30	01:05:32.302	1.35037				2
2025.12.30	01:05:32.603	1.35036				2
2025.12.30	01:05:50.877	1.35031	1.35073			6
2025.12.30	01:05:51.179		1.35066			4
2025.12.30	01:05:51.492	1.35032	1.35068			6
2025.12.30	01:05:53.029	1.35030				2
2025.12.30	01:05:53.343	1.35031				2
2025.12.30	01:05:53.658	1.35033				2
2025.12.30	01:05:53.965	1.35031				2
2025.12.30	01:05:55.843	1.35033				2
2025.12.30	01:05:56.452	1.35032				2
2025.12.30	01:06:00.159	1.35032				2
2025.12.30	01:06:00.775	1.35034				2
2025.12.30	01:06:01.690	1.35033				2
2025.12.30	01:06:02.934	1.35034				2
2025.12.30	01:06:03.245	1.35033				2
2025.12.30	01:06:06.038	1.35035				2
2025.12.30	01:06:06.656		1.35056			4
2025.12.30	01:06:07.896	1.35032	1.35061			6
2025.12.30	01:06:08.510	1.35034				2
2025.12.30	01:06:09.128		1.35056			4
2025.12.30	01:06:10.664	1.35035				2
2025.12.30	01:06:12.815		1.35059			4
2025.12.30	01:06:15.266	1.35047	1.35062			6
2025.12.30	01:06:15.569	1.35050	1.35071			6
2025.12.30	01:06:16.183		1.35072			4
2025.12.30	01:06:29.351	1.35051				2
2025.12.30	01:06:39.796		1.35071			4
2025.12.30	01:06:45.309	1.35061	1.35062			6
2025.12.30	01:07:00.047	1.35061				2
2025.12.30	01:07:11.742	1.35063	1.35064			6
2025.12.30	01:07:15.742	1.35062	1.35063			6
2025.12.30	01:07:16.657	1.35063	1.35064			6
2025.12.30	01:07:18.191	1.35062	1.35063			6
2025.12.30	01:07:18.506	1.35063	1.35064			6
2025.12.30	01:07:48.574	1.35062	1.35063			6
2025.12.30	01:07:49.189	1.35071	1.35072			6
2025.12.30	01:07:49.496	1.35072	1.35073			6
2025.12.30	01:07:49.801	1.35073	1.35074			6
2025.12.30	01:07:52.254	1.35072	1.35073			6
2025.12.30	01:07:56.244	1.35067	1.35068			6
2025.12.30	01:07:57.472	1.35065	1.35066			6
2025.12.30	01:07:57.773	1.35067	1.35068			6
2025.12.30	01:07:59.295	1.35066	1.35067			6
2025.12.30	01:08:00.219	1.35066				2
2025.12.30	01:08:09.713	1.35065	1.35066			6
2025.12.30	01:08:15.530	1.35066	1.35067			6
2025.12.30	01:08:28.058	1.35065	1.35066			6
2025.12.30	01:08:32.060	1.35066	1.35067			6
2025.12.30	01:08:38.488	1.35067	1.35068			6
2025.12.30	01:08:43.385	1.35066	1.35067			6
2025.12.30	01:08:46.150	1.35067	1.35068			6
2025.12.30	01:08:55.956	1.35068	1.35069			6
2025.12.30	01:09:00.248	1.35067	1.35068			6
2025.12.30	01:09:01.769	1.35068	1.35069			6
2025.12.30	01:09:03.307	1.35071	1.35072			6
2025.12.30	01:09:05.768	1.35070	1.35071			6
2025.12.30	01:09:06.679	1.35071	1.35072			6
2025.12.30	01:09:06.981	1.35070	1.35071			6
2025.12.30	01:09:09.122	1.35067	1.35068			6
2025.12.30	01:09:09.426	1.35068	1.35069			6
2025.12.30	01:09:10.647	1.35075	1.35076			6
2025.12.30	01:09:20.495	1.35076	1.35077			6
2025.12.30	01:09:29.069	1.35074	1.35075			6
2025.12.30	01:09:29.376	1.35075	1.35076			6
2025.12.30	01:09:29.683	1.35076	1.35077			6
2025.12.30	01:09:31.834	1.35075	1.35076			6
2025.12.30	01:10:00.074	1.35075				2
2025.12.30	01:10:09.878	1.35076	1.35077			6
2025.12.30	01:10:14.790	1.35077	1.35078			6
2025.12.30	01:10:15.094	1.35076	1.35077			6
2025.12.30	01:10:17.249	1.35077	1.35078			6
2025.12.30	01:10:19.708	1.35076	1.35077			6
2025.12.30	01:10:20.625	1.35077	1.35078			6
2025.12.30	01:10:21.550	1.35076	1.35077			6
2025.12.30	01:10:22.458	1.35075	1.35076			6
2025.12.30	01:10:24.913	1.35077	1.35078			6
2025.12.30	01:10:33.508	1.35078	1.35079			6
2025.12.30	01:10:34.130	1.35077	1.35078			6
2025.12.30	01:10:39.335	1.35079	1.35080			6
2025.12.30	01:10:39.640	1.35078	1.35079			6
2025.12.30	01:10:43.314	1.35079	1.35080			6
2025.12.30	01:10:50.063	1.35087	1.35088			6
2025.12.30	01:10:50.680	1.35086	1.35087			6
2025.12.30	01:10:50.986	1.35087	1.35088			6
2025.12.30	01:10:55.893	1.35088	1.35089			6
2025.12.30	01:10:58.337	1.35087	1.35088			6
2025.12.30	01:10:59.865	1.35091	1.35092			6
2025.12.30	01:11:00.166	1.35091				2
2025.12.30	01:11:00.474	1.35090	1.35091			6
2025.12.30	01:11:02.310	1.35089	1.35090			6
2025.12.30	01:11:04.761	1.35088	1.35089			6
2025.12.30	01:11:05.382	1.35089	1.35090			6
2025.12.30	01:11:12.787	1.35088	1.35089			6
2025.12.30	01:11:13.701	1.35089	1.35090			6
2025.12.30	01:11:15.238	1.35090	1.35091			6
2025.12.30	01:11:26.579	1.35091	1.35092			6
2025.12.30	01:11:33.966	1.35090	1.35091			6
2025.12.30	01:11:37.649	1.35091	1.35092			6
2025.12.30	01:11:47.150	1.35092	1.35093			6
2025.12.30	01:11:55.122	1.35093	1.35094			6
2025.12.30	01:11:55.427	1.35092	1.35093			6
2025.12.30	01:11:56.667	1.35093	1.35094			6
2025.12.30	01:11:57.587	1.35085	1.35086			6
2025.12.30	01:11:57.895	1.35086	1.35087			6
2025.12.30	01:11:58.197	1.35085	1.35086			6
2025.12.30	01:11:58.818	1.35084	1.35085			6
2025.12.30	01:12:00.044	1.35083	1.35084			6
2025.12.30	01:12:00.353	1.35084	1.35085			6
2025.12.30	01:12:00.663	1.35083	1.35084			6
2025.12.30	01:12:01.581	1.35084	1.35085			6
2025.12.30	01:12:02.503	1.35087	1.35088			6
2025.12.30	01:12:04.332	1.35084	1.35085			6
2025.12.30	01:12:05.859	1.35085	1.35086			6
