<DATE>	<TIME>	<BID>	<ASK>	<LAST>	<VOLUME>	<FLAGS>
2025.07.28	00:03:30.456	1.34250	1.34378			6
2025.07.28	00:03:44.414		1.34374			4
2025.07.28	00:04:01.141	1.34250				2
2025.07.28	00:04:51.221		1.34374			4
2025.07.28	00:05:03.458	1.34250	1.34372			6
2025.07.28	00:06:01.763	1.34250				2
2025.07.28	00:06:07.370		1.34372			4
2025.07.28	00:06:24.715	1.34255	1.34349			6
2025.07.28	00:06:29.132	1.34250	1.34372			6
2025.07.28	00:07:17.365	1.34250				2
2025.07.28	00:07:24.146		1.34371			4
2025.07.28	00:08:07.365	1.34250				2
2025.07.28	00:08:25.087		1.34371			4
2025.07.28	00:08:31.577	1.34253	1.34367			6
2025.07.28	00:08:46.195	1.34257				2
2025.07.28	00:08:49.397		1.34380			4
2025.07.28	00:08:52.156		1.34376			4
2025.07.28	00:09:10.378	1.34257				2
2025.07.28	00:09:38.602	1.34255	1.34366			6
2025.07.28	00:09:46.596	1.34259				2
2025.07.28	00:10:00.364	1.34259				2
2025.07.28	00:10:02.582	1.34263	1.34358			6
2025.07.28	00:10:13.593		1.34369			4
2025.07.28	00:10:33.584		1.34366			4
2025.07.28	00:11:01.848	1.34263				2
2025.07.28	00:11:28.585		1.34364			4
2025.07.28	00:12:00.365	1.34264				2
2025.07.28	00:12:23.586		1.34359			4
2025.07.28	00:13:04.082	1.34264				2
2025.07.28	00:13:24.783		1.34359			4
2025.07.28	00:14:00.364	1.34264				2
2025.07.28	00:14:13.589		1.34363			4
2025.07.28	00:14:56.546		1.34362			4
2025.07.28	00:15:00.522	1.34264	1.34363			6
2025.07.28	00:15:14.584		1.34362			4
2025.07.28	00:15:25.818		1.34360			4
2025.07.28	00:15:32.810	1.34268	1.34351			6
2025.07.28	00:15:41.130		1.34350			4
2025.07.28	00:15:51.813	1.34272	1.34352			6
2025.07.28	00:15:52.469	1.34268	1.34349			6
2025.07.28	00:15:53.027		1.34363			4
2025.07.28	00:16:00.367	1.34268				2
2025.07.28	00:16:03.023	1.34272	1.34351			6
2025.07.28	00:16:03.331	1.34264	1.34347			6
2025.07.28	00:16:03.642	1.34268	1.34364			6
2025.07.28	00:16:13.979		1.34347			4
2025.07.28	00:16:14.284	1.34272	1.34351			6
2025.07.28	00:16:25.048	1.34275	1.34354			6
2025.07.28	00:16:32.881		1.34353			4
2025.07.28	00:16:40.363	1.34276				2
2025.07.28	00:16:46.022	1.34272	1.34350			6
2025.07.28	00:16:46.338	1.34268	1.34348			6
2025.07.28	00:16:57.157	1.34272				2
2025.07.28	00:16:57.794	1.34271	1.34362			6
2025.07.28	00:16:58.107	1.34268	1.34364			6
2025.07.28	00:17:00.479	1.34268				2
2025.07.28	00:17:09.085	1.34272	1.34349			6
2025.07.28	00:17:19.895	1.34276	1.34351			6
2025.07.28	00:17:29.282		1.34352			4
2025.07.28	00:17:30.334		1.34351			4
2025.07.28	00:18:03.183	1.34276				2
2025.07.28	00:18:18.482		1.34350			4
2025.07.28	00:18:56.319		1.34351			4
2025.07.28	00:19:00.365	1.34276				2
2025.07.28	00:20:02.581	1.34276	1.34350			6
2025.07.28	00:20:05.280		1.34351			4
2025.07.28	00:20:51.534		1.34350			4
2025.07.28	00:20:54.732		1.34349			4
2025.07.28	00:20:55.987		1.34350			4
2025.07.28	00:21:03.482	1.34276				2
2025.07.28	00:21:27.328		1.34355			4
2025.07.28	00:21:56.580		1.34354			4
2025.07.28	00:22:00.364	1.34276				2
2025.07.28	00:22:28.479		1.34350			4
2025.07.28	00:22:31.176		1.34354			4
2025.07.28	00:23:10.981	1.34276				2
2025.07.28	00:23:12.129		1.34355			4
2025.07.28	00:23:18.490	1.34296	1.34353			6
2025.07.28	00:23:29.471		1.34360			4
2025.07.28	00:23:38.602		1.34364			4
2025.07.28	00:23:46.414		1.34362			4
2025.07.28	00:23:49.887		1.34364			4
2025.07.28	00:23:52.009		1.34362			4
2025.07.28	00:23:52.387		1.34363			4
2025.07.28	00:24:00.366	1.34296	1.34362			6
2025.07.28	00:24:15.836		1.34363			4
2025.07.28	00:24:36.456		1.34361			4
2025.07.28	00:24:53.425		1.34362			4
2025.07.28	00:25:00.377	1.34296				2
2025.07.28	00:25:04.605		1.34355			4
2025.07.28	00:25:04.932		1.34351			4
2025.07.28	00:25:07.082		1.34352			4
2025.07.28	00:25:11.280		1.34351			4
2025.07.28	00:25:35.498		1.34353			4
2025.07.28	00:25:37.130		1.34352			4
2025.07.28	00:26:01.981	1.34296				2
2025.07.28	00:26:25.382		1.34351			4
2025.07.28	00:26:28.683		1.34352			4
2025.07.28	00:26:31.081		1.34351			4
2025.07.28	00:26:44.496		1.34352			4
2025.07.28	00:26:46.682		1.34351			4
2025.07.28	00:27:01.683	1.34296				2
2025.07.28	00:27:14.245		1.34364			4
2025.07.28	00:27:18.120	1.34301	1.34353			6
2025.07.28	00:27:21.481		1.34352			4
2025.07.28	00:27:31.233		1.34354			4
2025.07.28	00:27:49.681		1.34353			4
2025.07.28	00:28:00.143	1.34301				2
2025.07.28	00:28:11.282		1.34352			4
2025.07.28	00:28:23.879		1.34351			4
2025.07.28	00:28:31.674	1.34314	1.34387			6
2025.07.28	00:28:34.076		1.34383			4
2025.07.28	00:28:47.309	1.34312	1.34363			6
2025.07.28	00:28:47.996		1.34364			4
2025.07.28	00:28:49.235		1.34367			4
2025.07.28	00:28:52.329		1.34368			4
2025.07.28	00:29:01.982	1.34312				2
2025.07.28	00:29:09.149		1.34367			4
2025.07.28	00:29:10.469		1.34368			4
2025.07.28	00:29:49.679		1.34369			4
2025.07.28	00:29:58.405		1.34368			4
2025.07.28	00:30:00.363	1.34314	1.34370			6
2025.07.28	00:30:13.355		1.34369			4
2025.07.28	00:30:21.782		1.34370			4
2025.07.28	00:30:28.529		1.34369			4
2025.07.28	00:30:34.385		1.34370			4
2025.07.28	00:30:37.891		1.34373			4
2025.07.28	00:30:42.216		1.34372			4
2025.07.28	00:30:50.148		1.34373			4
2025.07.28	00:31:01.082	1.34314				2
2025.07.28	00:31:03.241		1.34376			4
2025.07.28	00:31:16.123	1.34301	1.34363			6
2025.07.28	00:31:44.279	1.34314	1.34379			6
2025.07.28	00:31:44.614		1.34378			4
2025.07.28	00:31:45.487		1.34379			4
2025.07.28	00:31:57.182		1.34378			4
2025.07.28	00:32:00.397	1.34314				2
2025.07.28	00:32:07.878	1.34316				2
2025.07.28	00:32:11.566	1.34318	1.34389			6
2025.07.28	00:32:13.880		1.34387			4
2025.07.28	00:32:14.261		1.34388			4
2025.07.28	00:32:14.903		1.34389			4
2025.07.28	00:32:21.889	1.34327				2
2025.07.28	00:32:26.039		1.34387			4
2025.07.28	00:32:33.374	1.34317				2
2025.07.28	00:32:35.879		1.34384			4
2025.07.28	00:32:36.207	1.34321	1.34383			6
2025.07.28	00:32:43.946		1.34389			4
2025.07.28	00:32:44.763	1.34317	1.34387			6
2025.07.28	00:32:47.112	1.34316	1.34378			6
2025.07.28	00:32:51.338	1.34317	1.34376			6
2025.07.28	00:33:00.479	1.34317				2
2025.07.28	00:33:03.965	1.34341	1.34382			6
2025.07.28	00:33:04.998	1.34321	1.34389			6
2025.07.28	00:33:12.639		1.34385			4
2025.07.28	00:33:17.701		1.34389			4
2025.07.28	00:33:27.089	1.34337	1.34390			6
2025.07.28	00:33:36.581	1.34321	1.34367			6
2025.07.28	00:33:36.881		1.34389			4
2025.07.28	00:33:41.845	1.34326				2
2025.07.28	00:33:47.190	1.34323				2
2025.07.28	00:33:50.669	1.34321	1.34381			6
2025.07.28	00:33:52.605		1.34372			4
2025.07.28	00:33:55.022		1.34370			4
2025.07.28	00:33:56.922		1.34376			4
2025.07.28	00:34:00.520	1.34341	1.34383			6
2025.07.28	00:34:01.903	1.34323				2
2025.07.28	00:34:04.298		1.34388			4
2025.07.28	00:34:07.074	1.34334	1.34415			6
2025.07.28	00:34:08.137		1.34413			4
2025.07.28	00:34:25.324		1.34415			4
2025.07.28	00:34:52.448	1.34337	1.34402			6
2025.07.28	00:35:00.424	1.34337				2
2025.07.28	00:35:14.675		1.34417			4
2025.07.28	00:35:21.936	1.34347	1.34409			6
2025.07.28	00:35:39.951	1.34350	1.34412			6
2025.07.28	00:36:00.781	1.34350				2
2025.07.28	00:36:05.365	1.34345	1.34404			6
2025.07.28	00:36:30.011		1.34407			4
2025.07.28	00:37:01.217	1.34345				2
2025.07.28	00:37:02.730	1.34350	1.34412			6
2025.07.28	00:37:24.352	1.34353	1.34415			6
2025.07.28	00:37:54.735	1.34360	1.34422			6
2025.07.28	00:37:56.624	1.34357	1.34419			6
2025.07.28	00:38:01.157	1.34363	1.34425			6
2025.07.28	00:38:23.311	1.34360	1.34422			6
2025.07.28	00:38:32.049	1.34355	1.34417			6
2025.07.28	00:38:33.175	1.34357	1.34419			6
2025.07.28	00:38:33.478	1.34361	1.34423			6
2025.07.28	00:38:34.810	1.34364	1.34433			6
2025.07.28	00:38:38.095	1.34363	1.34438			6
2025.07.28	00:38:44.081	1.34367	1.34445			6
2025.07.28	00:38:49.322		1.34435			4
2025.07.28	00:38:49.910	1.34358	1.34421			6
2025.07.28	00:39:01.474	1.34364	1.34426			6
2025.07.28	00:39:10.172	1.34361	1.34421			6
2025.07.28	00:39:23.162		1.34423			4
2025.07.28	00:39:46.875	1.34365	1.34427			6
2025.07.28	00:40:01.203	1.34365				2
2025.07.28	00:40:01.553	1.34370	1.34432			6
2025.07.28	00:40:03.573	1.34366	1.34428			6
2025.07.28	00:40:59.771	1.34361	1.34423			6
2025.07.28	00:41:00.866	1.34361				2
2025.07.28	00:41:59.847		1.34423			4
2025.07.28	00:42:00.364	1.34361				2
2025.07.28	00:42:49.774	1.34362	1.34424			6
2025.07.28	00:43:08.325	1.34362				2
2025.07.28	00:43:51.775		1.34424			4
2025.07.28	00:44:00.363	1.34362				2
2025.07.28	00:44:52.632	1.34363	1.34424			6
2025.07.28	00:44:57.535	1.34362				2
2025.07.28	00:45:03.063	1.34354	1.34468			6
2025.07.28	00:45:06.431	1.34362	1.34424			6
2025.07.28	00:45:10.860	1.34378	1.34408			6
2025.07.28	00:46:00.191	1.34378				2
2025.07.28	00:46:10.992		1.34408			4
2025.07.28	00:47:00.024	1.34378				2
2025.07.28	00:47:02.801	1.34362	1.34452			6
2025.07.28	00:47:06.501	1.34378	1.34408			6
2025.07.28	00:48:00.123	1.34378				2
2025.07.28	00:48:06.559		1.34408			4
2025.07.28	00:49:00.164	1.34378				2
2025.07.28	00:49:06.623		1.34408			4
2025.07.28	00:50:00.244	1.34378				2
2025.07.28	00:50:06.718		1.34408			4
2025.07.28	00:50:18.128	1.34381	1.34411			6
2025.07.28	00:50:21.222	1.34384	1.34414			6
2025.07.28	00:50:33.517	1.34388	1.34418			6
2025.07.28	00:51:00.014	1.34388				2
2025.07.28	00:51:02.783	1.34391	1.34421			6
2025.07.28	00:51:03.091	1.34390	1.34420			6
2025.07.28	00:51:14.161	1.34394	1.34424			6
2025.07.28	00:51:44.663	1.34403	1.34433			6
2025.07.28	00:51:47.437	1.34396	1.34426			6
2025.07.28	00:51:54.830	1.34397				2
2025.07.28	00:52:00.049	1.34397				2
2025.07.28	00:52:15.787	1.34396				2
2025.07.28	00:52:36.457	1.34392	1.34419			6
2025.07.28	00:53:00.163	1.34392				2
2025.07.28	00:53:31.585		1.34416			4
2025.07.28	00:53:44.524		1.34431			4
2025.07.28	00:53:57.441		1.34430			4
2025.07.28	00:54:00.210	1.34392				2
2025.07.28	00:54:11.580		1.34431			4
2025.07.28	00:54:12.192		1.34430			4
2025.07.28	00:54:20.217		1.34431			4
2025.07.28	00:54:22.378		1.34430			4
2025.07.28	00:55:00.002	1.34392				2
2025.07.28	00:55:03.083		1.34429			4
2025.07.28	00:55:16.923		1.34430			4
2025.07.28	00:55:21.230		1.34431			4
2025.07.28	00:55:22.459		1.34430			4
2025.07.28	00:55:27.991		1.34431			4
2025.07.28	00:55:50.445		1.34432			4
2025.07.28	00:55:50.752		1.34431			4
2025.07.28	00:55:57.207		1.34436			4
2025.07.28	00:56:00.286	1.34392				2
2025.07.28	00:56:00.596		1.34435			4
2025.07.28	00:56:06.124		1.34434			4
2025.07.28	00:56:13.168		1.34435			4
2025.07.28	00:56:15.936		1.34434			4
2025.07.28	00:56:21.138		1.34433			4
2025.07.28	00:56:21.448		1.34435			4
2025.07.28	00:56:36.206		1.34434			4
2025.07.28	00:56:37.138		1.34435			4
2025.07.28	00:56:42.074		1.34434			4
2025.07.28	00:56:50.386		1.34433			4
2025.07.28	00:56:50.698		1.34434			4
2025.07.28	00:57:00.201	1.34392				2
2025.07.28	00:57:12.190		1.34435			4
2025.07.28	00:57:14.652		1.34434			4
2025.07.28	00:57:24.871		1.34435			4
2025.07.28	00:57:25.186		1.34433			4
2025.07.28	00:57:35.345		1.34432			4
2025.07.28	00:57:38.122		1.34431			4
2025.07.28	00:57:39.039		1.34434			4
2025.07.28	00:58:00.033	1.34392				2
2025.07.28	00:58:12.696		1.34433			4
2025.07.28	00:58:17.324		1.34434			4
2025.07.28	00:58:24.734		1.34441			4
2025.07.28	00:58:31.521		1.34443			4
2025.07.28	00:58:36.454		1.34442			4
2025.07.28	00:58:37.680		1.34441			4
2025.07.28	00:58:40.773		1.34442			4
2025.07.28	00:58:42.010		1.34440			4
2025.07.28	00:58:44.495		1.34431			4
2025.07.28	00:58:46.677		1.34432			4
2025.07.28	00:58:54.972		1.34433			4
2025.07.28	00:59:00.177	1.34392				2
2025.07.28	00:59:06.025		1.34432			4
2025.07.28	00:59:09.759		1.34431			4
2025.07.28	00:59:10.369		1.34433			4
2025.07.28	00:59:32.003		1.34432			4
2025.07.28	00:59:33.862		1.34430			4
2025.07.28	00:59:37.561		1.34420			4
2025.07.28	00:59:39.729		1.34416			4
2025.07.28	00:59:46.196		1.34426			4
2025.07.28	00:59:52.958		1.34424			4
2025.07.28	01:00:00.027	1.34392				2
2025.07.28	01:00:00.333		1.34422			4
2025.07.28	01:00:00.639	1.34388	1.34427			6
2025.07.28	01:00:01.260		1.34423			4
2025.07.28	01:00:01.567		1.34420			4
2025.07.28	01:00:02.187		1.34417			4
2025.07.28	01:00:02.801		1.34416			4
2025.07.28	01:00:03.106		1.34413			4
2025.07.28	01:00:03.413	1.34362	1.34433			6
2025.07.28	01:00:03.713		1.34434			4
2025.07.28	01:00:04.016	1.34365	1.34435			6
2025.07.28	01:00:04.323	1.34366	1.34438			6
2025.07.28	01:00:04.635	1.34365	1.34434			6
2025.07.28	01:00:04.946		1.34433			4
2025.07.28	01:00:05.256	1.34364	1.34430			6
2025.07.28	01:00:05.557	1.34367	1.34429			6
2025.07.28	01:00:06.165	1.34368	1.34424			6
2025.07.28	01:00:06.470	1.34365	1.34423			6
2025.07.28	01:00:06.773	1.34366	1.34427			6
2025.07.28	01:00:07.075	1.34388	1.34413			6
2025.07.28	01:00:07.379		1.34416			4
2025.07.28	01:00:07.683		1.34421			4
2025.07.28	01:00:07.991	1.34384	1.34417			6
2025.07.28	01:00:08.295		1.34415			4
2025.07.28	01:00:10.127		1.34414			4
2025.07.28	01:00:10.430		1.34412			4
2025.07.28	01:00:10.737		1.34406			4
2025.07.28	01:00:11.047		1.34408			4
2025.07.28	01:00:11.656		1.34407			4
2025.07.28	01:00:11.970		1.34406			4
2025.07.28	01:00:12.271		1.34408			4
2025.07.28	01:00:12.575		1.34409			4
2025.07.28	01:00:12.880		1.34408			4
2025.07.28	01:00:13.184		1.34405			4
2025.07.28	01:00:13.488		1.34410			4
2025.07.28	01:00:14.099		1.34408			4
2025.07.28	01:00:14.405		1.34410			4
2025.07.28	01:00:15.022		1.34408			4
2025.07.28	01:00:15.322		1.34407			4
2025.07.28	01:00:15.626		1.34406			4
2025.07.28	01:00:16.238		1.34408			4
2025.07.28	01:00:16.539		1.34410			4
2025.07.28	01:00:17.149		1.34409			4
2025.07.28	01:00:17.457		1.34410			4
2025.07.28	01:00:18.072	1.34378	1.34425			6
2025.07.28	01:00:19.002		1.34427			4
2025.07.28	01:00:21.161		1.34425			4
2025.07.28	01:00:22.077	1.34384	1.34408			6
2025.07.28	01:00:22.391		1.34409			4
2025.07.28	01:00:22.697		1.34410			4
2025.07.28	01:00:23.001	1.34383	1.34407			6
2025.07.28	01:00:23.313	1.34386	1.34410			6
2025.07.28	01:00:23.925	1.34376	1.34427			6
2025.07.28	01:00:24.232	1.34386	1.34412			6
2025.07.28	01:00:24.538	1.34385	1.34411			6
2025.07.28	01:00:24.853	1.34376	1.34427			6
2025.07.28	01:00:25.465	1.34378				2
2025.07.28	01:00:30.123		1.34425			4
2025.07.28	01:00:30.432	1.34388	1.34435			6
2025.07.28	01:00:30.739	1.34385	1.34439			6
2025.07.28	01:00:31.376	1.34387	1.34430			6
2025.07.28	01:00:31.684	1.34385	1.34439			6
2025.07.28	01:00:32.001		1.34437			4
2025.07.28	01:00:32.308		1.34435			4
2025.07.28	01:00:32.931	1.34392	1.34439			6
2025.07.28	01:00:33.238	1.34406				2
2025.07.28	01:00:34.463	1.34393	1.34430			6
2025.07.28	01:00:34.766	1.34385	1.34426			6
2025.07.28	01:00:35.083		1.34437			4
2025.07.28	01:00:35.695	1.34388	1.34428			6
2025.07.28	01:00:36.005		1.34431			4
2025.07.28	01:00:36.624	1.34393	1.34440			6
2025.07.28	01:00:38.797		1.34423			4
2025.07.28	01:00:39.105	1.34406	1.34432			6
2025.07.28	01:00:40.027	1.34403				2
2025.07.28	01:00:42.503		1.34424			4
2025.07.28	01:00:45.280	1.34401				2
2025.07.28	01:00:46.198	1.34410				2
2025.07.28	01:00:48.051		1.34421			4
2025.07.28	01:00:49.282		1.34424			4
2025.07.28	01:00:49.587		1.34426			4
2025.07.28	01:00:49.896		1.34424			4
2025.07.28	01:00:51.749		1.34430			4
2025.07.28	01:00:52.361	1.34404				2
2025.07.28	01:00:57.603	1.34410	1.34436			6
2025.07.28	01:00:59.133		1.34435			4
2025.07.28	01:01:00.042	1.34400	1.34429			6
2025.07.28	01:01:00.346	1.34402	1.34432			6
2025.07.28	01:01:00.955	1.34403				2
2025.07.28	01:01:01.268	1.34402				2
2025.07.28	01:01:04.617	1.34403				2
2025.07.28	01:01:05.841	1.34402				2
2025.07.28	01:01:06.457	1.34403				2
2025.07.28	01:01:07.991	1.34402				2
2025.07.28	01:01:10.136	1.34410	1.34434			6
2025.07.28	01:01:10.441	1.34420	1.34440			6
2025.07.28	01:01:10.744	1.34422	1.34447			6
2025.07.28	01:01:11.045	1.34428	1.34449			6
2025.07.28	01:01:11.347	1.34434	1.34455			6
2025.07.28	01:01:11.656	1.34440	1.34458			6
2025.07.28	01:01:11.967		1.34457			4
2025.07.28	01:01:12.284		1.34462			4
2025.07.28	01:01:13.505	1.34442	1.34463			6
2025.07.28	01:01:13.807		1.34464			4
2025.07.28	01:01:14.723		1.34466			4
2025.07.28	01:01:15.034		1.34465			4
2025.07.28	01:01:15.641		1.34466			4
2025.07.28	01:01:16.571	1.34443	1.34468			6
2025.07.28	01:01:16.880		1.34469			4
2025.07.28	01:01:19.045		1.34477			4
2025.07.28	01:01:20.270	1.34450	1.34478			6
2025.07.28	01:01:20.580	1.34445	1.34477			6
2025.07.28	01:01:21.190	1.34448	1.34476			6
2025.07.28	01:01:21.800		1.34473			4
2025.07.28	01:01:22.104		1.34469			4
2025.07.28	01:01:22.407		1.34471			4
2025.07.28	01:01:24.542	1.34445				2
2025.07.28	01:01:25.157	1.34448				2
2025.07.28	01:01:25.462		1.34466			4
2025.07.28	01:01:26.066	1.34445				2
2025.07.28	01:01:27.274	1.34448	1.34467			6
2025.07.28	01:01:27.578		1.34466			4
2025.07.28	01:01:27.886		1.34468			4
2025.07.28	01:01:28.194	1.34436	1.34459			6
2025.07.28	01:01:28.499	1.34433	1.34457			6
2025.07.28	01:01:28.802		1.34453			4
2025.07.28	01:01:29.105	1.34431	1.34454			6
2025.07.28	01:01:29.413	1.34429	1.34458			6
2025.07.28	01:01:29.716	1.34426	1.34456			6
2025.07.28	01:01:30.022	1.34424	1.34453			6
2025.07.28	01:01:31.885	1.34425				2
2025.07.28	01:01:32.187	1.34428				2
2025.07.28	01:01:33.420	1.34429	1.34456			6
2025.07.28	01:01:34.040	1.34426				2
2025.07.28	01:01:34.345	1.34428	1.34457			6
2025.07.28	01:01:34.652		1.34458			4
2025.07.28	01:01:35.272	1.34426	1.34456			6
2025.07.28	01:01:35.879	1.34429	1.34457			6
2025.07.28	01:01:36.498	1.34434	1.34459			6
2025.07.28	01:01:36.800		1.34460			4
2025.07.28	01:01:39.547	1.34437	1.34461			6
2025.07.28	01:01:39.851		1.34462			4
2025.07.28	01:01:50.909		1.34461			4
2025.07.28	01:01:54.010		1.34463			4
2025.07.28	01:01:55.245		1.34462			4
2025.07.28	01:01:55.561		1.34461			4
2025.07.28	01:01:56.490	1.34465	1.34495			6
2025.07.28	01:01:56.796	1.34473	1.34493			6
2025.07.28	01:01:57.100		1.34495			4
2025.07.28	01:01:57.407	1.34456	1.34496			6
2025.07.28	01:01:57.708	1.34458				2
2025.07.28	01:01:58.316	1.34463				2
2025.07.28	01:01:58.620	1.34456				2
2025.07.28	01:02:00.171	1.34455	1.34491			6
2025.07.28	01:02:00.473	1.34453	1.34489			6
2025.07.28	01:02:00.786	1.34456	1.34491			6
2025.07.28	01:02:01.089		1.34484			4
2025.07.28	01:02:01.393	1.34455				2
2025.07.28	01:02:01.699		1.34485			4
2025.07.28	01:02:02.319	1.34454	1.34486			6
2025.07.28	01:02:02.620	1.34455				2
2025.07.28	01:02:02.922	1.34456	1.34484			6
2025.07.28	01:02:03.224	1.34457				2
2025.07.28	01:02:03.531		1.34491			4
2025.07.28	01:02:03.833	1.34458	1.34490			6
2025.07.28	01:02:04.139	1.34460	1.34488			6
2025.07.28	01:02:05.357	1.34454	1.34487			6
2025.07.28	01:02:05.670	1.34455	1.34492			6
2025.07.28	01:02:05.974	1.34454	1.34483			6
2025.07.28	01:02:06.280	1.34452	1.34485			6
2025.07.28	01:02:06.583	1.34459	1.34489			6
2025.07.28	01:02:06.885	1.34451	1.34486			6
2025.07.28	01:02:07.188	1.34449	1.34485			6
2025.07.28	01:02:09.037	1.34445	1.34481			6
2025.07.28	01:02:09.340	1.34449	1.34476			6
2025.07.28	01:02:09.653	1.34441				2
2025.07.28	01:02:10.877	1.34444				2
2025.07.28	01:02:11.188	1.34445	1.34478			6
2025.07.28	01:02:11.507	1.34441				2
2025.07.28	01:02:14.271	1.34443	1.34477			6
2025.07.28	01:02:14.889	1.34450	1.34488			6
2025.07.28	01:02:15.195	1.34443	1.34480			6
2025.07.28	01:02:15.504		1.34481			4
2025.07.28	01:02:18.584		1.34482			4
2025.07.28	01:02:19.195		1.34483			4
2025.07.28	01:02:19.502	1.34444	1.34485			6
2025.07.28	01:02:21.047	1.34445				2
2025.07.28	01:02:22.587		1.34484			4
2025.07.28	01:02:22.893	1.34458	1.34491			6
2025.07.28	01:02:23.496		1.34490			4
2025.07.28	01:02:24.417	1.34457	1.34492			6
2025.07.28	01:02:24.724	1.34453				2
2025.07.28	01:02:25.025	1.34445	1.34481			6
2025.07.28	01:02:25.938		1.34480			4
2025.07.28	01:02:27.490	1.34444				2
2025.07.28	01:02:29.952		1.34477			4
2025.07.28	01:02:30.257	1.34443	1.34475			6
2025.07.28	01:02:30.861	1.34447	1.34487			6
2025.07.28	01:02:31.163	1.34443	1.34475			6
2025.07.28	01:02:33.313	1.34447	1.34487			6
2025.07.28	01:02:33.620	1.34443	1.34475			6
2025.07.28	01:02:33.922	1.34447	1.34487			6
2025.07.28	01:02:34.231	1.34448	1.34485			6
2025.07.28	01:02:34.546	1.34443	1.34475			6
2025.07.28	01:02:34.849	1.34448	1.34487			6
2025.07.28	01:02:35.461	1.34443	1.34475			6
2025.07.28	01:02:35.765	1.34448	1.34487			6
2025.07.28	01:02:36.071	1.34443	1.34475			6
2025.07.28	01:02:36.690		1.34476			4
2025.07.28	01:02:36.994	1.34448	1.34487			6
2025.07.28	01:02:37.919	1.34446	1.34485			6
2025.07.28	01:02:38.531	1.34441	1.34481			6
2025.07.28	01:02:38.835		1.34473			4
2025.07.28	01:02:39.755		1.34472			4
2025.07.28	01:02:40.061		1.34470			4
2025.07.28	01:02:40.368	1.34442	1.34477			6
2025.07.28	01:02:40.674	1.34441	1.34470			6
2025.07.28	01:02:41.910		1.34468			4
2025.07.28	01:02:42.219		1.34470			4
2025.07.28	01:02:43.139		1.34471			4
2025.07.28	01:02:44.670		1.34472			4
2025.07.28	01:02:46.204		1.34471			4
2025.07.28	01:02:48.657	1.34446	1.34482			6
2025.07.28	01:02:48.965	1.34441	1.34474			6
2025.07.28	01:02:49.269	1.34446	1.34485			6
2025.07.28	01:02:49.574	1.34441	1.34475			6
2025.07.28	01:02:49.874	1.34446				2
2025.07.28	01:02:50.483	1.34448	1.34487			6
2025.07.28	01:02:50.789	1.34446	1.34476			6
2025.07.28	01:02:52.014		1.34474			4
2025.07.28	01:02:52.316		1.34487			4
2025.07.28	01:02:54.158	1.34447				2
2025.07.28	01:02:56.010	1.34446				2
2025.07.28	01:02:56.317	1.34442	1.34477			6
2025.07.28	01:02:56.622	1.34441				2
2025.07.28	01:03:00.001	1.34441				2
2025.07.28	01:03:02.755	1.34436				2
2025.07.28	01:03:07.355	1.34433				2
2025.07.28	01:03:07.663	1.34435				2
2025.07.28	01:03:10.438		1.34471			4
2025.07.28	01:03:12.280		1.34477			4
2025.07.28	01:03:14.424	1.34439				2
2025.07.28	01:03:14.733	1.34443				2
2025.07.28	01:03:15.963	1.34445				2
2025.07.28	01:03:19.050	1.34448	1.34478			6
2025.07.28	01:03:19.674	1.34445	1.34477			6
2025.07.28	01:03:20.581	1.34448	1.34478			6
2025.07.28	01:03:28.270	1.34445	1.34477			6
2025.07.28	01:03:28.892	1.34441				2
2025.07.28	01:03:29.500	1.34448	1.34463			6
2025.07.28	01:03:33.179	1.34449	1.34462			6
2025.07.28	01:03:33.491	1.34445	1.34458			6
2025.07.28	01:03:36.878		1.34457			4
2025.07.28	01:03:38.414	1.34446				2
2025.07.28	01:03:40.560	1.34445				2
2025.07.28	01:03:40.868	1.34444	1.34456			6
2025.07.28	01:03:42.709	1.34445	1.34457			6
2025.07.28	01:03:44.240	1.34446				2
2025.07.28	01:03:45.461	1.34452	1.34461			6
2025.07.28	01:03:45.766	1.34455	1.34466			6
2025.07.28	01:03:48.223	1.34454				2
2025.07.28	01:03:50.978	1.34453				2
2025.07.28	01:03:51.593	1.34454				2
2025.07.28	01:03:52.210		1.34465			4
2025.07.28	01:03:52.516	1.34453				2
2025.07.28	01:03:54.348	1.34449	1.34462			6
2025.07.28	01:03:56.193	1.34450				2
2025.07.28	01:03:57.113	1.34451	1.34464			6
2025.07.28	01:03:57.417	1.34449				2
2025.07.28	01:03:58.628	1.34450				2
2025.07.28	01:04:00.172	1.34450				2
2025.07.28	01:04:02.625	1.34448				2
2025.07.28	01:04:04.458	1.34450				2
2025.07.28	01:04:04.762	1.34452				2
2025.07.28	01:04:05.672	1.34454	1.34465			6
2025.07.28	01:04:06.578	1.34453				2
2025.07.28	01:04:06.882	1.34452				2
2025.07.28	01:04:07.193	1.34447	1.34461			6
2025.07.28	01:04:08.423	1.34444	1.34455			6
2025.07.28	01:04:09.656	1.34440				2
2025.07.28	01:04:14.547	1.34447	1.34458			6
2025.07.28	01:04:14.850	1.34446				2
2025.07.28	01:04:17.914	1.34445	1.34459			6
2025.07.28	01:04:24.628	1.34447				2
2025.07.28	01:04:24.940	1.34445	1.34458			6
2025.07.28	01:04:25.242	1.34446				2
2025.07.28	01:04:30.705	1.34445				2
2025.07.28	01:04:31.015	1.34444				2
2025.07.28	01:04:31.323	1.34445	1.34456			6
2025.07.28	01:04:31.633	1.34444				2
2025.07.28	01:04:33.764	1.34448	1.34462			6
2025.07.28	01:04:34.083	1.34449				2
2025.07.28	01:04:36.236	1.34448				2
2025.07.28	01:04:36.536	1.34450				2
2025.07.28	01:04:37.463	1.34446	1.34458			6
2025.07.28	01:04:38.689	1.34445	1.34457			6
2025.07.28	01:04:39.293		1.34456			4
2025.07.28	01:04:42.629	1.34444				2
2025.07.28	01:04:44.156	1.34448	1.34461			6
2025.07.28	01:04:54.927	1.34446	1.34462			6
2025.07.28	01:04:55.233	1.34448				2
2025.07.28	01:04:56.783	1.34452	1.34464			6
2025.07.28	01:04:57.090	1.34453				2
2025.07.28	01:04:57.709	1.34455	1.34467			6
2025.07.28	01:04:58.334	1.34456				2
2025.07.28	01:04:59.566	1.34453				2
2025.07.28	01:05:00.185	1.34453				2
2025.07.28	01:05:02.637		1.34466			4
2025.07.28	01:05:04.487		1.34467			4
2025.07.28	01:05:05.712	1.34458	1.34471			6
2025.07.28	01:05:12.496	1.34450	1.34463			6
2025.07.28	01:05:12.803	1.34449				2
2025.07.28	01:05:13.416	1.34448	1.34460			6
2025.07.28	01:05:13.727	1.34449				2
2025.07.28	01:05:18.040	1.34450	1.34462			6
2025.07.28	01:05:18.346	1.34451	1.34464			6
2025.07.28	01:05:18.652	1.34450				2
2025.07.28	01:05:19.568	1.34449	1.34462			6
2025.07.28	01:05:19.879	1.34451	1.34461			6
2025.07.28	01:05:20.181	1.34448				2
2025.07.28	01:05:21.099	1.34449				2
2025.07.28	01:05:22.027	1.34448				2
2025.07.28	01:05:25.111	1.34449				2
2025.07.28	01:05:29.425		1.34460			4
2025.07.28	01:05:31.571	1.34448				2
2025.07.28	01:05:31.885		1.34461			4
2025.07.28	01:05:40.811	1.34449				2
2025.07.28	01:05:46.074	1.34448	1.34460			6
2025.07.28	01:05:49.760	1.34449				2
2025.07.28	01:05:50.682	1.34438	1.34445			6
2025.07.28	01:05:51.289	1.34441	1.34452			6
2025.07.28	01:05:52.208	1.34438	1.34443			6
2025.07.28	01:05:52.509	1.34442	1.34452			6
2025.07.28	01:05:52.813		1.34451			4
2025.07.28	01:05:57.111	1.34443	1.34453			6
2025.07.28	01:05:58.330	1.34438	1.34445			6
2025.07.28	01:05:58.636	1.34442	1.34452			6
2025.07.28	01:05:59.254	1.34443	1.34451			6
2025.07.28	01:06:00.169	1.34444				2
2025.07.28	01:06:01.091		1.34450			4
2025.07.28	01:06:01.402	1.34435	1.34439			6
2025.07.28	01:06:01.707	1.34426	1.34437			6
2025.07.28	01:06:02.635	1.34427				2
2025.07.28	01:06:06.002	1.34412	1.34422			6
2025.07.28	01:06:06.308	1.34406	1.34419			6
2025.07.28	01:06:06.623	1.34401	1.34414			6
2025.07.28	01:06:07.551	1.34410	1.34423			6
2025.07.28	01:06:07.862		1.34422			4
2025.07.28	01:06:08.166	1.34409				2
2025.07.28	01:06:13.422	1.34410				2
2025.07.28	01:06:14.959	1.34411				2
2025.07.28	01:06:15.267	1.34409				2
2025.07.28	01:06:17.145		1.34421			4
2025.07.28	01:06:20.525	1.34408	1.34420			6
2025.07.28	01:06:24.825	1.34409				2
2025.07.28	01:06:35.629	1.34404	1.34415			6
2025.07.28	01:06:36.249		1.34414			4
2025.07.28	01:06:36.871	1.34402	1.34411			6
2025.07.28	01:06:37.181	1.34403				2
2025.07.28	01:06:40.285	1.34402	1.34415			6
2025.07.28	01:06:40.587	1.34404				2
2025.07.28	01:06:41.196	1.34403				2
2025.07.28	01:06:41.498	1.34402				2
2025.07.28	01:06:41.814	1.34404				2
2025.07.28	01:06:50.745		1.34414			4
2025.07.28	01:06:53.210	1.34403				2
2025.07.28	01:06:58.797	1.34407	1.34410			6
2025.07.28	01:06:59.717	1.34403	1.34414			6
2025.07.28	01:07:00.033	1.34403				2
2025.07.28	01:07:00.650	1.34407	1.34410			6
2025.07.28	01:07:01.878	1.34406	1.34409			6
2025.07.28	01:07:02.801	1.34407	1.34410			6
2025.07.28	01:07:04.018	1.34406	1.34409			6
2025.07.28	01:07:04.322	1.34407	1.34410			6
2025.07.28	01:07:06.763	1.34405	1.34408			6
2025.07.28	01:07:07.373	1.34406	1.34409			6
2025.07.28	01:07:07.987	1.34405	1.34408			6
2025.07.28	01:07:09.531	1.34406	1.34409			6
2025.07.28	01:07:09.836	1.34405	1.34408			6
2025.07.28	01:07:10.142	1.34406	1.34409			6
2025.07.28	01:07:12.278	1.34407	1.34410			6
2025.07.28	01:07:12.580	1.34406	1.34409			6
2025.07.28	01:07:13.189	1.34407	1.34410			6
2025.07.28	01:07:13.490	1.34406	1.34409			6
2025.07.28	01:07:15.338	1.34407	1.34410			6
2025.07.28	01:07:15.950	1.34406	1.34409			6
2025.07.28	01:07:16.252	1.34407	1.34410			6
2025.07.28	01:07:19.621	1.34406	1.34409			6
2025.07.28	01:07:19.926	1.34404	1.34407			6
2025.07.28	01:07:20.842	1.34405	1.34408			6
2025.07.28	01:07:25.122	1.34404	1.34407			6
2025.07.28	01:07:30.025	1.34403	1.34406			6
2025.07.28	01:07:31.243	1.34404	1.34407			6
2025.07.28	01:07:32.153	1.34403	1.34406			6
2025.07.28	01:07:38.855	1.34402	1.34405			6
2025.07.28	01:07:40.705	1.34386	1.34396			6
2025.07.28	01:07:41.012		1.34395			4
2025.07.28	01:07:50.518	1.34381	1.34390			6
2025.07.28	01:07:50.821	1.34383	1.34388			6
2025.07.28	01:07:52.334	1.34381				2
2025.07.28	01:07:52.949	1.34379	1.34385			6
2025.07.28	01:07:53.259	1.34370	1.34380			6
2025.07.28	01:07:58.796	1.34369				2
2025.07.28	01:07:59.721	1.34370	1.34379			6
2025.07.28	01:08:00.029	1.34370				2
2025.07.28	01:08:00.336		1.34380			4
2025.07.28	01:08:10.152	1.34374	1.34377			6
2025.07.28	01:08:10.456	1.34366	1.34369			6
2025.07.28	01:08:10.768	1.34367	1.34370			6
2025.07.28	01:08:12.294	1.34365	1.34371			6
2025.07.28	01:08:13.203	1.34366				2
2025.07.28	01:08:14.112		1.34370			4
2025.07.28	01:08:15.336	1.34367				2
2025.07.28	01:08:17.484	1.34366	1.34369			6
2025.07.28	01:08:24.789	1.34367	1.34370			6
2025.07.28	01:08:25.093	1.34368	1.34371			6
2025.07.28	01:08:26.305	1.34369	1.34372			6
2025.07.28	01:08:31.834	1.34379	1.34382			6
2025.07.28	01:08:33.057	1.34378	1.34381			6
2025.07.28	01:08:33.368	1.34374	1.34383			6
2025.07.28	01:08:34.890	1.34373				2
2025.07.28	01:08:35.197	1.34376				2
2025.07.28	01:08:36.112	1.34377				2
2025.07.28	01:08:36.416	1.34378	1.34384			6
2025.07.28	01:08:36.718	1.34369	1.34375			6
2025.07.28	01:08:37.323	1.34370				2
2025.07.28	01:08:38.232	1.34366				2
2025.07.28	01:08:40.978		1.34374			4
2025.07.28	01:08:41.282	1.34362	1.34372			6
2025.07.28	01:08:41.587	1.34361	1.34371			6
2025.07.28	01:08:41.895	1.34364				2
2025.07.28	01:08:43.112	1.34365				2
2025.07.28	01:08:44.346	1.34366				2
2025.07.28	01:08:45.255	1.34367				2
2025.07.28	01:08:47.097	1.34368				2
2025.07.28	01:08:50.749	1.34370	1.34372			6
2025.07.28	01:08:56.563	1.34373	1.34375			6
2025.07.28	01:08:57.791	1.34366				2
2025.07.28	01:08:58.103	1.34367				2
2025.07.28	01:08:58.715	1.34373	1.34376			6
2025.07.28	01:08:59.023	1.34378	1.34381			6
2025.07.28	01:08:59.332	1.34367	1.34376			6
2025.07.28	01:09:00.251	1.34367	1.34374			6
2025.07.28	01:09:07.361	1.34373	1.34376			6
2025.07.28	01:09:07.663	1.34372	1.34381			6
2025.07.28	01:09:09.207	1.34374	1.34377			6
2025.07.28	01:09:10.732	1.34373	1.34376			6
2025.07.28	01:09:11.039	1.34374	1.34377			6
2025.07.28	01:09:16.819	1.34372	1.34381			6
2025.07.28	01:09:18.982	1.34374	1.34377			6
2025.07.28	01:09:21.435	1.34372	1.34375			6
2025.07.28	01:09:22.044	1.34371	1.34380			6
2025.07.28	01:09:22.665	1.34370	1.34379			6
2025.07.28	01:09:23.278	1.34367	1.34375			6
2025.07.28	01:09:23.580		1.34376			4
2025.07.28	01:09:31.628	1.34356	1.34359			6
2025.07.28	01:09:31.938	1.34353	1.34358			6
2025.07.28	01:09:38.455	1.34352				2
2025.07.28	01:09:43.731		1.34354			4
2025.07.28	01:09:44.349	1.34339	1.34343			6
2025.07.28	01:09:44.957	1.34338	1.34342			6
2025.07.28	01:09:45.259		1.34344			4
2025.07.28	01:09:46.180	1.34337				2
2025.07.28	01:09:51.380	1.34338	1.34345			6
2025.07.28	01:09:54.130		1.34344			4
2025.07.28	01:09:54.746	1.34339				2
2025.07.28	01:09:55.049	1.34342	1.34350			6
2025.07.28	01:09:55.356	1.34338	1.34345			6
2025.07.28	01:09:56.277	1.34337	1.34344			6
2025.07.28	01:09:56.590	1.34340				2
2025.07.28	01:09:56.899	1.34338	1.34346			6
2025.07.28	01:10:00.299	1.34341	1.34344			6
2025.07.28	01:10:00.915	1.34340	1.34343			6
2025.07.28	01:10:02.150	1.34339	1.34342			6
2025.07.28	01:10:02.752	1.34340	1.34343			6
2025.07.28	01:10:05.501	1.34339	1.34342			6
2025.07.28	01:10:06.420	1.34341	1.34349			6
2025.07.28	01:10:13.531	1.34343	1.34346			6
2025.07.28	01:10:16.270		1.34344			4
2025.07.28	01:10:16.571	1.34342				2
2025.07.28	01:10:18.412	1.34340	1.34349			6
2025.07.28	01:10:24.264	1.34344	1.34347			6
2025.07.28	01:10:25.491	1.34343	1.34344			6
2025.07.28	01:10:27.022	1.34342				2
2025.07.28	01:10:28.853	1.34330	1.34333			6
2025.07.28	01:10:30.379	1.34328	1.34334			6
2025.07.28	01:10:31.289		1.34332			4
2025.07.28	01:10:33.736	1.34320	1.34323			6
2025.07.28	01:10:35.276		1.34322			4
2025.07.28	01:10:38.321	1.34321				2
2025.07.28	01:10:39.549		1.34323			4
2025.07.28	01:10:40.152	1.34322				2
2025.07.28	01:10:43.516	1.34321	1.34322			6
2025.07.28	01:10:44.130		1.34324			4
2025.07.28	01:10:44.434	1.34322	1.34325			6
2025.07.28	01:10:45.653	1.34321	1.34323			6
2025.07.28	01:10:53.088	1.34322				2
2025.07.28	01:10:55.236	1.34321				2
2025.07.28	01:10:55.537		1.34322			4
2025.07.28	01:10:55.840	1.34322	1.34323			6
2025.07.28	01:10:56.153		1.34324			4
2025.07.28	01:10:56.463	1.34321				2
2025.07.28	01:11:00.132	1.34321				2
2025.07.28	01:11:03.486	1.34320	1.34323			6
2025.07.28	01:11:05.315	1.34313	1.34316			6
2025.07.28	01:11:05.617	1.34311	1.34314			6
2025.07.28	01:11:06.231	1.34309				2
2025.07.28	01:11:11.116		1.34313			4
2025.07.28	01:11:13.241	1.34310				2
2025.07.28	01:11:17.477	1.34311	1.34314			6
2025.07.28	01:11:19.923	1.34312	1.34315			6
2025.07.28	01:11:20.225	1.34311	1.34314			6
2025.07.28	01:11:21.137	1.34312	1.34315			6
2025.07.28	01:11:24.184	1.34311	1.34313			6
2025.07.28	01:11:24.487		1.34314			4
2025.07.28	01:11:37.048	1.34309	1.34312			6
2025.07.28	01:11:37.350	1.34310	1.34313			6
2025.07.28	01:11:38.879	1.34311	1.34314			6
2025.07.28	01:11:39.805	1.34312	1.34315			6
2025.07.28	01:11:41.029	1.34311	1.34314			6
2025.07.28	01:11:43.474	1.34312	1.34315			6
2025.07.28	01:11:44.396	1.34317	1.34318			6
2025.07.28	01:11:45.011		1.34320			4
2025.07.28	01:11:45.317	1.34318	1.34321			6
2025.07.28	01:11:46.244	1.34317	1.34320			6
2025.07.28	01:11:49.307	1.34326	1.34327			6
2025.07.28	01:11:50.212		1.34330			4
2025.07.28	01:11:51.138		1.34329			4
2025.07.28	01:11:52.066	1.34327	1.34330			6
2025.07.28	01:11:52.996		1.34329			4
2025.07.28	01:11:53.303		1.34328			4
2025.07.28	01:11:54.226		1.34329			4
2025.07.28	01:11:54.529		1.34328			4
2025.07.28	01:11:58.801	1.34329	1.34330			6
2025.07.28	01:12:00.020	1.34329				2
2025.07.28	01:12:00.633	1.34328	1.34329			6
2025.07.28	01:12:05.809	1.34323	1.34326			6
2025.07.28	01:12:06.114	1.34318	1.34324			6
2025.07.28	01:12:06.419	1.34319				2
2025.07.28	01:12:07.345	1.34320				2
2025.07.28	01:12:07.957	1.34319	1.34323			6
2025.07.28	01:12:08.264		1.34322			4
2025.07.28	01:12:14.081	1.34321	1.34324			6
2025.07.28	01:12:14.383	1.34320	1.34323			6
2025.07.28	01:12:14.687	1.34321	1.34324			6
2025.07.28	01:12:15.297	1.34320	1.34323			6
2025.07.28	01:12:17.433	1.34319	1.34322			6
2025.07.28	01:12:17.741	1.34318	1.34321			6
2025.07.28	01:12:18.044	1.34316	1.34319			6
2025.07.28	01:12:18.356	1.34315				2
2025.07.28	01:12:19.268	1.34316				2
2025.07.28	01:12:21.111	1.34317	1.34320			6
2025.07.28	01:12:22.033	1.34316	1.34319			6
2025.07.28	01:12:22.344	1.34315	1.34318			6
2025.07.28	01:12:22.952	1.34316	1.34319			6
2025.07.28	01:12:23.569	1.34315	1.34318			6
2025.07.28	01:12:23.871	1.34316	1.34319			6
2025.07.28	01:12:30.563	1.34315	1.34318			6
2025.07.28	01:12:32.705	1.34316	1.34319			6
2025.07.28	01:12:33.012	1.34315	1.34318			6
2025.07.28	01:12:33.933	1.34316	1.34319			6
2025.07.28	01:12:34.543	1.34315	1.34318			6
2025.07.28	01:12:34.855	1.34316	1.34319			6
2025.07.28	01:12:35.166	1.34315	1.34318			6
2025.07.28	01:12:36.392	1.34316	1.34319			6
2025.07.28	01:12:37.002	1.34315	1.34318			6
2025.07.28	01:12:37.303	1.34314	1.34317			6
2025.07.28	01:12:37.606	1.34315	1.34318			6
2025.07.28	01:12:37.911	1.34316	1.34319			6
2025.07.28	01:12:38.213	1.34315	1.34318			6
2025.07.28	01:12:38.526	1.34316	1.34319			6
2025.07.28	01:12:39.442	1.34315	1.34318			6
2025.07.28	01:12:39.744	1.34318	1.34321			6
2025.07.28	01:12:40.053	1.34316	1.34319			6
2025.07.28	01:12:40.359	1.34317	1.34320			6
2025.07.28	01:12:40.973	1.34318	1.34321			6
2025.07.28	01:12:41.281	1.34319	1.34322			6
2025.07.28	01:12:41.889	1.34317	1.34320			6
2025.07.28	01:12:42.197	1.34318	1.34321			6
2025.07.28	01:12:44.033	1.34319	1.34322			6
2025.07.28	01:12:44.337	1.34318	1.34321			6
2025.07.28	01:12:44.951	1.34319	1.34322			6
2025.07.28	01:12:47.090	1.34306	1.34314			6
2025.07.28	01:12:47.393	1.34310	1.34317			6
2025.07.28	01:12:47.702	1.34312	1.34320			6
2025.07.28	01:12:48.307	1.34314	1.34321			6
2025.07.28	01:12:48.923	1.34317	1.34324			6
2025.07.28	01:12:49.238	1.34314				2
2025.07.28	01:12:49.545		1.34323			4
2025.07.28	01:12:49.859		1.34324			4
2025.07.28	01:12:50.175	1.34315				2
2025.07.28	01:12:50.480	1.34314	1.34323			6
2025.07.28	01:12:51.099	1.34315	1.34322			6
2025.07.28	01:12:52.337	1.34316	1.34321			6
2025.07.28	01:12:53.267		1.34320			4
2025.07.28	01:12:54.176	1.34318	1.34321			6
2025.07.28	01:12:55.401	1.34317	1.34320			6
2025.07.28	01:12:56.940	1.34320	1.34323			6
2025.07.28	01:12:57.243	1.34318	1.34324			6
2025.07.28	01:12:58.163	1.34319				2
2025.07.28	01:12:59.083		1.34323			4
2025.07.28	01:13:00.013	1.34319				2
2025.07.28	01:13:00.314	1.34320				2
2025.07.28	01:13:00.621	1.34319	1.34322			6
2025.07.28	01:13:00.927	1.34320	1.34323			6
2025.07.28	01:13:06.432	1.34324	1.34327			6
2025.07.28	01:13:08.260	1.34320	1.34326			6
2025.07.28	01:13:08.565	1.34317	1.34325			6
2025.07.28	01:13:10.108	1.34315	1.34322			6
2025.07.28	01:13:10.420	1.34310	1.34319			6
2025.07.28	01:13:11.960	1.34308	1.34316			6
2025.07.28	01:13:15.051	1.34307				2
2025.07.28	01:13:15.361		1.34315			4
2025.07.28	01:13:16.590	1.34309	1.34316			6
2025.07.28	01:13:18.431	1.34308				2
2025.07.28	01:13:19.363	1.34311	1.34319			6
2025.07.28	01:13:20.290	1.34313				2
2025.07.28	01:13:20.599	1.34316	1.34323			6
2025.07.28	01:13:20.911	1.34315	1.34322			6
2025.07.28	01:13:21.224	1.34316	1.34324			6
2025.07.28	01:13:22.450	1.34317	1.34325			6
2025.07.28	01:13:25.236	1.34318	1.34324			6
2025.07.28	01:13:26.161	1.34319	1.34323			6
2025.07.28	01:13:26.462	1.34323	1.34327			6
2025.07.28	01:13:27.382	1.34324				2
2025.07.28	01:13:28.306	1.34320	1.34328			6
2025.07.28	01:13:29.237	1.34321				2
2025.07.28	01:13:30.159	1.34322				2
2025.07.28	01:13:31.378	1.34323	1.34327			6
2025.07.28	01:13:31.683	1.34321	1.34325			6
2025.07.28	01:13:31.985	1.34320	1.34324			6
2025.07.28	01:13:32.298	1.34321				2
2025.07.28	01:13:33.216	1.34318	1.34326			6
2025.07.28	01:13:33.840		1.34325			4
2025.07.28	01:13:34.153	1.34320				2
2025.07.28	01:13:35.079		1.34324			4
2025.07.28	01:13:36.310	1.34321				2
2025.07.28	01:13:39.346	1.34320	1.34323			6
2025.07.28	01:13:39.657	1.34321	1.34324			6
2025.07.28	01:13:56.510	1.34322	1.34325			6
2025.07.28	01:13:56.815	1.34321	1.34324			6
2025.07.28	01:14:00.182	1.34322	1.34325			6
2025.07.28	01:14:00.485	1.34318	1.34321			6
2025.07.28	01:14:02.017	1.34317	1.34320			6
2025.07.28	01:14:04.778	1.34319	1.34322			6
2025.07.28	01:14:13.307	1.34318	1.34321			6
2025.07.28	01:14:14.232	1.34313	1.34316			6
2025.07.28	01:14:14.540	1.34312	1.34315			6
2025.07.28	01:14:15.150	1.34309				2
2025.07.28	01:14:21.322	1.34310				2
2025.07.28	01:14:22.244	1.34311				2
2025.07.28	01:14:22.859	1.34312	1.34317			6
2025.07.28	01:14:23.165	1.34311	1.34315			6
2025.07.28	01:14:24.091	1.34312				2
2025.07.28	01:14:25.305	1.34301	1.34303			6
2025.07.28	01:14:25.609	1.34300				2
2025.07.28	01:14:26.222	1.34299	1.34302			6
2025.07.28	01:14:27.757		1.34305			4
2025.07.28	01:14:30.227	1.34304				2
2025.07.28	01:14:30.537	1.34302	1.34310			6
2025.07.28	01:14:32.704	1.34301	1.34308			6
2025.07.28	01:14:33.007	1.34297	1.34305			6
2025.07.28	01:14:37.032	1.34300	1.34306			6
2025.07.28	01:14:38.269	1.34303	1.34310			6
2025.07.28	01:14:40.126	1.34305				2
2025.07.28	01:14:41.357		1.34309			4
2025.07.28	01:14:43.194	1.34306				2
2025.07.28	01:14:44.416	1.34307	1.34310			6
2025.07.28	01:14:45.028	1.34306	1.34309			6
2025.07.28	01:14:50.237	1.34302	1.34305			6
2025.07.28	01:14:50.540	1.34303	1.34306			6
2025.07.28	01:14:51.467	1.34302	1.34305			6
2025.07.28	01:14:52.077	1.34303	1.34306			6
2025.07.28	01:14:52.388	1.34302	1.34305			6
2025.07.28	01:14:54.217	1.34303				2
2025.07.28	01:14:55.141	1.34302				2
2025.07.28	01:14:56.681	1.34303				2
2025.07.28	01:15:00.044	1.34303				2
2025.07.28	01:15:00.347	1.34302				2
2025.07.28	01:15:05.243	1.34303	1.34306			6
2025.07.28	01:15:08.306	1.34302	1.34305			6
2025.07.28	01:15:09.537	1.34310	1.34313			6
2025.07.28	01:15:10.141	1.34309	1.34314			6
2025.07.28	01:15:10.442		1.34316			4
2025.07.28	01:15:10.746		1.34315			4
2025.07.28	01:15:15.695	1.34319	1.34325			6
2025.07.28	01:15:16.004	1.34323	1.34329			6
2025.07.28	01:15:16.308	1.34325	1.34330			6
2025.07.28	01:15:17.246	1.34324				2
2025.07.28	01:15:21.269	1.34323	1.34329			6
2025.07.28	01:15:23.758	1.34324				2
2025.07.28	01:15:24.065	1.34323				2
2025.07.28	01:15:24.372	1.34324				2
2025.07.28	01:15:24.680	1.34323				2
2025.07.28	01:15:24.996	1.34325				2
2025.07.28	01:15:25.303	1.34326				2
2025.07.28	01:15:26.231	1.34328				2
2025.07.28	01:15:26.541	1.34327				2
2025.07.28	01:15:27.449	1.34330	1.34333			6
2025.07.28	01:15:28.058	1.34329	1.34332			6
2025.07.28	01:15:28.366	1.34328				2
2025.07.28	01:15:28.981		1.34331			4
2025.07.28	01:15:29.911	1.34327				2
2025.07.28	01:15:30.216	1.34326	1.34330			6
2025.07.28	01:15:30.518	1.34325	1.34329			6
2025.07.28	01:15:30.820	1.34327	1.34331			6
2025.07.28	01:15:32.048	1.34326	1.34330			6
2025.07.28	01:15:32.356	1.34327				2
2025.07.28	01:15:32.960	1.34326	1.34329			6
2025.07.28	01:15:33.272	1.34325	1.34328			6
2025.07.28	01:15:39.675	1.34323	1.34326			6
2025.07.28	01:15:43.320	1.34322	1.34325			6
2025.07.28	01:15:43.629	1.34324	1.34327			6
2025.07.28	01:15:48.519	1.34323	1.34326			6
2025.07.28	01:15:48.824	1.34322	1.34325			6
2025.07.28	01:15:57.704	1.34321	1.34324			6
2025.07.28	01:15:58.308	1.34330	1.34333			6
2025.07.28	01:15:58.612	1.34332	1.34335			6
2025.07.28	01:15:59.220	1.34329				2
2025.07.28	01:16:00.141	1.34329				2
2025.07.28	01:16:03.221		1.34337			4
2025.07.28	01:16:04.140	1.34324	1.34328			6
2025.07.28	01:16:04.449	1.34323	1.34330			6
2025.07.28	01:16:04.761	1.34324	1.34331			6
2025.07.28	01:16:05.386		1.34332			4
2025.07.28	01:16:05.693	1.34323	1.34331			6
2025.07.28	01:16:06.925	1.34320	1.34327			6
2025.07.28	01:16:09.390	1.34321				2
2025.07.28	01:16:10.015	1.34322	1.34328			6
2025.07.28	01:16:10.323	1.34323	1.34327			6
2025.07.28	01:16:12.160	1.34324				2
2025.07.28	01:16:12.467	1.34327	1.34330			6
2025.07.28	01:16:13.378	1.34326				2
2025.07.28	01:16:14.294	1.34327				2
2025.07.28	01:16:16.725	1.34326	1.34329			6
2025.07.28	01:16:18.566	1.34332	1.34335			6
2025.07.28	01:16:18.868	1.34331	1.34334			6
2025.07.28	01:16:19.173	1.34330				2
2025.07.28	01:16:20.389	1.34331				2
2025.07.28	01:16:29.281	1.34330	1.34333			6
2025.07.28	01:16:36.326	1.34329	1.34332			6
2025.07.28	01:16:36.627	1.34328	1.34331			6
2025.07.28	01:16:36.931	1.34331	1.34334			6
2025.07.28	01:16:45.175	1.34329	1.34332			6
2025.07.28	01:16:47.625	1.34325	1.34328			6
2025.07.28	01:16:53.440	1.34327	1.34330			6
2025.07.28	01:16:56.489	1.34328	1.34331			6
2025.07.28	01:16:57.091	1.34332	1.34335			6
2025.07.28	01:16:57.404	1.34331	1.34334			6
2025.07.28	01:17:00.165	1.34331				2
2025.07.28	01:17:00.467	1.34330	1.34333			6
2025.07.28	01:17:14.260	1.34327	1.34330			6
2025.07.28	01:17:14.563	1.34326	1.34329			6
2025.07.28	01:17:15.177	1.34324	1.34330			6
2025.07.28	01:17:16.097	1.34325				2
2025.07.28	01:17:17.337		1.34329			4
2025.07.28	01:17:19.196	1.34326				2
2025.07.28	01:17:22.523	1.34325	1.34328			6
2025.07.28	01:17:30.172	1.34320	1.34323			6
2025.07.28	01:17:31.093	1.34319	1.34326			6
2025.07.28	01:17:32.325		1.34325			4
2025.07.28	01:17:32.941	1.34316	1.34323			6
2025.07.28	01:17:34.176		1.34322			4
2025.07.28	01:17:35.110	1.34317				2
2025.07.28	01:17:35.422	1.34318	1.34323			6
2025.07.28	01:17:37.276		1.34322			4
2025.07.28	01:17:38.185	1.34319				2
2025.07.28	01:17:39.416	1.34316	1.34319			6
2025.07.28	01:17:40.019	1.34317	1.34320			6
2025.07.28	01:17:40.321	1.34315	1.34319			6
2025.07.28	01:17:41.253	1.34316				2
2025.07.28	01:17:42.774	1.34315	1.34318			6
2025.07.28	01:17:43.390	1.34316	1.34319			6
2025.07.28	01:17:44.003	1.34315	1.34318			6
2025.07.28	01:17:44.313	1.34316	1.34319			6
2025.07.28	01:17:44.622	1.34315	1.34318			6
2025.07.28	01:17:45.235	1.34316	1.34319			6
2025.07.28	01:17:46.455	1.34315	1.34318			6
2025.07.28	01:17:47.674	1.34316	1.34319			6
2025.07.28	01:17:48.890	1.34315	1.34318			6
2025.07.28	01:17:50.714	1.34314	1.34317			6
2025.07.28	01:17:51.016	1.34313	1.34316			6
2025.07.28	01:17:51.321	1.34312	1.34314			6
2025.07.28	01:17:52.529	1.34309	1.34312			6
2025.07.28	01:17:53.137	1.34310				2
2025.07.28	01:17:55.595	1.34309				2
2025.07.28	01:17:56.213	1.34310	1.34313			6
2025.07.28	01:17:57.129	1.34309	1.34311			6
2025.07.28	01:17:57.432	1.34306	1.34309			6
2025.07.28	01:17:58.357	1.34305	1.34310			6
2025.07.28	01:17:58.663		1.34311			4
2025.07.28	01:17:58.971		1.34310			4
2025.07.28	01:17:59.274		1.34308			4
2025.07.28	01:17:59.586	1.34306	1.34310			6
2025.07.28	01:18:00.204	1.34305	1.34312			6
2025.07.28	01:18:00.504		1.34311			4
2025.07.28	01:18:01.122		1.34310			4
2025.07.28	01:18:01.738	1.34304	1.34309			6
2025.07.28	01:18:02.051		1.34310			4
2025.07.28	01:18:02.352		1.34308			4
2025.07.28	01:18:04.214	1.34305				2
2025.07.28	01:18:06.671	1.34306	1.34309			6
2025.07.28	01:18:07.280	1.34305	1.34308			6
2025.07.28	01:18:07.595	1.34306	1.34309			6
2025.07.28	01:18:07.906	1.34305	1.34308			6
2025.07.28	01:18:10.350	1.34306	1.34309			6
2025.07.28	01:18:12.204	1.34305	1.34308			6
2025.07.28	01:18:17.399	1.34306	1.34309			6
2025.07.28	01:18:18.927	1.34303	1.34306			6
2025.07.28	01:18:19.230	1.34301	1.34304			6
2025.07.28	01:18:19.540	1.34302	1.34305			6
2025.07.28	01:18:20.156	1.34300	1.34306			6
2025.07.28	01:18:22.306	1.34299				2
2025.07.28	01:18:22.615	1.34300				2
2025.07.28	01:18:24.156		1.34305			4
2025.07.28	01:18:24.463		1.34306			4
2025.07.28	01:18:25.391	1.34301				2
2025.07.28	01:18:26.322		1.34305			4
2025.07.28	01:18:27.249		1.34304			4
2025.07.28	01:18:27.856	1.34302	1.34305			6
2025.07.28	01:18:30.911	1.34301	1.34304			6
2025.07.28	01:18:31.215	1.34302	1.34305			6
2025.07.28	01:18:31.827	1.34301	1.34304			6
2025.07.28	01:18:34.907	1.34306	1.34309			6
2025.07.28	01:18:36.128	1.34304	1.34312			6
2025.07.28	01:18:37.664	1.34306	1.34313			6
2025.07.28	01:18:39.210		1.34314			4
2025.07.28	01:18:41.360	1.34307				2
2025.07.28	01:18:42.287	1.34311	1.34315			6
2025.07.28	01:18:42.910	1.34313	1.34317			6
2025.07.28	01:18:44.151		1.34316			4
2025.07.28	01:18:46.311		1.34315			4
2025.07.28	01:18:47.548		1.34316			4
2025.07.28	01:18:49.074		1.34315			4
2025.07.28	01:18:50.596		1.34316			4
2025.07.28	01:18:51.515		1.34315			4
2025.07.28	01:18:51.817		1.34316			4
2025.07.28	01:18:52.119		1.34315			4
2025.07.28	01:18:52.422	1.34314	1.34316			6
2025.07.28	01:18:56.400	1.34313	1.34315			6
2025.07.28	01:19:00.052	1.34313				2
2025.07.28	01:19:21.781	1.34311	1.34314			6
2025.07.28	01:19:24.241		1.34313			4
2025.07.28	01:19:26.056		1.34314			4
2025.07.28	01:19:27.575		1.34313			4
2025.07.28	01:19:28.192		1.34314			4
2025.07.28	01:19:30.337		1.34313			4
2025.07.28	01:19:31.252		1.34314			4
2025.07.28	01:19:45.897	1.34313				2
2025.07.28	01:19:47.447	1.34312	1.34315			6
2025.07.28	01:19:48.683	1.34313	1.34314			6
2025.07.28	01:19:51.775		1.34315			4
2025.07.28	01:19:57.971		1.34314			4
2025.07.28	01:20:00.141	1.34313				2
2025.07.28	01:20:00.446		1.34315			4
2025.07.28	01:20:02.909	1.34312				2
2025.07.28	01:20:03.222	1.34313	1.34316			6
2025.07.28	01:20:21.143	1.34311	1.34314			6
2025.07.28	01:20:22.381	1.34310	1.34315			6
2025.07.28	01:20:23.305		1.34314			4
2025.07.28	01:20:23.926	1.34312	1.34316			6
2025.07.28	01:20:24.233	1.34313	1.34317			6
2025.07.28	01:20:24.857	1.34316	1.34320			6
2025.07.28	01:20:25.172		1.34323			4
2025.07.28	01:20:33.190		1.34322			4
2025.07.28	01:20:34.113	1.34320	1.34327			6
2025.07.28	01:20:34.420	1.34319	1.34325			6
2025.07.28	01:20:35.338	1.34318	1.34326			6
2025.07.28	01:20:36.270	1.34316	1.34325			6
2025.07.28	01:20:41.820	1.34318				2
2025.07.28	01:20:42.127		1.34324			4
2025.07.28	01:20:43.363		1.34323			4
2025.07.28	01:20:44.909	1.34319				2
2025.07.28	01:20:48.274	1.34320				2
2025.07.28	01:20:56.571	1.34319	1.34322			6
2025.07.28	01:20:56.875	1.34321	1.34324			6
2025.07.28	01:20:57.476	1.34322	1.34325			6
2025.07.28	01:20:58.086	1.34321	1.34326			6
2025.07.28	01:20:59.332		1.34325			4
2025.07.28	01:21:00.264	1.34321				2
2025.07.28	01:21:01.194	1.34322				2
2025.07.28	01:21:03.336	1.34325	1.34328			6
2025.07.28	01:21:04.264	1.34323	1.34331			6
2025.07.28	01:21:06.096		1.34330			4
2025.07.28	01:21:08.241		1.34329			4
2025.07.28	01:21:09.167	1.34324	1.34328			6
2025.07.28	01:21:11.299	1.34325				2
2025.07.28	01:21:14.668	1.34322	1.34325			6
2025.07.28	01:21:14.972	1.34323	1.34326			6
2025.07.28	01:21:15.276	1.34319	1.34328			6
2025.07.28	01:21:15.577	1.34321	1.34330			6
2025.07.28	01:21:15.880	1.34324	1.34332			6
2025.07.28	01:21:21.125		1.34331			4
2025.07.28	01:21:22.361	1.34325	1.34330			6
2025.07.28	01:21:23.288		1.34329			4
2025.07.28	01:21:24.208	1.34326				2
2025.07.28	01:21:26.329	1.34322	1.34325			6
2025.07.28	01:21:26.631	1.34323	1.34326			6
2025.07.28	01:21:26.937	1.34322	1.34325			6
2025.07.28	01:21:27.238	1.34320	1.34327			6
2025.07.28	01:21:29.390		1.34326			4
2025.07.28	01:21:30.307	1.34321	1.34325			6
2025.07.28	01:21:31.227	1.34322				2
2025.07.28	01:21:33.358	1.34324	1.34327			6
2025.07.28	01:21:34.279	1.34323	1.34328			6
2025.07.28	01:21:35.200		1.34327			4
2025.07.28	01:21:36.116	1.34324				2
2025.07.28	01:21:43.469	1.34323	1.34326			6
2025.07.28	01:21:45.287	1.34324	1.34327			6
2025.07.28	01:21:51.426	1.34322	1.34325			6
2025.07.28	01:21:56.937	1.34324	1.34327			6
2025.07.28	01:21:57.244	1.34323				2
2025.07.28	01:21:58.170	1.34324				2
2025.07.28	01:21:58.779	1.34325	1.34328			6
2025.07.28	01:22:00.295	1.34325				2
2025.07.28	01:22:02.437	1.34320	1.34323			6
2025.07.28	01:22:03.352		1.34327			4
2025.07.28	01:22:08.305		1.34326			4
2025.07.28	01:22:09.226		1.34325			4
2025.07.28	01:22:10.155		1.34324			4
2025.07.28	01:22:11.386		1.34323			4
2025.07.28	01:22:11.695	1.34322	1.34326			6
2025.07.28	01:22:12.303	1.34321	1.34329			6
2025.07.28	01:22:15.397		1.34328			4
2025.07.28	01:22:16.319	1.34322	1.34327			6
2025.07.28	01:22:16.938	1.34330	1.34335			6
2025.07.28	01:22:17.248	1.34329	1.34336			6
2025.07.28	01:22:17.870	1.34327	1.34335			6
2025.07.28	01:22:24.343		1.34334			4
2025.07.28	01:22:25.270	1.34328				2
2025.07.28	01:22:27.118		1.34333			4
2025.07.28	01:22:28.341		1.34332			4
2025.07.28	01:22:30.172	1.34329				2
2025.07.28	01:22:31.692	1.34332	1.34335			6
2025.07.28	01:22:36.276	1.34333	1.34336			6
2025.07.28	01:22:36.583	1.34332	1.34335			6
2025.07.28	01:22:46.673	1.34329	1.34332			6
2025.07.28	01:22:47.288	1.34330	1.34333			6
2025.07.28	01:23:00.126	1.34330				2
2025.07.28	01:23:01.649	1.34331	1.34334			6
2025.07.28	01:23:02.259	1.34333	1.34335			6
2025.07.28	01:23:11.099		1.34336			4
2025.07.28	01:23:11.402	1.34334	1.34337			6
2025.07.28	01:23:12.929	1.34333	1.34336			6
2025.07.28	01:23:52.345	1.34340	1.34343			6
2025.07.28	01:23:53.858	1.34343	1.34345			6
2025.07.28	01:23:54.161	1.34338				2
2025.07.28	01:23:59.093	1.34339				2
2025.07.28	01:24:00.025	1.34339				2
2025.07.28	01:24:01.260	1.34340				2
2025.07.28	01:24:03.430	1.34341				2
2025.07.28	01:24:05.280	1.34342				2
2025.07.28	01:24:05.900		1.34346			4
2025.07.28	01:24:09.265	1.34343				2
2025.07.28	01:24:23.614	1.34348	1.34351			6
2025.07.28	01:24:24.523	1.34349	1.34352			6
2025.07.28	01:24:24.836	1.34351	1.34354			6
2025.07.28	01:24:25.139	1.34345	1.34353			6
2025.07.28	01:24:26.374		1.34352			4
2025.07.28	01:24:27.302		1.34351			4
2025.07.28	01:24:29.156		1.34350			4
2025.07.28	01:24:30.391		1.34349			4
2025.07.28	01:24:32.248		1.34348			4
2025.07.28	01:24:34.105		1.34347			4
2025.07.28	01:24:35.642	1.34347	1.34350			6
2025.07.28	01:24:36.870	1.34349	1.34352			6
2025.07.28	01:24:37.173	1.34348	1.34353			6
2025.07.28	01:24:39.315		1.34352			4
2025.07.28	01:24:40.234	1.34349				2
2025.07.28	01:24:41.757	1.34350	1.34353			6
2025.07.28	01:24:42.060	1.34347	1.34350			6
2025.07.28	01:24:43.282	1.34348	1.34352			6
2025.07.28	01:24:44.210	1.34349	1.34354			6
2025.07.28	01:24:44.517	1.34345	1.34349			6
2025.07.28	01:24:45.121		1.34348			4
2025.07.28	01:24:45.740		1.34347			4
2025.07.28	01:24:46.356		1.34351			4
2025.07.28	01:24:48.194	1.34344				2
2025.07.28	01:24:49.121		1.34350			4
2025.07.28	01:24:50.349		1.34349			4
2025.07.28	01:24:51.279		1.34348			4
2025.07.28	01:24:52.206	1.34349	1.34353			6
2025.07.28	01:24:52.508	1.34354	1.34358			6
2025.07.28	01:24:52.813	1.34356	1.34360			6
2025.07.28	01:24:53.119	1.34352	1.34361			6
2025.07.28	01:24:53.420		1.34359			4
2025.07.28	01:24:53.727		1.34361			4
2025.07.28	01:24:55.593	1.34351	1.34357			6
2025.07.28	01:24:56.829	1.34349				2
2025.07.28	01:24:57.445	1.34356	1.34363			6
2025.07.28	01:24:57.753		1.34364			4
2025.07.28	01:24:58.696	1.34355	1.34363			6
2025.07.28	01:25:00.245	1.34356				2
2025.07.28	01:25:00.559	1.34353	1.34357			6
2025.07.28	01:25:00.868	1.34352				2
2025.07.28	01:25:01.797	1.34351				2
2025.07.28	01:25:02.116	1.34350				2
2025.07.28	01:25:04.293	1.34351				2
2025.07.28	01:25:05.209	1.34352				2
2025.07.28	01:25:06.138	1.34353				2
2025.07.28	01:25:07.989	1.34348	1.34352			6
2025.07.28	01:25:08.301	1.34359	1.34363			6
2025.07.28	01:25:08.913	1.34361	1.34365			6
2025.07.28	01:25:09.217	1.34359				2
2025.07.28	01:25:10.138	1.34360				2
2025.07.28	01:25:11.377	1.34361				2
2025.07.28	01:25:12.309	1.34362	1.34367			6
2025.07.28	01:25:12.936		1.34366			4
2025.07.28	01:25:13.563	1.34363	1.34367			6
2025.07.28	01:25:13.876	1.34362	1.34366			6
2025.07.28	01:25:15.095	1.34363				2
2025.07.28	01:25:21.196	1.34364	1.34367			6
2025.07.28	01:25:30.034		1.34365			4
2025.07.28	01:25:33.363		1.34367			4
2025.07.28	01:25:47.102	1.34366	1.34369			6
2025.07.28	01:25:47.406	1.34367	1.34368			6
2025.07.28	01:25:48.023	1.34359	1.34360			6
2025.07.28	01:25:48.327	1.34358	1.34359			6
2025.07.28	01:25:48.635	1.34360	1.34363			6
2025.07.28	01:25:48.948	1.34359	1.34361			6
2025.07.28	01:25:49.248	1.34358				2
2025.07.28	01:25:53.552	1.34359	1.34362			6
2025.07.28	01:25:53.861	1.34358	1.34361			6
2025.07.28	01:25:56.308	1.34357	1.34358			6
2025.07.28	01:26:00.279	1.34357				2
2025.07.28	01:26:06.963	1.34339	1.34342			6
2025.07.28	01:26:08.189	1.34335				2
2025.07.28	01:26:09.116		1.34341			4
2025.07.28	01:26:11.913	1.34336	1.34340			6
2025.07.28	01:26:13.455		1.34343			4
2025.07.28	01:26:13.762	1.34335				2
2025.07.28	01:26:14.996		1.34342			4
2025.07.28	01:26:15.300	1.34331	1.34338			6
2025.07.28	01:26:15.615	1.34334				2
2025.07.28	01:26:16.543		1.34339			4
2025.07.28	01:26:17.152		1.34338			4
2025.07.28	01:26:19.310		1.34337			4
2025.07.28	01:26:20.842	1.34329	1.34334			6
2025.07.28	01:26:22.076	1.34328	1.34333			6
2025.07.28	01:26:22.381		1.34332			4
2025.07.28	01:26:22.997	1.34327	1.34331			6
2025.07.28	01:26:24.231	1.34328				2
2025.07.28	01:26:27.600	1.34323	1.34324			6
2025.07.28	01:26:27.903	1.34317	1.34320			6
2025.07.28	01:26:28.213		1.34321			4
2025.07.28	01:26:28.515		1.34320			4
2025.07.28	01:26:28.823		1.34319			4
2025.07.28	01:26:30.066		1.34318			4
2025.07.28	01:26:31.596	1.34318	1.34319			6
2025.07.28	01:26:31.898	1.34317	1.34318			6
2025.07.28	01:26:32.807	1.34321	1.34322			6
2025.07.28	01:26:33.111	1.34326	1.34327			6
2025.07.28	01:26:34.325		1.34328			4
2025.07.28	01:26:36.177		1.34327			4
2025.07.28	01:26:49.066	1.34324	1.34326			6
2025.07.28	01:26:52.753	1.34326	1.34327			6
2025.07.28	01:26:55.823	1.34325	1.34326			6
2025.07.28	01:26:57.659	1.34324				2
2025.07.28	01:27:00.112	1.34324				2
2025.07.28	01:27:00.421	1.34325				2
2025.07.28	01:27:03.182	1.34324				2
2025.07.28	01:27:04.391		1.34327			4
2025.07.28	01:27:06.212		1.34326			4
2025.07.28	01:27:10.168	1.34325	1.34327			6
2025.07.28	01:27:10.474	1.34324	1.34326			6
2025.07.28	01:27:14.406	1.34325				2
2025.07.28	01:27:15.324	1.34322	1.34323			6
2025.07.28	01:27:16.547	1.34321	1.34322			6
2025.07.28	01:27:19.271	1.34320	1.34321			6
2025.07.28	01:27:20.181	1.34321	1.34322			6
2025.07.28	01:27:21.415	1.34315	1.34318			6
2025.07.28	01:27:22.943		1.34317			4
2025.07.28	01:27:23.850	1.34312	1.34314			6
2025.07.28	01:27:24.760	1.34313	1.34316			6
2025.07.28	01:27:30.246	1.34314				2
2025.07.28	01:27:30.548	1.34313				2
2025.07.28	01:27:34.184	1.34314				2
2025.07.28	01:27:34.487	1.34313				2
2025.07.28	01:27:37.563	1.34314				2
2025.07.28	01:27:38.475	1.34313				2
2025.07.28	01:27:43.368	1.34308	1.34311			6
2025.07.28	01:27:43.671	1.34306	1.34309			6
2025.07.28	01:27:43.978	1.34304	1.34307			6
2025.07.28	01:27:44.285	1.34303	1.34310			6
2025.07.28	01:27:46.155		1.34309			4
2025.07.28	01:27:47.386	1.34302	1.34307			6
2025.07.28	01:27:47.688		1.34308			4
2025.07.28	01:27:48.297	1.34304				2
2025.07.28	01:27:48.599	1.34303				2
2025.07.28	01:27:49.852	1.34306	1.34309			6
2025.07.28	01:27:50.161	1.34310	1.34315			6
2025.07.28	01:27:51.095	1.34309	1.34314			6
2025.07.28	01:27:52.334		1.34313			4
2025.07.28	01:27:53.260	1.34311	1.34317			6
2025.07.28	01:27:54.204	1.34310				2
2025.07.28	01:27:56.369	1.34311				2
2025.07.28	01:27:57.297	1.34313				2
2025.07.28	01:27:57.601		1.34316			4
2025.07.28	01:27:57.905		1.34317			4
2025.07.28	01:27:58.220		1.34316			4
2025.07.28	01:28:00.082	1.34313				2
2025.07.28	01:28:04.634	1.34314	1.34317			6
2025.07.28	01:28:08.898	1.34320	1.34323			6
2025.07.28	01:28:09.202	1.34319	1.34324			6
2025.07.28	01:28:09.503	1.34321	1.34326			6
2025.07.28	01:28:10.753	1.34322				2
2025.07.28	01:28:12.290	1.34323				2
2025.07.28	01:28:24.459	1.34321	1.34323			6
2025.07.28	01:28:25.074		1.34324			4
2025.07.28	01:28:25.376		1.34322			4
2025.07.28	01:28:44.961		1.34323			4
2025.07.28	01:28:47.417		1.34322			4
2025.07.28	01:29:00.047	1.34321				2
2025.07.28	01:29:01.895	1.34322	1.34323			6
2025.07.28	01:29:03.136	1.34321	1.34324			6
2025.07.28	01:29:04.068	1.34322				2
2025.07.28	01:29:06.834	1.34321				2
2025.07.28	01:29:20.434	1.34319	1.34322			6
2025.07.28	01:29:21.661	1.34320	1.34323			6
2025.07.28	01:29:21.966	1.34321				2
2025.07.28	01:29:22.281		1.34324			4
2025.07.28	01:29:27.843	1.34329	1.34332			6
2025.07.28	01:29:29.390	1.34327	1.34335			6
2025.07.28	01:29:35.261		1.34334			4
2025.07.28	01:29:36.198	1.34328				2
2025.07.28	01:29:38.359	1.34329				2
2025.07.28	01:29:40.210	1.34330				2
2025.07.28	01:29:40.831	1.34325	1.34330			6
2025.07.28	01:29:41.146	1.34324	1.34328			6
2025.07.28	01:29:41.757	1.34323	1.34327			6
2025.07.28	01:29:42.368		1.34331			4
2025.07.28	01:29:44.214		1.34330			4
2025.07.28	01:29:45.146		1.34329			4
2025.07.28	01:29:47.003	1.34325	1.34330			6
2025.07.28	01:29:47.310		1.34329			4
2025.07.28	01:29:48.862	1.34323	1.34328			6
2025.07.28	01:29:49.177		1.34327			4
2025.07.28	01:29:51.338	1.34324				2
2025.07.28	01:30:00.173	1.34332	1.34335			6
2025.07.28	01:30:00.783	1.34333	1.34336			6
2025.07.28	01:30:01.389	1.34331	1.34340			6
2025.07.28	01:30:02.629		1.34341			4
2025.07.28	01:30:03.248	1.34330				2
2025.07.28	01:30:04.179		1.34340			4
2025.07.28	01:30:05.104	1.34331	1.34339			6
2025.07.28	01:30:05.413	1.34330	1.34338			6
2025.07.28	01:30:06.347	1.34331				2
2025.07.28	01:30:06.657	1.34332				2
2025.07.28	01:30:06.962	1.34331				2
2025.07.28	01:30:07.266		1.34337			4
2025.07.28	01:30:08.190	1.34332				2
2025.07.28	01:30:09.116		1.34336			4
2025.07.28	01:30:10.356	1.34337	1.34340			6
2025.07.28	01:30:10.666	1.34336	1.34339			6
2025.07.28	01:30:11.271	1.34335				2
2025.07.28	01:30:11.574	1.34334	1.34338			6
2025.07.28	01:30:12.493	1.34333	1.34337			6
2025.07.28	01:30:13.109	1.34334				2
2025.07.28	01:30:16.168	1.34339	1.34342			6
2025.07.28	01:30:16.477	1.34340	1.34343			6
2025.07.28	01:30:16.782	1.34339	1.34342			6
2025.07.28	01:30:17.097	1.34336	1.34344			6
2025.07.28	01:30:18.323		1.34343			4
2025.07.28	01:30:19.251		1.34342			4
2025.07.28	01:30:20.174	1.34337				2
2025.07.28	01:30:21.091		1.34341			4
2025.07.28	01:30:21.400	1.34339	1.34343			6
2025.07.28	01:30:22.632		1.34341			4
2025.07.28	01:30:22.941	1.34332	1.34336			6
2025.07.28	01:30:23.246		1.34335			4
2025.07.28	01:30:24.167	1.34331	1.34339			6
2025.07.28	01:30:24.470		1.34337			4
2025.07.28	01:30:26.017		1.34336			4
2025.07.28	01:30:28.473		1.34337			4
2025.07.28	01:30:29.093	1.34329	1.34335			6
2025.07.28	01:30:29.400	1.34330	1.34338			6
2025.07.28	01:30:30.320		1.34337			4
2025.07.28	01:30:32.162	1.34331				2
2025.07.28	01:30:32.462	1.34332				2
2025.07.28	01:30:33.384	1.34333				2
2025.07.28	01:30:36.142	1.34334				2
2025.07.28	01:30:40.404	1.34329	1.34332			6
2025.07.28	01:30:40.705	1.34328	1.34331			6
2025.07.28	01:30:41.315	1.34326	1.34328			6
2025.07.28	01:30:42.836		1.34327			4
2025.07.28	01:30:45.591	1.34324				2
2025.07.28	01:30:46.195		1.34326			4
2025.07.28	01:30:57.496		1.34327			4
2025.07.28	01:30:59.649	1.34323	1.34326			6
2025.07.28	01:31:00.266	1.34323				2
2025.07.28	01:31:02.410	1.34319	1.34320			6
2025.07.28	01:31:03.327	1.34320	1.34323			6
2025.07.28	01:31:03.640	1.34319	1.34321			6
2025.07.28	01:31:03.945		1.34320			4
2025.07.28	01:31:04.863	1.34318	1.34319			6
2025.07.28	01:31:05.787	1.34317	1.34321			6
2025.07.28	01:31:06.093	1.34316				2
2025.07.28	01:31:06.400	1.34317				2
2025.07.28	01:31:06.711		1.34320			4
2025.07.28	01:31:07.325		1.34319			4
2025.07.28	01:31:07.630		1.34318			4
2025.07.28	01:31:08.245	1.34316				2
2025.07.28	01:31:10.082	1.34318	1.34319			6
2025.07.28	01:31:10.389	1.34317				2
2025.07.28	01:31:10.693	1.34318				2
2025.07.28	01:31:11.611		1.34320			4
2025.07.28	01:31:13.743	1.34321	1.34322			6
2025.07.28	01:31:14.666	1.34318	1.34321			6
2025.07.28	01:31:25.041	1.34317	1.34319			6
2025.07.28	01:31:27.175		1.34320			4
2025.07.28	01:31:40.633	1.34318	1.34321			6
2025.07.28	01:31:43.985	1.34317	1.34320			6
2025.07.28	01:31:47.959	1.34315	1.34318			6
2025.07.28	01:31:48.261		1.34317			4
2025.07.28	01:31:49.798		1.34316			4
2025.07.28	01:31:53.156	1.34314				2
2025.07.28	01:31:55.907	1.34315	1.34318			6
2025.07.28	01:32:00.172	1.34315				2
2025.07.28	01:32:01.396	1.34318	1.34321			6
2025.07.28	01:32:01.700	1.34317	1.34320			6
2025.07.28	01:32:02.627		1.34318			4
2025.07.28	01:32:02.934	1.34319	1.34322			6
2025.07.28	01:32:03.236	1.34318				2
2025.07.28	01:32:04.160	1.34319				2
2025.07.28	01:32:20.550	1.34320				2
2025.07.28	01:32:31.050		1.34323			4
2025.07.28	01:32:34.440	1.34319	1.34322			6
2025.07.28	01:32:34.751	1.34320	1.34321			6
2025.07.28	01:32:45.253	1.34323	1.34326			6
2025.07.28	01:32:45.560	1.34324	1.34325			6
2025.07.28	01:32:45.862		1.34326			4
2025.07.28	01:32:46.182		1.34330			4
2025.07.28	01:32:46.491	1.34322				2
2025.07.28	01:32:48.981	1.34327	1.34333			6
2025.07.28	01:32:49.910		1.34331			4
2025.07.28	01:32:50.836		1.34330			4
2025.07.28	01:32:53.916	1.34326				2
2025.07.28	01:32:55.148		1.34329			4
2025.07.28	01:32:55.767	1.34330	1.34336			6
2025.07.28	01:33:00.078	1.34330				2
2025.07.28	01:33:00.380	1.34331				2
2025.07.28	01:33:04.416		1.34337			4
2025.07.28	01:33:05.341	1.34332				2
2025.07.28	01:33:06.273		1.34336			4
2025.07.28	01:33:08.107	1.34333				2
2025.07.28	01:33:10.563	1.34334	1.34337			6
2025.07.28	01:33:10.873	1.34333	1.34336			6
2025.07.28	01:33:20.361	1.34337	1.34340			6
2025.07.28	01:33:20.672	1.34340	1.34343			6
2025.07.28	01:33:20.974	1.34342	1.34345			6
2025.07.28	01:33:21.277	1.34341	1.34347			6
2025.07.28	01:33:26.827	1.34336	1.34345			6
2025.07.28	01:33:27.141		1.34346			4
2025.07.28	01:33:27.756		1.34345			4
2025.07.28	01:33:29.297		1.34344			4
2025.07.28	01:33:30.224		1.34343			4
2025.07.28	01:33:31.777	1.34338				2
2025.07.28	01:33:32.397		1.34342			4
2025.07.28	01:33:33.321	1.34337	1.34341			6
2025.07.28	01:33:34.539	1.34338				2
2025.07.28	01:33:34.842	1.34337				2
2025.07.28	01:33:35.150	1.34338				2
2025.07.28	01:33:36.378	1.34339	1.34342			6
2025.07.28	01:33:39.749		1.34341			4
2025.07.28	01:33:40.050	1.34335	1.34338			6
2025.07.28	01:33:40.355		1.34337			4
2025.07.28	01:33:41.581		1.34336			4
2025.07.28	01:33:41.890		1.34337			4
2025.07.28	01:33:46.153	1.34338	1.34339			6
2025.07.28	01:33:46.457	1.34341	1.34344			6
2025.07.28	01:33:46.762	1.34342	1.34345			6
2025.07.28	01:33:47.370	1.34341	1.34347			6
2025.07.28	01:33:47.677	1.34343	1.34349			6
2025.07.28	01:33:47.982	1.34341				2
2025.07.28	01:33:49.834	1.34342	1.34347			6
2025.07.28	01:33:50.138		1.34346			4
2025.07.28	01:33:50.757	1.34341				2
2025.07.28	01:33:51.686	1.34339				2
2025.07.28	01:33:51.990	1.34337	1.34345			6
2025.07.28	01:33:55.393		1.34344			4
2025.07.28	01:33:56.313	1.34338	1.34343			6
2025.07.28	01:33:57.238		1.34342			4
2025.07.28	01:33:57.852	1.34335	1.34339			6
2025.07.28	01:33:58.154	1.34333	1.34336			6
2025.07.28	01:33:58.465	1.34332	1.34337			6
2025.07.28	01:33:59.388	1.34333				2
2025.07.28	01:34:00.295	1.34333				2
2025.07.28	01:34:01.210	1.34334				2
2025.07.28	01:34:20.722	1.34339	1.34342			6
2025.07.28	01:34:21.334	1.34338				2
2025.07.28	01:34:21.655	1.34335	1.34339			6
2025.07.28	01:34:22.265	1.34334	1.34340			6
2025.07.28	01:34:24.127		1.34339			4
2025.07.28	01:34:25.364		1.34338			4
2025.07.28	01:34:26.281		1.34337			4
2025.07.28	01:34:35.756	1.34338	1.34341			6
2025.07.28	01:34:36.059	1.34337	1.34340			6
2025.07.28	01:34:36.967	1.34334	1.34337			6
2025.07.28	01:34:42.477	1.34338	1.34341			6
2025.07.28	01:34:43.100	1.34335	1.34343			6
2025.07.28	01:34:44.332	1.34336	1.34342			6
2025.07.28	01:34:45.256	1.34337	1.34341			6
2025.07.28	01:34:46.197	1.34338				2
2025.07.28	01:34:47.420	1.34342	1.34345			6
2025.07.28	01:34:48.038	1.34343	1.34346			6
2025.07.28	01:34:48.341	1.34340	1.34348			6
2025.07.28	01:34:50.186	1.34341				2
2025.07.28	01:34:51.118	1.34342				2
2025.07.28	01:34:51.737	1.34341	1.34347			6
2025.07.28	01:34:52.350	1.34342				2
2025.07.28	01:34:53.279	1.34343	1.34346			6
2025.07.28	01:34:57.559	1.34345	1.34347			6
2025.07.28	01:35:00.007	1.34344				2
2025.07.28	01:35:00.626	1.34343	1.34346			6
2025.07.28	01:35:03.387	1.34344	1.34347			6
2025.07.28	01:35:04.002	1.34345	1.34348			6
2025.07.28	01:35:04.306	1.34346	1.34349			6
2025.07.28	01:35:04.924	1.34344	1.34347			6
2025.07.28	01:35:05.226		1.34346			4
2025.07.28	01:35:07.681		1.34347			4
2025.07.28	01:35:08.599	1.34343	1.34346			6
2025.07.28	01:35:13.148	1.34344	1.34347			6
2025.07.28	01:35:17.147	1.34340	1.34343			6
2025.07.28	01:35:17.455	1.34339	1.34342			6
2025.07.28	01:35:18.364		1.34343			4
2025.07.28	01:35:18.672	1.34338				2
2025.07.28	01:35:19.282		1.34342			4
2025.07.28	01:35:20.205	1.34339				2
2025.07.28	01:35:20.513	1.34341				2
2025.07.28	01:35:20.817	1.34342	1.34345			6
2025.07.28	01:35:21.737	1.34344	1.34346			6
2025.07.28	01:35:22.345	1.34341				2
2025.07.28	01:35:25.094	1.34338	1.34344			6
2025.07.28	01:35:25.397		1.34343			4
2025.07.28	01:35:25.704	1.34343	1.34347			6
2025.07.28	01:35:26.328		1.34350			4
2025.07.28	01:35:27.554		1.34351			4
2025.07.28	01:35:30.013	1.34349	1.34353			6
2025.07.28	01:35:30.319		1.34356			4
2025.07.28	01:35:32.490	1.34353	1.34360			6
2025.07.28	01:35:35.569	1.34352				2
2025.07.28	01:35:36.186		1.34359			4
2025.07.28	01:35:37.123		1.34358			4
2025.07.28	01:35:38.349		1.34357			4
2025.07.28	01:35:39.272		1.34356			4
2025.07.28	01:35:40.180	1.34353				2
2025.07.28	01:35:52.070	1.34354	1.34357			6
2025.07.28	01:36:00.013	1.34354				2
2025.07.28	01:36:10.648	1.34351	1.34354			6
2025.07.28	01:36:10.954	1.34350	1.34353			6
2025.07.28	01:36:11.255	1.34349	1.34352			6
2025.07.28	01:36:12.161	1.34348	1.34353			6
2025.07.28	01:36:13.382		1.34352			4
2025.07.28	01:36:15.230	1.34349				2
2025.07.28	01:36:16.148	1.34352	1.34355			6
2025.07.28	01:36:17.362	1.34351	1.34357			6
2025.07.28	01:36:19.220	1.34352				2
2025.07.28	01:36:20.145		1.34356			4
2025.07.28	01:36:21.390	1.34353				2
2025.07.28	01:36:22.307	1.34354	1.34357			6
2025.07.28	01:36:23.529	1.34353	1.34356			6
2025.07.28	01:36:23.833	1.34354	1.34357			6
2025.07.28	01:36:24.445	1.34353	1.34356			6
2025.07.28	01:36:29.331	1.34352	1.34355			6
2025.07.28	01:36:29.634	1.34350	1.34353			6
2025.07.28	01:36:30.243	1.34349	1.34352			6
2025.07.28	01:36:31.155	1.34348	1.34353			6
2025.07.28	01:36:32.378		1.34352			4
2025.07.28	01:36:33.306	1.34349				2
2025.07.28	01:36:42.464	1.34356	1.34359			6
2025.07.28	01:36:43.082	1.34355	1.34363			6
2025.07.28	01:36:43.389	1.34358	1.34365			6
2025.07.28	01:36:45.565	1.34357				2
2025.07.28	01:36:47.733	1.34358	1.34366			6
2025.07.28	01:36:52.078	1.34359				2
2025.07.28	01:36:53.318		1.34365			4
2025.07.28	01:36:54.246	1.34360				2
2025.07.28	01:36:55.176		1.34364			4
2025.07.28	01:36:55.477	1.34355	1.34359			6
2025.07.28	01:36:55.780	1.34350	1.34354			6
2025.07.28	01:36:56.391	1.34351				2
2025.07.28	01:36:57.311	1.34350	1.34357			6
2025.07.28	01:37:00.085	1.34350				2
2025.07.28	01:37:01.627	1.34349				2
2025.07.28	01:37:01.941	1.34346	1.34355			6
2025.07.28	01:37:02.243	1.34348	1.34356			6
2025.07.28	01:37:02.548	1.34349	1.34357			6
2025.07.28	01:37:02.854		1.34358			4
2025.07.28	01:37:03.161	1.34350				2
2025.07.28	01:37:03.786	1.34351				2
2025.07.28	01:37:05.019		1.34359			4
2025.07.28	01:37:05.643	1.34349	1.34355			6
2025.07.28	01:37:05.950		1.34356			4
2025.07.28	01:37:06.258		1.34355			4
2025.07.28	01:37:07.506	1.34350	1.34356			6
2025.07.28	01:37:08.121	1.34351				2
2025.07.28	01:37:09.364		1.34355			4
2025.07.28	01:37:09.978	1.34353	1.34357			6
2025.07.28	01:37:12.126	1.34354				2
2025.07.28	01:37:12.433	1.34352	1.34355			6
2025.07.28	01:37:12.742	1.34353	1.34356			6
2025.07.28	01:37:13.355	1.34352	1.34355			6
2025.07.28	01:37:13.659	1.34358	1.34361			6
2025.07.28	01:37:13.963	1.34357	1.34360			6
2025.07.28	01:37:14.577	1.34361	1.34364			6
2025.07.28	01:37:15.188	1.34359	1.34366			6
2025.07.28	01:37:16.117	1.34356	1.34363			6
2025.07.28	01:37:17.344	1.34355				2
2025.07.28	01:37:17.650	1.34356	1.34364			6
2025.07.28	01:37:17.959	1.34357				2
2025.07.28	01:37:18.263	1.34358				2
2025.07.28	01:37:20.102	1.34359				2
2025.07.28	01:37:21.336		1.34363			4
2025.07.28	01:37:22.254	1.34360				2
2025.07.28	01:37:24.409	1.34355	1.34358			6
2025.07.28	01:37:24.713	1.34351	1.34354			6
2025.07.28	01:37:25.321	1.34352	1.34355			6
2025.07.28	01:37:26.227		1.34357			4
2025.07.28	01:37:27.148	1.34353	1.34358			6
2025.07.28	01:37:28.381		1.34357			4
2025.07.28	01:37:29.301	1.34354				2
2025.07.28	01:37:34.801	1.34345	1.34348			6
2025.07.28	01:37:35.104	1.34346				2
2025.07.28	01:37:35.409	1.34345				2
2025.07.28	01:37:35.710	1.34344	1.34347			6
2025.07.28	01:37:36.315	1.34343	1.34351			6
2025.07.28	01:37:38.162		1.34350			4
2025.07.28	01:37:39.088		1.34349			4
2025.07.28	01:37:40.326		1.34348			4
2025.07.28	01:37:42.179	1.34344	1.34346			6
2025.07.28	01:37:42.484	1.34343	1.34347			6
2025.07.28	01:37:43.100	1.34344				2
2025.07.28	01:37:57.747	1.34350	1.34353			6
2025.07.28	01:37:59.270		1.34354			4
2025.07.28	01:38:00.187	1.34351				2
2025.07.28	01:38:00.493	1.34352	1.34355			6
2025.07.28	01:38:13.603	1.34351	1.34354			6
2025.07.28	01:38:13.905	1.34352	1.34355			6
2025.07.28	01:38:16.968	1.34353	1.34356			6
2025.07.28	01:38:31.620	1.34354	1.34357			6
2025.07.28	01:38:35.887	1.34355	1.34358			6
2025.07.28	01:38:39.875	1.34354	1.34357			6
2025.07.28	01:38:48.132	1.34355	1.34358			6
2025.07.28	01:38:49.659	1.34354	1.34357			6
2025.07.28	01:39:00.205	1.34354				2
2025.07.28	01:39:14.797	1.34357	1.34360			6
2025.07.28	01:39:15.105	1.34358	1.34361			6
2025.07.28	01:39:16.036	1.34359	1.34362			6
2025.07.28	01:39:16.341	1.34356	1.34364			6
2025.07.28	01:39:17.268	1.34355	1.34363			6
2025.07.28	01:39:18.503	1.34356				2
2025.07.28	01:39:18.821		1.34364			4
2025.07.28	01:39:20.663	1.34355				2
2025.07.28	01:39:22.216		1.34363			4
2025.07.28	01:39:23.147	1.34356				2
2025.07.28	01:39:24.397		1.34362			4
2025.07.28	01:39:25.323	1.34357				2
2025.07.28	01:39:27.176		1.34361			4
2025.07.28	01:39:29.349	1.34358				2
2025.07.28	01:39:43.734	1.34352	1.34355			6
2025.07.28	01:39:44.339	1.34350	1.34357			6
2025.07.28	01:39:49.266	1.34351				2
2025.07.28	01:39:51.124	1.34352				2
2025.07.28	01:39:52.360		1.34356			4
2025.07.28	01:39:54.215	1.34353				2
2025.07.28	01:39:54.524	1.34350	1.34353			6
2025.07.28	01:39:54.829	1.34351	1.34354			6
2025.07.28	01:39:55.135	1.34350	1.34355			6
2025.07.28	01:39:55.752	1.34351	1.34356			6
2025.07.28	01:39:56.056		1.34355			4
2025.07.28	01:39:59.146	1.34352				2
2025.07.28	01:40:00.070	1.34352				2
2025.07.28	01:40:00.374	1.34350	1.34353			6
2025.07.28	01:40:00.987	1.34351	1.34354			6
2025.07.28	01:40:01.296		1.34355			4
2025.07.28	01:40:02.215	1.34349				2
2025.07.28	01:40:02.522	1.34353	1.34359			6
2025.07.28	01:40:03.453		1.34360			4
2025.07.28	01:40:04.388	1.34352	1.34359			6
2025.07.28	01:40:05.314		1.34358			4
2025.07.28	01:40:06.245	1.34353	1.34357			6
2025.07.28	01:40:07.175		1.34356			4
2025.07.28	01:40:10.876	1.34355	1.34358			6
2025.07.28	01:40:11.179	1.34357	1.34360			6
2025.07.28	01:40:11.797	1.34362	1.34365			6
2025.07.28	01:40:12.100	1.34360				2
2025.07.28	01:40:14.883		1.34366			4
2025.07.28	01:40:15.191	1.34361	1.34368			6
2025.07.28	01:40:17.371	1.34360	1.34367			6
2025.07.28	01:40:20.174	1.34361				2
2025.07.28	01:40:20.796	1.34363	1.34368			6
2025.07.28	01:40:21.109		1.34367			4
2025.07.28	01:40:21.725	1.34362				2
2025.07.28	01:40:23.259		1.34366			4
2025.07.28	01:40:24.790	1.34363				2
2025.07.28	01:40:51.634	1.34361	1.34364			6
2025.07.28	01:40:51.938	1.34360	1.34363			6
2025.07.28	01:40:52.252	1.34358	1.34362			6
2025.07.28	01:40:53.168	1.34359				2
2025.07.28	01:41:00.189	1.34359				2
2025.07.28	01:41:19.429	1.34356	1.34359			6
2025.07.28	01:41:20.043	1.34354	1.34357			6
2025.07.28	01:41:20.348	1.34353	1.34361			6
2025.07.28	01:41:20.974		1.34360			4
2025.07.28	01:41:24.093		1.34359			4
2025.07.28	01:41:25.340		1.34358			4
2025.07.28	01:41:27.204		1.34357			4
2025.07.28	01:41:29.382		1.34356			4
2025.07.28	01:41:30.918	1.34354				2
2025.07.28	01:41:32.145	1.34353				2
2025.07.28	01:41:33.352	1.34347	1.34350			6
2025.07.28	01:41:33.661	1.34346	1.34349			6
2025.07.28	01:41:33.967	1.34345	1.34347			6
2025.07.28	01:41:34.270	1.34348	1.34354			6
2025.07.28	01:41:37.371	1.34354	1.34357			6
2025.07.28	01:41:37.682	1.34351	1.34359			6
2025.07.28	01:41:39.538		1.34358			4
2025.07.28	01:41:39.856		1.34359			4
2025.07.28	01:41:41.403	1.34350				2
2025.07.28	01:41:42.326		1.34358			4
2025.07.28	01:41:44.190		1.34357			4
2025.07.28	01:41:45.116		1.34356			4
2025.07.28	01:41:46.354	1.34351				2
2025.07.28	01:41:47.283		1.34355			4
2025.07.28	01:41:49.119	1.34352				2
2025.07.28	01:41:49.729	1.34351	1.34354			6
2025.07.28	01:41:51.873	1.34354	1.34357			6
2025.07.28	01:41:57.414	1.34353	1.34356			6
2025.07.28	01:41:59.858	1.34354	1.34357			6
2025.07.28	01:42:00.166	1.34354				2
2025.07.28	01:42:01.992	1.34353	1.34356			6
2025.07.28	01:42:04.744	1.34354	1.34357			6
2025.07.28	01:42:14.855	1.34344	1.34347			6
2025.07.28	01:42:15.160	1.34341	1.34349			6
2025.07.28	01:42:21.366	1.34342	1.34348			6
2025.07.28	01:42:22.299	1.34343				2
2025.07.28	01:42:23.217		1.34347			4
2025.07.28	01:42:25.360	1.34344				2
2025.07.28	01:42:44.964	1.34347	1.34350			6
2025.07.28	01:42:45.889	1.34348	1.34351			6
2025.07.28	01:42:47.109	1.34349	1.34352			6
2025.07.28	01:42:50.150	1.34350	1.34353			6
2025.07.28	01:42:51.074	1.34349	1.34352			6
2025.07.28	01:43:00.236	1.34349				2
2025.07.28	01:43:00.548	1.34352	1.34355			6
2025.07.28	01:43:00.854	1.34351	1.34354			6
2025.07.28	01:43:01.770	1.34350	1.34353			6
2025.07.28	01:43:15.855	1.34352	1.34355			6
2025.07.28	01:43:25.912	1.34353	1.34356			6
2025.07.28	01:43:26.217	1.34352	1.34355			6
2025.07.28	01:43:32.040	1.34351	1.34354			6
2025.07.28	01:43:33.575	1.34345	1.34348			6
2025.07.28	01:43:34.813	1.34344	1.34347			6
2025.07.28	01:43:35.129	1.34341	1.34351			6
2025.07.28	01:43:41.296	1.34342				2
2025.07.28	01:43:43.153		1.34350			4
2025.07.28	01:43:44.393	1.34343	1.34349			6
2025.07.28	01:43:45.316	1.34344				2
2025.07.28	01:43:46.245		1.34348			4
2025.07.28	01:43:48.101	1.34345				2
2025.07.28	01:43:56.008	1.34344	1.34347			6
2025.07.28	01:44:00.287	1.34344				2
2025.07.28	01:44:12.509	1.34343	1.34346			6
2025.07.28	01:44:12.813	1.34344	1.34347			6
2025.07.28	01:44:13.427		1.34346			4
2025.07.28	01:44:13.737	1.34340	1.34343			6
2025.07.28	01:44:14.661	1.34341	1.34344			6
2025.07.28	01:44:15.273	1.34338				2
2025.07.28	01:44:17.118	1.34337				2
2025.07.28	01:44:18.357	1.34338				2
2025.07.28	01:44:18.972	1.34337	1.34345			6
2025.07.28	01:44:21.448	1.34333	1.34342			6
2025.07.28	01:44:22.076		1.34341			4
2025.07.28	01:44:22.692	1.34332	1.34340			6
2025.07.28	01:44:24.241	1.34333				2
2025.07.28	01:44:25.159	1.34334	1.34339			6
2025.07.28	01:44:27.310		1.34338			4
2025.07.28	01:44:28.243	1.34335				2
2025.07.28	01:44:48.397	1.34334	1.34337			6
2025.07.28	01:44:51.857	1.34340	1.34343			6
2025.07.28	01:44:52.161	1.34339	1.34342			6
2025.07.28	01:44:52.472	1.34340	1.34343			6
2025.07.28	01:44:53.087	1.34338	1.34345			6
2025.07.28	01:44:57.104	1.34337				2
2025.07.28	01:45:00.186	1.34337				2
2025.07.28	01:45:01.110		1.34344			4
2025.07.28	01:45:02.342		1.34343			4
2025.07.28	01:45:03.277	1.34338				2
2025.07.28	01:45:03.897	1.34333	1.34336			6
2025.07.28	01:45:05.136	1.34330				2
2025.07.28	01:45:08.223	1.34331				2
2025.07.28	01:45:09.146	1.34332				2
2025.07.28	01:45:10.384	1.34333				2
2025.07.28	01:45:13.152	1.34334				2
2025.07.28	01:45:17.111	1.34333				2
2025.07.28	01:45:23.547	1.34334				2
2025.07.28	01:45:26.281	1.34332	1.34335			6
2025.07.28	01:45:28.428	1.34333	1.34336			6
2025.07.28	01:45:47.960	1.34332	1.34335			6
2025.07.28	01:45:58.386	1.34333	1.34336			6
2025.07.28	01:46:00.211	1.34333				2
2025.07.28	01:46:00.825	1.34332	1.34335			6
2025.07.28	01:46:02.352	1.34331	1.34334			6
2025.07.28	01:46:03.278	1.34332	1.34335			6
2025.07.28	01:46:05.425	1.34329	1.34332			6
2025.07.28	01:46:06.333	1.34328	1.34335			6
2025.07.28	01:46:07.563	1.34330				2
2025.07.28	01:46:08.185	1.34329				2
2025.07.28	01:46:08.496	1.34327				2
2025.07.28	01:46:09.110	1.34323	1.34331			6
2025.07.28	01:46:12.510	1.34322	1.34328			6
2025.07.28	01:46:12.815	1.34332	1.34336			6
2025.07.28	01:46:15.897	1.34330				2
2025.07.28	01:46:17.769	1.34329				2
2025.07.28	01:46:19.310	1.34330				2
2025.07.28	01:46:20.253	1.34331				2
2025.07.28	01:46:22.106	1.34332				2
2025.07.28	01:46:24.868	1.34333	1.34335			6
2025.07.28	01:46:25.174	1.34334				2
2025.07.28	01:46:25.781		1.34336			4
2025.07.28	01:46:27.923		1.34335			4
2025.07.28	01:46:36.187	1.34331	1.34333			6
2025.07.28	01:46:37.096	1.34330				2
2025.07.28	01:46:37.399	1.34332	1.34335			6
2025.07.28	01:46:37.702	1.34333	1.34336			6
2025.07.28	01:46:38.918	1.34334				2
2025.07.28	01:46:39.841		1.34337			4
2025.07.28	01:47:00.017	1.34334				2
2025.07.28	01:47:33.569	1.34335				2
2025.07.28	01:47:34.787	1.34334				2
2025.07.28	01:47:39.983		1.34337			4
2025.07.28	01:47:43.993	1.34335				2
2025.07.28	01:47:44.604	1.34334				2
2025.07.28	01:47:53.542		1.34336			4
2025.07.28	01:48:00.032	1.34334				2
2025.07.28	01:48:02.813		1.34337			4
2025.07.28	01:48:04.049		1.34336			4
2025.07.28	01:48:04.662		1.34337			4
2025.07.28	01:48:23.120	1.34335				2
2025.07.28	01:48:31.710	1.34336				2
2025.07.28	01:48:32.632	1.34337	1.34338			6
2025.07.28	01:48:32.937	1.34338	1.34339			6
2025.07.28	01:48:42.786	1.34342	1.34343			6
2025.07.28	01:48:43.091		1.34346			4
2025.07.28	01:48:47.420	1.34335	1.34342			6
2025.07.28	01:48:48.037		1.34341			4
2025.07.28	01:48:48.658		1.34340			4
2025.07.28	01:48:51.747		1.34339			4
2025.07.28	01:48:52.977		1.34340			4
2025.07.28	01:48:54.213		1.34339			4
2025.07.28	01:48:56.360		1.34338			4
2025.07.28	01:48:58.518	1.34334				2
2025.07.28	01:48:58.823	1.34333				2
2025.07.28	01:48:59.128	1.34334	1.34337			6
2025.07.28	01:48:59.435	1.34333				2
2025.07.28	01:49:00.046	1.34333				2
2025.07.28	01:49:00.353	1.34334				2
2025.07.28	01:49:00.965	1.34333				2
2025.07.28	01:49:02.186	1.34334				2
2025.07.28	01:49:20.520	1.34337	1.34339			6
2025.07.28	01:49:21.746		1.34338			4
2025.07.28	01:49:28.492	1.34338	1.34339			6
2025.07.28	01:49:42.501	1.34336	1.34337			6
2025.07.28	01:49:44.339	1.34337	1.34339			6
2025.07.28	01:49:45.566		1.34338			4
2025.07.28	01:49:58.447	1.34334	1.34337			6
2025.07.28	01:50:00.302	1.34334				2
2025.07.28	01:50:11.082		1.34336			4
2025.07.28	01:50:16.028		1.34337			4
2025.07.28	01:50:43.700	1.34335				2
2025.07.28	01:50:54.511	1.34334				2
2025.07.28	01:50:56.048	1.34336	1.34339			6
2025.07.28	01:50:56.978	1.34335	1.34337			6
2025.07.28	01:50:57.290		1.34339			4
2025.07.28	01:50:58.214		1.34341			4
2025.07.28	01:51:00.066	1.34335				2
2025.07.28	01:51:01.303		1.34340			4
2025.07.28	01:51:03.157		1.34339			4
2025.07.28	01:51:05.316		1.34338			4
2025.07.28	01:51:08.378		1.34337			4
2025.07.28	01:51:40.217	1.34337	1.34340			6
2025.07.28	01:51:40.523	1.34339	1.34342			6
2025.07.28	01:51:41.144	1.34338	1.34346			6
2025.07.28	01:51:41.452		1.34345			4
2025.07.28	01:51:43.913	1.34337				2
2025.07.28	01:51:44.221	1.34335	1.34342			6
2025.07.28	01:51:45.146		1.34341			4
2025.07.28	01:51:49.155		1.34340			4
2025.07.28	01:51:51.322		1.34339			4
2025.07.28	01:51:52.247		1.34338			4
2025.07.28	01:51:53.795	1.34333				2
2025.07.28	01:51:54.099		1.34337			4
2025.07.28	01:51:55.013		1.34338			4
2025.07.28	01:51:55.316		1.34337			4
2025.07.28	01:51:57.157	1.34334				2
2025.07.28	01:51:59.897	1.34335				2
2025.07.28	01:52:00.203	1.34335				2
2025.07.28	01:52:00.504	1.34334				2
2025.07.28	01:52:18.241	1.34336				2
2025.07.28	01:52:18.546	1.34335				2
2025.07.28	01:52:27.728		1.34336			4
2025.07.28	01:52:45.462	1.34337	1.34338			6
2025.07.28	01:52:46.992	1.34336	1.34337			6
2025.07.28	01:52:51.880	1.34337	1.34338			6
2025.07.28	01:52:52.189		1.34339			4
2025.07.28	01:52:52.497	1.34338	1.34341			6
2025.07.28	01:52:52.801	1.34337	1.34338			6
2025.07.28	01:52:53.104		1.34344			4
2025.07.28	01:52:54.032		1.34346			4
2025.07.28	01:52:54.341		1.34343			4
2025.07.28	01:52:54.657		1.34345			4
2025.07.28	01:52:55.582		1.34344			4
2025.07.28	01:52:55.887		1.34345			4
2025.07.28	01:52:56.814		1.34346			4
2025.07.28	01:53:00.207	1.34337	1.34345			6
2025.07.28	01:53:00.517		1.34340			4
2025.07.28	01:53:00.823	1.34339	1.34343			6
2025.07.28	01:53:01.125	1.34340	1.34346			6
2025.07.28	01:53:01.428	1.34337				2
2025.07.28	01:53:01.730		1.34345			4
2025.07.28	01:53:02.660		1.34342			4
2025.07.28	01:53:02.963		1.34345			4
2025.07.28	01:53:03.893		1.34346			4
2025.07.28	01:53:05.436	1.34338				2
2025.07.28	01:53:08.217		1.34345			4
2025.07.28	01:53:10.380		1.34344			4
2025.07.28	01:53:11.306		1.34343			4
2025.07.28	01:53:13.159		1.34342			4
2025.07.28	01:53:16.210	1.34339				2
2025.07.28	01:53:20.173	1.34336	1.34337			6
2025.07.28	01:53:20.475	1.34338	1.34339			6
2025.07.28	01:53:20.779		1.34340			4
2025.07.28	01:53:21.403	1.34339	1.34342			6
2025.07.28	01:53:29.668	1.34341	1.34344			6
2025.07.28	01:53:31.785	1.34340	1.34343			6
2025.07.28	01:53:32.996	1.34342	1.34345			6
2025.07.28	01:53:33.304	1.34343	1.34346			6
2025.07.28	01:53:34.214	1.34341	1.34347			6
2025.07.28	01:53:34.518	1.34342				2
2025.07.28	01:53:35.134	1.34343				2
2025.07.28	01:53:38.225	1.34344				2
2025.07.28	01:54:00.229	1.34344				2
2025.07.28	01:54:34.436		1.34347			4
2025.07.28	01:54:36.921	1.34339	1.34342			6
2025.07.28	01:54:37.235		1.34345			4
2025.07.28	01:54:38.781		1.34346			4
2025.07.28	01:54:39.083	1.34340	1.34347			6
2025.07.28	01:54:42.818	1.34341				2
2025.07.28	01:54:44.993	1.34348	1.34354			6
2025.07.28	01:54:45.299	1.34346	1.34351			6
2025.07.28	01:54:45.613	1.34347				2
2025.07.28	01:54:46.856		1.34350			4
2025.07.28	01:54:47.163		1.34349			4
2025.07.28	01:54:49.332		1.34348			4
2025.07.28	01:54:52.126	1.34345	1.34347			6
2025.07.28	01:54:53.058	1.34344				2
2025.07.28	01:55:00.070	1.34344				2
2025.07.28	01:55:03.125	1.34345				2
2025.07.28	01:55:11.095	1.34344				2
2025.07.28	01:55:20.601	1.34347	1.34348			6
2025.07.28	01:55:32.826	1.34348	1.34350			6
2025.07.28	01:55:33.136		1.34352			4
2025.07.28	01:55:34.045		1.34354			4
2025.07.28	01:55:34.356		1.34356			4
2025.07.28	01:55:35.276		1.34355			4
2025.07.28	01:55:35.886	1.34350				2
2025.07.28	01:55:36.188		1.34356			4
2025.07.28	01:55:37.418	1.34349				2
2025.07.28	01:55:38.339	1.34350				2
2025.07.28	01:55:38.654	1.34361	1.34367			6
2025.07.28	01:55:38.966		1.34368			4
2025.07.28	01:55:43.916		1.34367			4
2025.07.28	01:55:44.849		1.34366			4
2025.07.28	01:55:47.321	1.34362				2
2025.07.28	01:55:50.103	1.34363				2
2025.07.28	01:55:51.326		1.34367			4
2025.07.28	01:55:52.549	1.34364				2
2025.07.28	01:56:00.153	1.34364				2
2025.07.28	01:56:01.373	1.34365				2
2025.07.28	01:56:01.679	1.34366				2
2025.07.28	01:56:02.597	1.34368	1.34371			6
2025.07.28	01:56:04.741	1.34369	1.34372			6
2025.07.28	01:56:18.622	1.34367	1.34370			6
2025.07.28	01:56:18.923	1.34365	1.34368			6
2025.07.28	01:56:19.226	1.34364				2
2025.07.28	01:56:19.844		1.34367			4
2025.07.28	01:57:00.113	1.34364				2
2025.07.28	01:57:00.413	1.34365				2
2025.07.28	01:57:04.667	1.34364				2
2025.07.28	01:57:06.817	1.34357	1.34360			6
2025.07.28	01:57:07.122	1.34356	1.34359			6
2025.07.28	01:57:07.427	1.34355	1.34358			6
2025.07.28	01:57:08.057	1.34354	1.34357			6
2025.07.28	01:57:08.369	1.34355	1.34361			6
2025.07.28	01:57:14.237		1.34360			4
2025.07.28	01:57:16.097		1.34359			4
2025.07.28	01:57:18.259		1.34358			4
2025.07.28	01:57:20.111		1.34357			4
2025.07.28	01:57:30.811	1.34354				2
2025.07.28	01:57:43.008	1.34355				2
2025.07.28	01:57:43.313	1.34354				2
2025.07.28	01:57:45.131	1.34355				2
2025.07.28	01:57:45.739	1.34354				2
2025.07.28	01:57:48.181	1.34355				2
2025.07.28	01:57:49.696	1.34356				2
2025.07.28	01:57:51.228	1.34354				2
2025.07.28	01:57:51.530	1.34355				2
2025.07.28	01:58:00.060	1.34355				2
2025.07.28	01:58:01.889	1.34354	1.34356			6
2025.07.28	01:58:02.190	1.34347	1.34350			6
2025.07.28	01:58:02.494	1.34346	1.34349			6
2025.07.28	01:58:02.801	1.34345	1.34348			6
2025.07.28	01:58:03.104		1.34350			4
2025.07.28	01:58:04.025		1.34351			4
2025.07.28	01:58:07.100	1.34343				2
2025.07.28	01:58:09.256		1.34350			4
2025.07.28	01:58:10.798	1.34341				2
2025.07.28	01:58:11.099	1.34343	1.34349			6
2025.07.28	01:58:11.713		1.34348			4
2025.07.28	01:58:12.333	1.34345				2
2025.07.28	01:58:15.128		1.34347			4
2025.07.28	01:58:17.296	1.34344				2
2025.07.28	01:58:22.488	1.34345				2
2025.07.28	01:58:29.833	1.34348	1.34351			6
2025.07.28	01:58:30.147	1.34347	1.34350			6
2025.07.28	01:58:30.752	1.34346	1.34347			6
2025.07.28	01:58:31.361		1.34348			4
2025.07.28	01:58:32.272		1.34349			4
2025.07.28	01:58:33.206		1.34348			4
2025.07.28	01:58:34.134		1.34347			4
2025.07.28	01:58:35.675	1.34344	1.34345			6
2025.07.28	01:58:35.983	1.34346	1.34347			6
2025.07.28	01:58:36.906	1.34345	1.34346			6
2025.07.28	01:58:37.212	1.34346	1.34347			6
2025.07.28	01:58:47.931	1.34347	1.34348			6
2025.07.28	01:58:48.234	1.34346	1.34347			6
2025.07.28	01:59:00.127	1.34346				2
2025.07.28	01:59:00.733	1.34347	1.34348			6
2025.07.28	01:59:02.577	1.34350	1.34353			6
2025.07.28	01:59:02.889	1.34351	1.34354			6
2025.07.28	01:59:03.191	1.34348	1.34356			6
2025.07.28	01:59:04.113	1.34346	1.34352			6
2025.07.28	01:59:05.038		1.34351			4
2025.07.28	01:59:10.585	1.34344				2
2025.07.28	01:59:11.208		1.34350			4
2025.07.28	01:59:12.132		1.34349			4
2025.07.28	01:59:13.363		1.34348			4
2025.07.28	01:59:15.201		1.34347			4
2025.07.28	01:59:17.642	1.34346				2
2025.07.28	02:00:00.090	1.34346				2
2025.07.28	02:00:01.936		1.34349			4
2025.07.28	02:00:02.241	1.34347	1.34350			6
2025.07.28	02:00:02.850	1.34346	1.34349			6
2025.07.28	02:00:03.157		1.34353			4
2025.07.28	02:00:04.386		1.34352			4
2025.07.28	02:00:06.232	1.34341	1.34345			6
2025.07.28	02:00:06.541		1.34344			4
2025.07.28	02:00:14.900		1.34347			4
2025.07.28	02:00:20.165	1.34342				2
2025.07.28	02:00:21.093	1.34343				2
2025.07.28	02:00:24.168	1.34344				2
2025.07.28	02:00:25.997	1.34332	1.34333			6
2025.07.28	02:00:26.908	1.34331	1.34332			6
2025.07.28	02:00:27.210	1.34328				2
2025.07.28	02:00:27.511	1.34327				2
2025.07.28	02:00:29.044	1.34330	1.34336			6
2025.07.28	02:00:29.357		1.34335			4
2025.07.28	02:00:30.899		1.34334			4
2025.07.28	02:00:31.207	1.34329				2
2025.07.28	02:00:31.524		1.34333			4
2025.07.28	02:00:31.833		1.34332			4
2025.07.28	02:00:32.142	1.34328				2
2025.07.28	02:00:34.292	1.34323	1.34327			6
2025.07.28	02:00:34.608	1.34322				2
2025.07.28	02:00:38.321		1.34326			4
2025.07.28	02:00:39.260	1.34323				2
2025.07.28	02:00:39.563		1.34327			4
2025.07.28	02:00:40.180	1.34322	1.34326			6
2025.07.28	02:00:40.482	1.34323	1.34327			6
2025.07.28	02:00:40.789	1.34322	1.34326			6
2025.07.28	02:00:41.098	1.34323	1.34327			6
2025.07.28	02:00:43.240	1.34324				2
2025.07.28	02:00:46.914		1.34325			4
2025.07.28	02:00:48.751	1.34325	1.34327			6
2025.07.28	02:00:49.063	1.34324				2
2025.07.28	02:00:57.311	1.34333	1.34334			6
2025.07.28	02:00:58.229	1.34329				2
2025.07.28	02:01:00.074	1.34330	1.34335			6
2025.07.28	02:01:00.380	1.34333	1.34340			6
2025.07.28	02:01:00.698		1.34339			4
2025.07.28	02:01:01.002		1.34341			4
2025.07.28	02:01:02.248	1.34335				2
2025.07.28	02:01:03.175	1.34336	1.34340			6
2025.07.28	02:01:04.109		1.34341			4
2025.07.28	02:01:05.345		1.34340			4
2025.07.28	02:01:06.267	1.34337				2
2025.07.28	02:01:09.009	1.34336	1.34339			6
2025.07.28	02:01:10.539	1.34337	1.34340			6
2025.07.28	02:01:10.847	1.34336	1.34339			6
2025.07.28	02:01:12.372	1.34338	1.34341			6
2025.07.28	02:01:13.281	1.34337	1.34340			6
2025.07.28	02:01:13.585	1.34341	1.34342			6
2025.07.28	02:01:14.203	1.34342	1.34343			6
2025.07.28	02:01:14.516	1.34339	1.34342			6
2025.07.28	02:01:15.441	1.34338	1.34341			6
2025.07.28	02:01:16.053	1.34337	1.34340			6
2025.07.28	02:01:16.666	1.34338	1.34341			6
2025.07.28	02:01:18.510		1.34340			4
2025.07.28	02:01:20.961		1.34341			4
2025.07.28	02:01:24.638	1.34344	1.34347			6
2025.07.28	02:01:24.942	1.34351	1.34354			6
2025.07.28	02:01:25.247	1.34347	1.34355			6
2025.07.28	02:01:25.864	1.34348	1.34356			6
2025.07.28	02:01:28.025	1.34349	1.34355			6
2025.07.28	02:01:32.338	1.34350				2
2025.07.28	02:01:33.257	1.34351				2
2025.07.28	02:01:34.492	1.34352				2
2025.07.28	02:01:35.100	1.34353				2
2025.07.28	02:01:35.402		1.34356			4
2025.07.28	02:01:35.705	1.34348	1.34350			6
2025.07.28	02:01:36.009		1.34351			4
2025.07.28	02:01:36.320	1.34344				2
2025.07.28	02:01:36.628	1.34346	1.34354			6
2025.07.28	02:01:36.934		1.34352			4
2025.07.28	02:01:39.090	1.34347	1.34351			6
2025.07.28	02:01:40.321	1.34348				2
2025.07.28	02:01:40.926	1.34352	1.34354			6
2025.07.28	02:01:41.231		1.34353			4
2025.07.28	02:01:42.157	1.34351				2
2025.07.28	02:01:42.461	1.34350				2
2025.07.28	02:01:44.293	1.34351				2
2025.07.28	02:01:45.526	1.34354	1.34355			6
2025.07.28	02:02:00.122	1.34354				2
2025.07.28	02:02:00.427	1.34353	1.34354			6
2025.07.28	02:02:00.727	1.34351	1.34353			6
2025.07.28	02:02:01.030	1.34350				2
2025.07.28	02:02:01.336	1.34351				2
2025.07.28	02:02:01.637		1.34354			4
2025.07.28	02:02:01.940	1.34350	1.34353			6
2025.07.28	02:02:02.549	1.34351				2
2025.07.28	02:02:03.781	1.34350				2
2025.07.28	02:02:04.701	1.34351				2
2025.07.28	02:02:05.933	1.34358	1.34360			6
2025.07.28	02:02:06.238	1.34352	1.34358			6
2025.07.28	02:02:06.546		1.34357			4
2025.07.28	02:02:07.172	1.34353				2
2025.07.28	02:02:07.479	1.34355	1.34359			6
2025.07.28	02:02:08.101		1.34358			4
2025.07.28	02:02:08.420	1.34360	1.34363			6
2025.07.28	02:02:08.725	1.34363	1.34365			6
2025.07.28	02:02:09.039	1.34364				2
2025.07.28	02:02:09.346	1.34361				2
2025.07.28	02:02:09.967	1.34364	1.34370			6
2025.07.28	02:02:10.276		1.34369			4
2025.07.28	02:02:14.917	1.34363				2
2025.07.28	02:02:15.226	1.34364				2
2025.07.28	02:02:16.158	1.34365				2
2025.07.28	02:02:17.087	1.34366				2
2025.07.28	02:02:18.015		1.34368			4
2025.07.28	02:02:18.937		1.34369			4
2025.07.28	02:02:19.240	1.34367				2
2025.07.28	02:02:22.286	1.34370	1.34371			6
2025.07.28	02:02:22.594	1.34367	1.34368			6
2025.07.28	02:02:22.896	1.34366	1.34367			6
2025.07.28	02:02:24.125	1.34365				2
2025.07.28	02:02:25.039	1.34364				2
2025.07.28	02:02:25.654	1.34365				2
2025.07.28	02:02:26.268	1.34364	1.34365			6
2025.07.28	02:02:26.570	1.34362	1.34363			6
2025.07.28	02:02:28.695		1.34365			4
2025.07.28	02:02:30.525	1.34369	1.34372			6
2025.07.28	02:02:31.133	1.34365	1.34376			6
2025.07.28	02:02:32.372	1.34366	1.34370			6
2025.07.28	02:02:32.993	1.34365	1.34369			6
2025.07.28	02:02:33.295	1.34366				2
2025.07.28	02:02:34.233	1.34368				2
2025.07.28	02:02:35.777	1.34367	1.34368			6
2025.07.28	02:02:36.082	1.34365				2
2025.07.28	02:02:36.388	1.34364	1.34366			6
2025.07.28	02:02:36.698	1.34363				2
2025.07.28	02:02:38.218	1.34364				2
2025.07.28	02:02:44.317	1.34367	1.34369			6
2025.07.28	02:02:44.622	1.34366	1.34367			6
2025.07.28	02:02:44.924	1.34365	1.34366			6
2025.07.28	02:02:45.549	1.34364				2
2025.07.28	02:02:50.439	1.34365				2
2025.07.28	02:02:51.045	1.34364				2
2025.07.28	02:02:54.706	1.34363				2
2025.07.28	02:02:56.837	1.34365				2
2025.07.28	02:02:57.756	1.34364	1.34365			6
2025.07.28	02:03:00.205	1.34364				2
2025.07.28	02:03:03.563	1.34363				2
2025.07.28	02:03:05.096	1.34364				2
2025.07.28	02:03:06.312	1.34365	1.34366			6
2025.07.28	02:03:06.613	1.34364	1.34365			6
2025.07.28	02:03:07.540	1.34365	1.34366			6
2025.07.28	02:03:17.928	1.34368	1.34369			6
2025.07.28	02:03:19.144	1.34367	1.34368			6
2025.07.28	02:03:22.203		1.34369			4
2025.07.28	02:03:33.501	1.34368				2
2025.07.28	02:03:34.417	1.34367	1.34368			6
2025.07.28	02:03:34.720	1.34366	1.34367			6
2025.07.28	02:03:35.021		1.34368			4
2025.07.28	02:03:36.252		1.34367			4
2025.07.28	02:03:36.863	1.34365	1.34366			6
2025.07.28	02:03:37.779	1.34364	1.34367			6
2025.07.28	02:03:38.087	1.34365				2
2025.07.28	02:03:42.375	1.34366				2
2025.07.28	02:03:42.681	1.34365				2
2025.07.28	02:03:44.227	1.34364				2
2025.07.28	02:04:00.283	1.34368	1.34369			6
2025.07.28	02:04:01.211	1.34365	1.34368			6
2025.07.28	02:04:03.375	1.34366				2
2025.07.28	02:04:03.996		1.34367			4
2025.07.28	02:04:04.299	1.34364				2
2025.07.28	02:04:05.233	1.34365	1.34368			6
2025.07.28	02:04:05.537		1.34367			4
2025.07.28	02:04:05.845	1.34364				2
2025.07.28	02:04:06.153	1.34363				2
2025.07.28	02:04:07.094	1.34364				2
2025.07.28	02:04:07.399	1.34363				2
2025.07.28	02:04:08.021	1.34364				2
2025.07.28	02:04:09.261	1.34365				2
2025.07.28	02:04:09.880	1.34364	1.34366			6
2025.07.28	02:04:11.424	1.34363				2
2025.07.28	02:04:14.214	1.34364				2
2025.07.28	02:04:14.817	1.34365				2
2025.07.28	02:04:15.738	1.34364				2
2025.07.28	02:04:16.345	1.34363				2
2025.07.28	02:04:20.359	1.34364				2
2025.07.28	02:04:23.113	1.34365				2
2025.07.28	02:04:23.419	1.34368	1.34369			6
2025.07.28	02:04:24.334	1.34367				2
2025.07.28	02:04:25.257	1.34364				2
2025.07.28	02:04:26.175	1.34365				2
2025.07.28	02:04:26.489	1.34364				2
2025.07.28	02:04:27.413	1.34365				2
2025.07.28	02:04:28.334	1.34366	1.34373			6
2025.07.28	02:04:29.257		1.34372			4
2025.07.28	02:04:30.175	1.34367				2
2025.07.28	02:04:31.101		1.34371			4
2025.07.28	02:04:31.714		1.34369			4
2025.07.28	02:04:32.331	1.34368				2
2025.07.28	02:04:36.595		1.34370			4
2025.07.28	02:04:37.202	1.34367				2
2025.07.28	02:04:46.337	1.34368				2
2025.07.28	02:04:49.091	1.34369				2
2025.07.28	02:04:49.708	1.34368				2
2025.07.28	02:04:50.013	1.34369				2
2025.07.28	02:04:51.241	1.34368				2
2025.07.28	02:04:54.915	1.34369				2
2025.07.28	02:04:55.220	1.34368				2
2025.07.28	02:05:00.113	1.34368				2
2025.07.28	02:05:00.727	1.34370	1.34371			6
2025.07.28	02:05:01.955	1.34369	1.34370			6
2025.07.28	02:05:02.262	1.34370	1.34372			6
2025.07.28	02:05:02.571	1.34369	1.34371			6
2025.07.28	02:05:04.095	1.34367				2
2025.07.28	02:05:04.404	1.34366				2
2025.07.28	02:05:05.318		1.34370			4
2025.07.28	02:05:06.870		1.34371			4
2025.07.28	02:05:07.178	1.34367				2
2025.07.28	02:05:08.399	1.34368				2
2025.07.28	02:05:10.235	1.34369				2
2025.07.28	02:05:12.066	1.34370				2
2025.07.28	02:05:12.370	1.34369				2
2025.07.28	02:05:18.469		1.34372			4
2025.07.28	02:05:18.778		1.34371			4
2025.07.28	02:05:20.021		1.34372			4
2025.07.28	02:05:20.330	1.34370				2
2025.07.28	02:05:21.251	1.34366	1.34367			6
2025.07.28	02:05:21.856	1.34367	1.34369			6
2025.07.28	02:05:22.160	1.34364				2
2025.07.28	02:05:22.781	1.34363				2
2025.07.28	02:05:24.014	1.34362				2
2025.07.28	02:05:24.625	1.34364				2
2025.07.28	02:05:24.929	1.34365	1.34370			6
2025.07.28	02:05:25.236	1.34366				2
2025.07.28	02:05:26.156	1.34363				2
2025.07.28	02:05:30.149	1.34364				2
2025.07.28	02:05:31.375	1.34365				2
2025.07.28	02:05:32.298	1.34366				2
2025.07.28	02:05:33.220	1.34367				2
2025.07.28	02:05:33.833	1.34370	1.34373			6
2025.07.28	02:05:35.364	1.34368				2
2025.07.28	02:05:41.202	1.34369				2
2025.07.28	02:05:42.741		1.34372			4
2025.07.28	02:05:43.348	1.34370				2
2025.07.28	02:05:48.562	1.34369	1.34370			6
2025.07.28	02:05:50.398		1.34371			4
2025.07.28	02:05:51.609		1.34372			4
2025.07.28	02:05:56.540	1.34370				2
2025.07.28	02:06:00.193	1.34370				2
2025.07.28	02:06:02.019		1.34371			4
2025.07.28	02:06:02.321	1.34369	1.34370			6
2025.07.28	02:06:03.244	1.34368				2
2025.07.28	02:06:05.994		1.34371			4
2025.07.28	02:06:07.213	1.34369				2
2025.07.28	02:06:10.588	1.34368				2
2025.07.28	02:06:13.336	1.34369				2
2025.07.28	02:06:18.550	1.34368	1.34370			6
2025.07.28	02:06:23.128		1.34371			4
2025.07.28	02:06:23.440		1.34369			4
2025.07.28	02:06:23.743		1.34370			4
2025.07.28	02:06:24.354	1.34369				2
2025.07.28	02:06:24.665	1.34373	1.34374			6
2025.07.28	02:06:24.970	1.34372	1.34373			6
2025.07.28	02:06:25.888	1.34371	1.34372			6
2025.07.28	02:06:26.190	1.34367	1.34371			6
2025.07.28	02:06:32.375	1.34368	1.34373			6
2025.07.28	02:06:33.302	1.34369				2
2025.07.28	02:06:34.228	1.34370				2
2025.07.28	02:06:36.382	1.34371				2
2025.07.28	02:06:40.951	1.34368	1.34371			6
2025.07.28	02:06:42.164	1.34365				2
2025.07.28	02:06:43.711		1.34372			4
2025.07.28	02:06:45.871		1.34373			4
2025.07.28	02:06:47.415		1.34372			4
2025.07.28	02:06:48.343	1.34366				2
2025.07.28	02:06:49.273	1.34367				2
2025.07.28	02:06:50.195		1.34371			4
2025.07.28	02:06:52.333	1.34368				2
2025.07.28	02:06:55.382		1.34370			4
2025.07.28	02:06:58.436		1.34369			4
2025.07.28	02:06:58.739		1.34370			4
2025.07.28	02:07:00.266	1.34368				2
2025.07.28	02:07:07.603		1.34371			4
2025.07.28	02:07:07.906		1.34370			4
2025.07.28	02:07:09.731		1.34371			4
