<DATE>	<TIME>	<BID>	<ASK>	<LAST>	<VOLUME>	<FLAGS>
2025.04.24	00:03:31.116	1.32511	1.32608			6
2025.04.24	00:04:00.027	1.32511				2
2025.04.24	00:04:31.200		1.32608			4
2025.04.24	00:04:33.966		1.32610			4
2025.04.24	00:05:00.066	1.32511				2
2025.04.24	00:05:02.238	1.32496				2
2025.04.24	00:05:17.499	1.32453	1.32628			6
2025.04.24	00:05:18.721	1.32457	1.32621			6
2025.04.24	00:06:00.261	1.32457				2
2025.04.24	00:06:18.704	1.32458	1.32620			6
2025.04.24	00:07:00.124	1.32458				2
2025.04.24	00:07:18.794		1.32620			4
2025.04.24	00:08:00.263	1.32458				2
2025.04.24	00:08:01.482	1.32465				2
2025.04.24	00:08:16.214	1.32473	1.32610			6
2025.04.24	00:08:20.519	1.32495	1.32602			6
2025.04.24	00:09:00.152	1.32495				2
2025.04.24	00:09:20.742		1.32602			4
2025.04.24	00:10:00.056	1.32495				2
2025.04.24	00:10:00.678	1.32489				2
2025.04.24	00:10:03.145	1.32488				2
2025.04.24	00:10:11.757	1.32475				2
2025.04.24	00:10:20.690	1.32473	1.32605			6
2025.04.24	00:10:38.518	1.32484	1.32598			6
2025.04.24	00:10:41.279		1.32599			4
2025.04.24	00:10:42.808		1.32600			4
2025.04.24	00:10:44.343		1.32602			4
2025.04.24	00:10:52.935	1.32498	1.32601			6
2025.04.24	00:10:54.547		1.32596			4
2025.04.24	00:10:59.310	1.32484	1.32602			6
2025.04.24	00:11:00.231	1.32498	1.32596			6
2025.04.24	00:11:06.210	1.32484	1.32602			6
2025.04.24	00:11:07.143	1.32498	1.32596			6
2025.04.24	00:11:13.140	1.32484	1.32602			6
2025.04.24	00:11:13.758	1.32498	1.32596			6
2025.04.24	00:11:19.869	1.32484	1.32602			6
2025.04.24	00:11:20.485	1.32498	1.32596			6
2025.04.24	00:11:26.660	1.32484	1.32602			6
2025.04.24	00:11:27.265	1.32498	1.32596			6
2025.04.24	00:12:00.843	1.32498				2
2025.04.24	00:12:28.112		1.32596			4
2025.04.24	00:12:40.922	1.32506	1.32576			6
2025.04.24	00:12:58.354	1.32498	1.32596			6
2025.04.24	00:13:00.363	1.32498				2
2025.04.24	00:13:00.827	1.32481	1.32614			6
2025.04.24	00:13:20.518	1.32482				2
2025.04.24	00:13:42.968	1.32507	1.32576			6
2025.04.24	00:14:01.367	1.32507				2
2025.04.24	00:14:43.109		1.32576			4
2025.04.24	00:14:56.453	1.32503	1.32567			6
2025.04.24	00:15:00.309	1.32503	1.32573			6
2025.04.24	00:15:00.696		1.32579			4
2025.04.24	00:15:49.366	1.32504	1.32598			6
2025.04.24	00:15:50.364		1.32594			4
2025.04.24	00:16:00.138	1.32504				2
2025.04.24	00:16:50.534		1.32594			4
2025.04.24	00:17:00.021	1.32504				2
2025.04.24	00:17:50.809		1.32594			4
2025.04.24	00:18:00.251	1.32504				2
2025.04.24	00:18:12.445	1.32499	1.32609			6
2025.04.24	00:19:00.144	1.32499				2
2025.04.24	00:19:13.311		1.32610			4
2025.04.24	00:20:00.015	1.32499				2
2025.04.24	00:20:13.514		1.32608			4
2025.04.24	00:20:35.346	1.32496				2
2025.04.24	00:20:53.493	1.32499				2
2025.04.24	00:21:00.249	1.32499				2
2025.04.24	00:21:13.730		1.32608			4
2025.04.24	00:21:49.410	1.32493				2
2025.04.24	00:21:51.555	1.32496				2
2025.04.24	00:21:52.484	1.32493				2
2025.04.24	00:21:54.330	1.32496				2
2025.04.24	00:22:00.190	1.32496				2
2025.04.24	00:22:12.314	1.32499				2
2025.04.24	00:22:13.861		1.32608			4
2025.04.24	00:22:14.475	1.32496				2
2025.04.24	00:22:17.560	1.32499				2
2025.04.24	00:23:00.079	1.32499				2
2025.04.24	00:23:13.623		1.32609			4
2025.04.24	00:24:00.091	1.32499				2
2025.04.24	00:24:13.624		1.32609			4
2025.04.24	00:25:00.147	1.32499				2
2025.04.24	00:25:13.686		1.32609			4
2025.04.24	00:26:00.177	1.32499				2
2025.04.24	00:26:13.700		1.32609			4
2025.04.24	00:26:26.294	1.32508				2
2025.04.24	00:26:51.170	1.32509				2
2025.04.24	00:27:00.085	1.32509				2
2025.04.24	00:27:13.598		1.32611			4
2025.04.24	00:27:20.037	1.32535	1.32617			6
2025.04.24	00:27:22.110		1.32616			4
2025.04.24	00:27:22.412		1.32617			4
2025.04.24	00:27:23.849		1.32616			4
2025.04.24	00:27:25.375		1.32612			4
2025.04.24	00:27:26.607		1.32611			4
2025.04.24	00:27:29.336		1.32612			4
2025.04.24	00:27:29.640		1.32611			4
2025.04.24	00:27:31.156		1.32612			4
2025.04.24	00:27:32.671		1.32614			4
2025.04.24	00:27:32.974		1.32612			4
2025.04.24	00:27:34.791		1.32613			4
2025.04.24	00:27:35.404	1.32499	1.32609			6
2025.04.24	00:27:40.309	1.32509				2
2025.04.24	00:28:00.261	1.32509				2
2025.04.24	00:28:32.204	1.32503	1.32603			6
2025.04.24	00:28:32.512	1.32504	1.32607			6
2025.04.24	00:28:33.131	1.32500	1.32609			6
2025.04.24	00:28:35.287		1.32610			4
2025.04.24	00:28:39.290	1.32501				2
2025.04.24	00:28:50.340	1.32503				2
2025.04.24	00:28:58.334	1.32506				2
2025.04.24	00:29:00.178	1.32506				2
2025.04.24	00:29:01.103		1.32609			4
2025.04.24	00:29:04.489		1.32608			4
2025.04.24	00:29:05.100	1.32503				2
2025.04.24	00:29:06.021		1.32605			4
2025.04.24	00:29:08.790		1.32604			4
2025.04.24	00:29:09.099		1.32605			4
2025.04.24	00:29:10.942	1.32506				2
2025.04.24	00:29:11.258	1.32503				2
2025.04.24	00:29:12.169	1.32506				2
2025.04.24	00:29:12.489		1.32602			4
2025.04.24	00:29:13.097	1.32503				2
2025.04.24	00:29:13.403	1.32506				2
2025.04.24	00:29:14.333	1.32503				2
2025.04.24	00:29:15.256	1.32506				2
2025.04.24	00:29:17.092		1.32604			4
2025.04.24	00:29:19.246		1.32607			4
2025.04.24	00:29:20.164	1.32503				2
2025.04.24	00:29:23.236	1.32506				2
2025.04.24	00:29:27.545		1.32602			4
2025.04.24	00:29:31.838		1.32603			4
2025.04.24	00:29:32.150		1.32601			4
2025.04.24	00:29:36.138	1.32503				2
2025.04.24	00:29:36.442		1.32608			4
2025.04.24	00:29:37.973	1.32506				2
2025.04.24	00:29:38.285	1.32503				2
2025.04.24	00:29:40.425	1.32506				2
2025.04.24	00:29:50.248	1.32509				2
2025.04.24	00:29:50.557		1.32607			4
2025.04.24	00:29:50.863		1.32605			4
2025.04.24	00:29:53.331		1.32606			4
2025.04.24	00:29:53.938		1.32605			4
2025.04.24	00:29:54.555		1.32603			4
2025.04.24	00:30:00.082	1.32509	1.32602			6
2025.04.24	00:30:00.391		1.32606			4
2025.04.24	00:30:01.016		1.32602			4
2025.04.24	00:30:01.320		1.32598			4
2025.04.24	00:30:01.940		1.32606			4
2025.04.24	00:30:10.601		1.32609			4
2025.04.24	00:30:11.221		1.32602			4
2025.04.24	00:30:11.835		1.32603			4
2025.04.24	00:30:21.362		1.32604			4
2025.04.24	00:30:27.220		1.32601			4
2025.04.24	00:30:52.249	1.32518	1.32609			6
2025.04.24	00:30:59.858		1.32610			4
2025.04.24	00:31:00.159	1.32518	1.32604			6
2025.04.24	00:31:00.465		1.32593			4
2025.04.24	00:31:02.597		1.32596			4
2025.04.24	00:31:05.051	1.32515	1.32608			6
2025.04.24	00:31:13.606		1.32609			4
2025.04.24	00:31:15.444		1.32606			4
2025.04.24	00:31:18.828		1.32609			4
2025.04.24	00:31:33.579		1.32608			4
2025.04.24	00:31:37.564		1.32610			4
2025.04.24	00:31:39.097		1.32606			4
2025.04.24	00:31:43.133		1.32608			4
2025.04.24	00:32:00.147	1.32515	1.32610			6
2025.04.24	00:32:00.453	1.32506				2
2025.04.24	00:32:19.192		1.32609			4
2025.04.24	00:32:28.109		1.32610			4
2025.04.24	00:32:29.643		1.32609			4
2025.04.24	00:32:29.951		1.32610			4
2025.04.24	00:32:35.471		1.32608			4
2025.04.24	00:32:39.768		1.32604			4
2025.04.24	00:32:41.311		1.32603			4
2025.04.24	00:32:45.012		1.32608			4
2025.04.24	00:32:50.549		1.32607			4
2025.04.24	00:33:00.095	1.32506				2
2025.04.24	00:33:00.407		1.32608			4
2025.04.24	00:33:01.020		1.32606			4
2025.04.24	00:33:03.785		1.32608			4
2025.04.24	00:33:08.697		1.32607			4
2025.04.24	00:33:09.614		1.32608			4
2025.04.24	00:33:10.836		1.32607			4
2025.04.24	00:33:12.668		1.32606			4
2025.04.24	00:33:15.450	1.32505	1.32601			6
2025.04.24	00:33:15.757		1.32598			4
2025.04.24	00:33:20.171		1.32601			4
2025.04.24	00:33:20.485		1.32599			4
2025.04.24	00:33:20.786		1.32601			4
2025.04.24	00:33:22.939		1.32608			4
2025.04.24	00:33:23.249		1.32599			4
2025.04.24	00:33:25.097		1.32601			4
2025.04.24	00:33:26.942		1.32600			4
2025.04.24	00:33:34.642		1.32602			4
2025.04.24	00:33:34.944		1.32604			4
2025.04.24	00:33:35.253		1.32599			4
2025.04.24	00:33:45.117		1.32598			4
2025.04.24	00:33:47.281		1.32600			4
2025.04.24	00:33:54.969		1.32601			4
2025.04.24	00:33:58.351		1.32598			4
2025.04.24	00:33:59.585		1.32600			4
2025.04.24	00:34:00.204	1.32505				2
2025.04.24	00:34:02.977		1.32601			4
2025.04.24	00:34:05.125		1.32600			4
2025.04.24	00:34:09.442		1.32602			4
2025.04.24	00:34:12.210		1.32601			4
2025.04.24	00:34:14.983		1.32604			4
2025.04.24	00:34:15.292		1.32601			4
2025.04.24	00:34:18.988		1.32598			4
2025.04.24	00:34:25.150		1.32599			4
2025.04.24	00:34:34.694		1.32596			4
2025.04.24	00:34:42.711		1.32599			4
2025.04.24	00:34:44.546		1.32597			4
2025.04.24	00:34:49.479		1.32598			4
2025.04.24	00:35:00.269	1.32505	1.32599			6
2025.04.24	00:35:02.423		1.32602			4
2025.04.24	00:35:12.522		1.32601			4
2025.04.24	00:35:12.825		1.32599			4
2025.04.24	00:35:13.134		1.32601			4
2025.04.24	00:35:17.129		1.32602			4
2025.04.24	00:35:19.283		1.32601			4
2025.04.24	00:35:20.831		1.32602			4
2025.04.24	00:35:25.773		1.32604			4
2025.04.24	00:35:33.792		1.32602			4
2025.04.24	00:35:35.025		1.32604			4
2025.04.24	00:35:36.868		1.32603			4
2025.04.24	00:35:37.178		1.32604			4
2025.04.24	00:35:37.485		1.32602			4
2025.04.24	00:35:39.638		1.32601			4
2025.04.24	00:35:42.716		1.32604			4
2025.04.24	00:36:00.276	1.32505				2
2025.04.24	00:36:42.939		1.32604			4
2025.04.24	00:37:00.069	1.32505				2
2025.04.24	00:37:43.136		1.32604			4
2025.04.24	00:38:00.040	1.32505				2
2025.04.24	00:38:43.288		1.32604			4
2025.04.24	00:39:00.135	1.32505				2
2025.04.24	00:39:35.451		1.32603			4
2025.04.24	00:40:00.022	1.32505				2
2025.04.24	00:40:35.639		1.32603			4
2025.04.24	00:41:00.181	1.32505				2
2025.04.24	00:41:35.486		1.32605			4
2025.04.24	00:42:00.084	1.32505				2
2025.04.24	00:42:35.781		1.32605			4
2025.04.24	00:43:00.122	1.32505				2
2025.04.24	00:43:35.856		1.32605			4
2025.04.24	00:44:00.184	1.32505				2
2025.04.24	00:44:25.681	1.32515	1.32630			6
2025.04.24	00:44:33.952	1.32504				2
2025.04.24	00:44:40.367	1.32493				2
2025.04.24	00:44:40.675	1.32489				2
2025.04.24	00:44:48.325	1.32490				2
2025.04.24	00:44:58.443	1.32489				2
2025.04.24	00:45:00.274	1.32485				2
2025.04.24	00:45:00.579	1.32486				2
2025.04.24	00:45:01.805	1.32491				2
2025.04.24	00:45:03.027	1.32490				2
2025.04.24	00:45:08.743	1.32506	1.32614			6
2025.04.24	00:45:09.321	1.32501				2
2025.04.24	00:45:14.826	1.32505				2
2025.04.24	00:45:27.651	1.32507				2
2025.04.24	00:45:50.308	1.32505				2
2025.04.24	00:45:50.609	1.32506				2
2025.04.24	00:45:57.358	1.32507				2
2025.04.24	00:46:00.115	1.32507				2
2025.04.24	00:46:00.422	1.32506				2
2025.04.24	00:46:02.572	1.32502				2
2025.04.24	00:46:09.019		1.32614			4
2025.04.24	00:46:09.329	1.32509				2
2025.04.24	00:46:16.075	1.32501				2
2025.04.24	00:46:17.002	1.32507				2
2025.04.24	00:46:27.162	1.32509				2
2025.04.24	00:46:29.929	1.32508				2
2025.04.24	00:46:52.087	1.32507				2
2025.04.24	00:46:52.410	1.32508				2
2025.04.24	00:47:00.105	1.32508				2
2025.04.24	00:47:00.414	1.32503				2
2025.04.24	00:47:05.952	1.32504				2
2025.04.24	00:47:06.254	1.32522				2
2025.04.24	00:47:06.568	1.32523				2
2025.04.24	00:47:06.872	1.32524				2
2025.04.24	00:47:09.029		1.32614			4
2025.04.24	00:47:12.721	1.32527				2
2025.04.24	00:47:21.353	1.32521				2
2025.04.24	00:47:21.967	1.32506				2
2025.04.24	00:47:22.890	1.32505				2
2025.04.24	00:47:24.426	1.32507				2
2025.04.24	00:47:24.735	1.32508				2
2025.04.24	00:47:27.504	1.32510				2
2025.04.24	00:47:42.914	1.32504				2
2025.04.24	00:47:45.069	1.32527				2
2025.04.24	00:47:51.846	1.32528				2
2025.04.24	00:47:52.151	1.32530				2
2025.04.24	00:47:54.923	1.32529				2
2025.04.24	00:47:57.402	1.32527				2
2025.04.24	00:48:00.163	1.32526				2
2025.04.24	00:48:00.486	1.32524				2
2025.04.24	00:48:09.112		1.32614			4
2025.04.24	00:48:24.517	1.32531				2
2025.04.24	00:48:44.237	1.32532				2
2025.04.24	00:48:52.233	1.32531				2
2025.04.24	00:49:00.226	1.32525				2
2025.04.24	00:49:02.379	1.32532				2
2025.04.24	00:49:09.147		1.32614			4
2025.04.24	00:49:10.377	1.32531				2
2025.04.24	00:49:16.531	1.32530				2
2025.04.24	00:49:23.287	1.32531				2
2025.04.24	00:49:35.562	1.32525				2
2025.04.24	00:49:42.946	1.32531				2
2025.04.24	00:49:51.256	1.32525				2
2025.04.24	00:49:52.793	1.32532				2
2025.04.24	00:49:57.713	1.32533				2
2025.04.24	00:50:00.171	1.32533				2
2025.04.24	00:50:00.476	1.32526				2
2025.04.24	00:50:01.097	1.32525				2
2025.04.24	00:50:02.316	1.32526				2
2025.04.24	00:50:05.083	1.32525				2
2025.04.24	00:50:09.072	1.32531	1.32592			6
2025.04.24	00:50:09.992	1.32530				2
2025.04.24	00:50:14.240	1.32531				2
2025.04.24	00:50:19.127	1.32530				2
2025.04.24	00:50:39.240	1.32526				2
2025.04.24	00:50:43.859	1.32525				2
2025.04.24	00:50:48.769	1.32529				2
2025.04.24	00:50:54.924	1.32527				2
2025.04.24	00:50:58.614	1.32528				2
2025.04.24	00:51:00.149	1.32528				2
2025.04.24	00:51:09.351		1.32592			4
2025.04.24	00:51:35.971	1.32530				2
2025.04.24	00:51:39.631	1.32529				2
2025.04.24	00:51:44.829	1.32530				2
2025.04.24	00:51:47.873	1.32529				2
2025.04.24	00:51:51.526	1.32530				2
2025.04.24	00:51:51.831	1.32531				2
2025.04.24	00:51:52.443	1.32530				2
2025.04.24	00:51:53.970	1.32531				2
2025.04.24	00:51:59.466	1.32510	1.32598			6
2025.04.24	00:52:00.074	1.32510				2
2025.04.24	00:52:01.911		1.32592			4
2025.04.24	00:52:11.983		1.32593			4
2025.04.24	00:52:45.273		1.32592			4
2025.04.24	00:52:46.499	1.32508				2
2025.04.24	00:52:47.413	1.32520	1.32578			6
2025.04.24	00:53:00.250	1.32520				2
2025.04.24	00:53:19.192		1.32577			4
2025.04.24	00:53:22.248		1.32576			4
2025.04.24	00:53:25.917		1.32574			4
2025.04.24	00:53:27.444		1.32577			4
2025.04.24	00:53:28.672		1.32576			4
2025.04.24	00:53:29.588		1.32575			4
2025.04.24	00:53:31.410		1.32574			4
2025.04.24	00:53:33.854		1.32573			4
2025.04.24	00:53:36.598		1.32574			4
2025.04.24	00:53:42.093		1.32575			4
2025.04.24	00:53:53.698	1.32525	1.32573			6
2025.04.24	00:53:54.004		1.32571			4
2025.04.24	00:53:55.826		1.32570			4
2025.04.24	00:53:57.054		1.32568			4
2025.04.24	00:53:57.666		1.32577			4
2025.04.24	00:54:00.113	1.32525				2
2025.04.24	00:54:00.728	1.32524	1.32582			6
2025.04.24	00:54:09.257	1.32518	1.32607			6
2025.04.24	00:54:09.561	1.32523	1.32601			6
2025.04.24	00:54:17.207		1.32604			4
2025.04.24	00:54:19.337	1.32525				2
2025.04.24	00:54:22.082		1.32605			4
2025.04.24	00:54:37.348	1.32534				2
2025.04.24	00:54:39.502	1.32533				2
2025.04.24	00:54:41.339	1.32530				2
2025.04.24	00:54:43.487	1.32531				2
2025.04.24	00:54:43.798	1.32530				2
2025.04.24	00:54:44.408	1.32531				2
2025.04.24	00:54:49.326	1.32522	1.32655			6
2025.04.24	00:54:49.631	1.32523				2
2025.04.24	00:54:51.170	1.32524				2
2025.04.24	00:54:54.560	1.32522				2
2025.04.24	00:54:56.105	1.32523				2
2025.04.24	00:54:58.249	1.32522				2
2025.04.24	00:54:59.784	1.32523				2
2025.04.24	00:55:00.092	1.32522				2
2025.04.24	00:55:00.394	1.32520				2
2025.04.24	00:55:03.158	1.32518				2
2025.04.24	00:55:04.697	1.32525				2
2025.04.24	00:55:06.235	1.32524				2
2025.04.24	00:55:06.542	1.32523				2
2025.04.24	00:55:07.159	1.32521				2
2025.04.24	00:55:09.311	1.32517				2
2025.04.24	00:55:11.765	1.32516				2
2025.04.24	00:55:13.602	1.32517				2
2025.04.24	00:55:14.219	1.32514				2
2025.04.24	00:55:19.137	1.32516				2
2025.04.24	00:55:20.674	1.32511				2
2025.04.24	00:55:22.830	1.32512				2
2025.04.24	00:55:24.366	1.32515				2
2025.04.24	00:55:27.133	1.32517				2
2025.04.24	00:55:28.057	1.32516				2
2025.04.24	00:55:28.365	1.32518				2
2025.04.24	00:55:28.978	1.32519				2
2025.04.24	00:55:29.896	1.32517				2
2025.04.24	00:55:30.203	1.32521				2
2025.04.24	00:55:31.125	1.32514	1.32652			6
2025.04.24	00:55:32.360	1.32513				2
2025.04.24	00:55:34.814	1.32517				2
2025.04.24	00:55:35.128	1.32518				2
2025.04.24	00:55:35.741	1.32514				2
2025.04.24	00:55:36.662	1.32511				2
2025.04.24	00:55:37.886	1.32510				2
2025.04.24	00:55:38.505	1.32511				2
2025.04.24	00:55:38.816	1.32510				2
2025.04.24	00:55:39.121	1.32521				2
2025.04.24	00:55:39.428	1.32520				2
2025.04.24	00:55:39.729	1.32501				2
2025.04.24	00:55:40.035	1.32502				2
2025.04.24	00:55:40.344	1.32540	1.32650			6
2025.04.24	00:55:44.033	1.32541				2
2025.04.24	00:55:44.344	1.32540				2
2025.04.24	00:55:46.184	1.32541				2
2025.04.24	00:55:46.491	1.32540				2
2025.04.24	00:55:52.322	1.32541				2
2025.04.24	00:55:52.625	1.32540				2
2025.04.24	00:55:53.238	1.32543				2
2025.04.24	00:55:53.547	1.32545				2
2025.04.24	00:55:54.468	1.32547				2
2025.04.24	00:55:55.084	1.32544				2
2025.04.24	00:55:56.617	1.32546				2
2025.04.24	00:55:58.151	1.32547				2
2025.04.24	00:55:58.457	1.32549				2
2025.04.24	00:56:00.300	1.32549				2
2025.04.24	00:56:00.608	1.32546				2
2025.04.24	00:56:00.919	1.32545				2
2025.04.24	00:56:01.837	1.32540				2
2025.04.24	00:56:02.144	1.32545				2
2025.04.24	00:56:03.988	1.32544				2
2025.04.24	00:56:04.298	1.32545				2
2025.04.24	00:56:05.535	1.32547				2
2025.04.24	00:56:07.065	1.32552				2
2025.04.24	00:56:07.372	1.32547				2
2025.04.24	00:56:07.682	1.32548				2
2025.04.24	00:56:07.984	1.32549				2
2025.04.24	00:56:10.140	1.32550				2
2025.04.24	00:56:10.749	1.32549				2
2025.04.24	00:56:13.209	1.32550				2
2025.04.24	00:56:13.511	1.32551				2
2025.04.24	00:56:13.815	1.32552				2
2025.04.24	00:56:15.046	1.32555				2
2025.04.24	00:56:17.195	1.32554				2
2025.04.24	00:56:17.496	1.32552				2
2025.04.24	00:56:17.805	1.32551				2
2025.04.24	00:56:18.726	1.32552				2
2025.04.24	00:56:21.494	1.32551				2
2025.04.24	00:56:24.251	1.32552				2
2025.04.24	00:56:26.097	1.32553				2
2025.04.24	00:56:27.937	1.32552				2
2025.04.24	00:56:28.244	1.32551				2
2025.04.24	00:56:31.310	1.32552				2
2025.04.24	00:56:32.842	1.32553				2
2025.04.24	00:56:34.382	1.32554				2
2025.04.24	00:56:34.687	1.32552	1.32620			6
2025.04.24	00:56:34.991	1.32562				2
2025.04.24	00:56:36.819	1.32561				2
2025.04.24	00:56:38.641	1.32535	1.32628			6
2025.04.24	00:56:38.946	1.32537				2
2025.04.24	00:56:39.256	1.32535				2
2025.04.24	00:56:42.316	1.32529				2
2025.04.24	00:56:42.927	1.32535				2
2025.04.24	00:56:44.459	1.32525				2
2025.04.24	00:56:49.982		1.32608			4
2025.04.24	00:56:50.296	1.32529				2
2025.04.24	00:56:51.207	1.32532				2
2025.04.24	00:56:52.730	1.32533				2
2025.04.24	00:56:53.033	1.32535				2
2025.04.24	00:56:55.471	1.32523				2
2025.04.24	00:56:57.315	1.32524				2
2025.04.24	00:57:00.085	1.32524				2
2025.04.24	00:57:00.389	1.32523				2
2025.04.24	00:57:01.925		1.32607			4
2025.04.24	00:57:02.536	1.32524				2
2025.04.24	00:57:05.908	1.32529				2
2025.04.24	00:57:07.741	1.32525	1.32653			6
2025.04.24	00:57:08.046	1.32524				2
2025.04.24	00:57:08.351	1.32525				2
2025.04.24	00:57:08.965	1.32524				2
2025.04.24	00:57:09.274	1.32520				2
2025.04.24	00:57:11.114	1.32521				2
2025.04.24	00:57:12.033	1.32520				2
2025.04.24	00:57:12.957	1.32521				2
2025.04.24	00:57:13.572	1.32519	1.32656			6
2025.04.24	00:57:13.885	1.32522				2
2025.04.24	00:57:14.189	1.32521				2
2025.04.24	00:57:14.803	1.32523				2
2025.04.24	00:57:15.112	1.32522				2
2025.04.24	00:57:16.032	1.32517				2
2025.04.24	00:57:16.337	1.32522				2
2025.04.24	00:57:16.957	1.32521				2
2025.04.24	00:57:17.266	1.32525				2
2025.04.24	00:57:18.185	1.32526				2
2025.04.24	00:57:22.784	1.32524				2
2025.04.24	00:57:23.089	1.32526				2
2025.04.24	00:57:24.920	1.32527				2
2025.04.24	00:57:30.134	1.32525				2
2025.04.24	00:57:30.443	1.32526				2
2025.04.24	00:57:34.739	1.32528				2
2025.04.24	00:57:38.424	1.32529				2
2025.04.24	00:57:45.168	1.32517				2
2025.04.24	00:57:45.478	1.32518				2
2025.04.24	00:57:46.099	1.32517				2
2025.04.24	00:57:47.016	1.32519				2
2025.04.24	00:57:47.324	1.32522				2
2025.04.24	00:57:47.635	1.32520				2
2025.04.24	00:57:48.245	1.32519				2
2025.04.24	00:57:48.551	1.32521				2
2025.04.24	00:57:49.166	1.32517				2
2025.04.24	00:57:49.475	1.32521				2
2025.04.24	00:57:49.777	1.32520				2
2025.04.24	00:57:50.086	1.32515				2
2025.04.24	00:57:50.394	1.32518				2
2025.04.24	00:57:51.318	1.32520				2
2025.04.24	00:57:51.933	1.32519				2
2025.04.24	00:57:52.237	1.32518				2
2025.04.24	00:57:52.544	1.32520				2
2025.04.24	00:57:52.850	1.32521				2
2025.04.24	00:57:53.162	1.32519				2
2025.04.24	00:57:53.471	1.32520				2
2025.04.24	00:57:54.084	1.32522				2
2025.04.24	00:57:56.535	1.32520				2
2025.04.24	00:57:57.151	1.32519				2
2025.04.24	00:57:58.076	1.32520				2
2025.04.24	00:57:59.302	1.32521				2
2025.04.24	00:57:59.605	1.32515				2
2025.04.24	00:57:59.911	1.32517				2
2025.04.24	00:58:00.212	1.32516				2
2025.04.24	00:58:00.815	1.32517				2
2025.04.24	00:58:01.124	1.32518				2
2025.04.24	00:58:01.436	1.32516				2
2025.04.24	00:58:02.045	1.32518				2
2025.04.24	00:58:02.349	1.32517				2
2025.04.24	00:58:02.656	1.32518				2
2025.04.24	00:58:03.277	1.32526				2
2025.04.24	00:58:04.197	1.32517				2
2025.04.24	00:58:04.502	1.32520				2
2025.04.24	00:58:06.041	1.32517				2
2025.04.24	00:58:06.345	1.32514				2
2025.04.24	00:58:06.657	1.32520				2
2025.04.24	00:58:08.186	1.32522				2
2025.04.24	00:58:09.105	1.32513				2
2025.04.24	00:58:10.026	1.32515				2
2025.04.24	00:58:10.638	1.32517				2
2025.04.24	00:58:12.484	1.32521				2
2025.04.24	00:58:13.710		1.32656			4
2025.04.24	00:58:14.011	1.32522				2
2025.04.24	00:58:14.322	1.32515				2
2025.04.24	00:58:14.935	1.32519				2
2025.04.24	00:58:15.237	1.32520				2
2025.04.24	00:58:15.550	1.32521				2
2025.04.24	00:58:17.086	1.32520				2
2025.04.24	00:58:17.389	1.32521				2
2025.04.24	00:58:19.534	1.32519				2
2025.04.24	00:58:19.840	1.32518				2
2025.04.24	00:58:20.763	1.32516				2
2025.04.24	00:58:21.073	1.32518				2
2025.04.24	00:58:21.381	1.32516				2
2025.04.24	00:58:23.528	1.32517				2
2025.04.24	00:58:40.419	1.32516				2
2025.04.24	00:58:41.037	1.32515				2
2025.04.24	00:58:42.265	1.32518				2
2025.04.24	00:58:53.319	1.32514				2
2025.04.24	00:58:54.241	1.32516				2
2025.04.24	00:59:00.078	1.32516				2
2025.04.24	00:59:03.456	1.32515				2
2025.04.24	00:59:04.988	1.32518				2
2025.04.24	00:59:06.530	1.32519				2
2025.04.24	00:59:08.063	1.32518				2
2025.04.24	00:59:08.676	1.32514	1.32660			6
2025.04.24	00:59:08.991	1.32519				2
2025.04.24	00:59:09.301	1.32520				2
2025.04.24	00:59:11.133	1.32518				2
2025.04.24	00:59:12.058	1.32517				2
2025.04.24	00:59:12.978	1.32520				2
2025.04.24	00:59:13.287	1.32517				2
2025.04.24	00:59:14.204	1.32516				2
2025.04.24	00:59:16.353	1.32514				2
2025.04.24	00:59:16.969	1.32515				2
2025.04.24	00:59:17.890	1.32516				2
2025.04.24	00:59:18.505	1.32517				2
2025.04.24	00:59:18.812	1.32518				2
2025.04.24	00:59:20.350	1.32519				2
2025.04.24	00:59:21.268	1.32520				2
2025.04.24	00:59:22.189	1.32521				2
2025.04.24	00:59:23.113	1.32519				2
2025.04.24	00:59:23.419	1.32520				2
2025.04.24	00:59:23.728	1.32527				2
2025.04.24	00:59:24.342	1.32520				2
2025.04.24	00:59:24.651	1.32523				2
2025.04.24	00:59:26.186	1.32519				2
2025.04.24	00:59:26.497	1.32521				2
2025.04.24	00:59:28.950	1.32519				2
2025.04.24	00:59:29.254	1.32522				2
2025.04.24	00:59:31.102	1.32523				2
2025.04.24	00:59:34.799	1.32518	1.32667			6
2025.04.24	00:59:35.100	1.32520				2
2025.04.24	00:59:40.334	1.32506	1.32666			6
2025.04.24	00:59:40.643	1.32508	1.32667			6
2025.04.24	00:59:41.568	1.32507				2
2025.04.24	00:59:44.023	1.32609	1.32700			6
2025.04.24	00:59:52.265	1.32593				2
2025.04.24	00:59:58.082	1.32541	1.32685			6
2025.04.24	00:59:58.388	1.32536	1.32686			6
2025.04.24	00:59:59.310		1.32684			4
2025.04.24	01:00:00.231	1.32561	1.32671			6
2025.04.24	01:00:00.534	1.32550	1.32660			6
2025.04.24	01:00:00.843	1.32538	1.32648			6
2025.04.24	01:00:01.156	1.32540	1.32650			6
2025.04.24	01:00:01.461	1.32556	1.32666			6
2025.04.24	01:00:01.767	1.32564	1.32674			6
2025.04.24	01:00:02.070	1.32558	1.32668			6
2025.04.24	01:00:02.387	1.32554	1.32664			6
2025.04.24	01:00:02.697	1.32555	1.32665			6
2025.04.24	01:00:03.006	1.32557	1.32667			6
2025.04.24	01:00:03.308	1.32555	1.32665			6
2025.04.24	01:00:03.613	1.32558	1.32668			6
2025.04.24	01:00:04.228	1.32565	1.32675			6
2025.04.24	01:00:04.535	1.32560	1.32670			6
2025.04.24	01:00:04.850		1.32589			4
2025.04.24	01:00:05.151		1.32584			4
2025.04.24	01:00:05.457	1.32561				2
2025.04.24	01:00:05.770	1.32562				2
2025.04.24	01:00:06.386	1.32558				2
2025.04.24	01:00:06.697	1.32548	1.32587			6
2025.04.24	01:00:07.315	1.32544				2
2025.04.24	01:00:07.622	1.32548				2
2025.04.24	01:00:08.240	1.32550				2
2025.04.24	01:00:08.545	1.32548				2
2025.04.24	01:00:09.157	1.32551				2
2025.04.24	01:00:09.464	1.32554				2
2025.04.24	01:00:10.076	1.32546				2
2025.04.24	01:00:10.383	1.32541				2
2025.04.24	01:00:10.687	1.32545				2
2025.04.24	01:00:10.997	1.32546				2
2025.04.24	01:00:11.302		1.32584			4
2025.04.24	01:00:11.607	1.32547	1.32589			6
2025.04.24	01:00:11.909	1.32548	1.32587			6
2025.04.24	01:00:12.224	1.32550	1.32660			6
2025.04.24	01:00:12.530	1.32551	1.32661			6
2025.04.24	01:00:12.838	1.32548	1.32658			6
2025.04.24	01:00:13.764	1.32547	1.32657			6
2025.04.24	01:00:14.372	1.32544	1.32654			6
2025.04.24	01:00:14.989	1.32540	1.32650			6
2025.04.24	01:00:15.296	1.32542	1.32652			6
2025.04.24	01:00:15.603		1.32589			4
2025.04.24	01:00:16.213	1.32546	1.32631			6
2025.04.24	01:00:16.516	1.32543				2
2025.04.24	01:00:17.133	1.32546	1.32639			6
2025.04.24	01:00:17.443	1.32544				2
2025.04.24	01:00:17.746	1.32545				2
2025.04.24	01:00:18.050	1.32543	1.32592			6
2025.04.24	01:00:18.359	1.32542				2
2025.04.24	01:00:18.977	1.32544				2
2025.04.24	01:00:19.279	1.32542	1.32652			6
2025.04.24	01:00:20.815	1.32540	1.32589			6
2025.04.24	01:00:21.124	1.32538	1.32633			6
2025.04.24	01:00:21.427		1.32626			4
2025.04.24	01:00:21.734	1.32534				2
2025.04.24	01:00:22.360	1.32535	1.32625			6
2025.04.24	01:00:22.665	1.32536				2
2025.04.24	01:00:23.273	1.32534				2
2025.04.24	01:00:23.581	1.32535				2
2025.04.24	01:00:23.894		1.32626			4
2025.04.24	01:00:24.195	1.32534				2
2025.04.24	01:00:24.503	1.32536				2
2025.04.24	01:00:25.426		1.32629			4
2025.04.24	01:00:25.731	1.32537	1.32624			6
2025.04.24	01:00:26.352	1.32534	1.32625			6
2025.04.24	01:00:27.268	1.32533				2
2025.04.24	01:00:28.179	1.32531				2
2025.04.24	01:00:28.482	1.32536				2
2025.04.24	01:00:28.785	1.32537				2
2025.04.24	01:00:29.092	1.32540	1.32624			6
2025.04.24	01:00:29.401	1.32538	1.32633			6
2025.04.24	01:00:29.711	1.32539				2
2025.04.24	01:00:30.013	1.32538	1.32632			6
2025.04.24	01:00:30.319	1.32539				2
2025.04.24	01:00:30.620	1.32538	1.32637			6
2025.04.24	01:00:30.922	1.32536	1.32631			6
2025.04.24	01:00:31.226	1.32538	1.32625			6
2025.04.24	01:00:31.834	1.32537	1.32624			6
2025.04.24	01:00:32.440	1.32535				2
2025.04.24	01:00:33.353	1.32537				2
2025.04.24	01:00:33.661	1.32536				2
2025.04.24	01:00:34.278	1.32540				2
2025.04.24	01:00:35.193		1.32626			4
2025.04.24	01:00:35.803		1.32623			4
2025.04.24	01:00:36.112		1.32619			4
2025.04.24	01:00:37.028	1.32526	1.32614			6
2025.04.24	01:00:37.332	1.32528	1.32618			6
2025.04.24	01:00:39.151		1.32617			4
2025.04.24	01:00:39.453	1.32535	1.32622			6
2025.04.24	01:00:39.758		1.32624			4
2025.04.24	01:00:40.061	1.32533	1.32620			6
2025.04.24	01:00:40.363	1.32535	1.32618			6
2025.04.24	01:00:40.673	1.32536	1.32615			6
2025.04.24	01:00:40.974	1.32538	1.32617			6
2025.04.24	01:00:41.590	1.32539				2
2025.04.24	01:00:41.895	1.32540	1.32618			6
2025.04.24	01:00:42.202		1.32619			4
2025.04.24	01:00:42.509		1.32618			4
2025.04.24	01:00:43.115		1.32616			4
2025.04.24	01:00:43.419		1.32618			4
2025.04.24	01:00:44.028		1.32619			4
2025.04.24	01:00:44.343	1.32541	1.32618			6
2025.04.24	01:00:45.253	1.32543	1.32619			6
2025.04.24	01:00:45.862		1.32620			4
2025.04.24	01:00:46.172		1.32604			4
2025.04.24	01:00:46.477		1.32616			4
2025.04.24	01:00:46.778		1.32619			4
2025.04.24	01:00:47.085	1.32544				2
2025.04.24	01:00:47.387	1.32542	1.32618			6
2025.04.24	01:00:47.692	1.32541	1.32616			6
2025.04.24	01:00:47.993	1.32540	1.32617			6
2025.04.24	01:00:48.293	1.32539	1.32612			6
2025.04.24	01:00:48.601	1.32541	1.32616			6
2025.04.24	01:00:48.906	1.32542				2
2025.04.24	01:00:49.207	1.32541				2
2025.04.24	01:00:49.510	1.32542				2
2025.04.24	01:00:49.813	1.32543				2
2025.04.24	01:00:50.119	1.32540				2
2025.04.24	01:00:50.433	1.32538	1.32613			6
2025.04.24	01:00:50.741	1.32541	1.32614			6
2025.04.24	01:00:51.048		1.32616			4
2025.04.24	01:00:51.352		1.32615			4
2025.04.24	01:00:51.657		1.32616			4
2025.04.24	01:00:52.263	1.32540	1.32614			6
2025.04.24	01:00:52.568		1.32615			4
2025.04.24	01:00:53.489	1.32538	1.32614			6
2025.04.24	01:00:54.403	1.32537	1.32611			6
2025.04.24	01:00:54.707	1.32540	1.32614			6
2025.04.24	01:00:55.313	1.32537	1.32616			6
2025.04.24	01:00:55.618	1.32538	1.32611			6
2025.04.24	01:00:56.224	1.32539				2
2025.04.24	01:00:56.529	1.32546	1.32616			6
2025.04.24	01:00:56.833		1.32615			4
2025.04.24	01:00:57.135	1.32545	1.32616			6
2025.04.24	01:00:57.437	1.32540	1.32576			6
2025.04.24	01:00:58.347		1.32609			4
2025.04.24	01:00:58.651	1.32544	1.32612			6
2025.04.24	01:00:59.258	1.32543	1.32615			6
2025.04.24	01:00:59.568	1.32542	1.32613			6
2025.04.24	01:00:59.879		1.32612			4
2025.04.24	01:01:00.186	1.32543	1.32605			6
2025.04.24	01:01:00.487	1.32544				2
2025.04.24	01:01:01.095	1.32541				2
2025.04.24	01:01:01.399	1.32540				2
2025.04.24	01:01:02.007	1.32539	1.32604			6
2025.04.24	01:01:02.309	1.32538	1.32605			6
2025.04.24	01:01:02.612	1.32537				2
2025.04.24	01:01:02.916	1.32542	1.32618			6
2025.04.24	01:01:03.218	1.32543	1.32619			6
2025.04.24	01:01:03.521	1.32542	1.32606			6
2025.04.24	01:01:03.822	1.32543				2
2025.04.24	01:01:04.137	1.32545				2
2025.04.24	01:01:04.442	1.32547				2
2025.04.24	01:01:04.755	1.32545	1.32582			6
2025.04.24	01:01:05.060	1.32544	1.32606			6
2025.04.24	01:01:05.366	1.32543				2
2025.04.24	01:01:06.592	1.32551	1.32616			6
2025.04.24	01:01:07.201	1.32547	1.32606			6
2025.04.24	01:01:07.505	1.32546	1.32612			6
2025.04.24	01:01:07.810		1.32616			4
2025.04.24	01:01:08.426	1.32548	1.32623			6
2025.04.24	01:01:08.730	1.32546				2
2025.04.24	01:01:09.041		1.32625			4
2025.04.24	01:01:09.346	1.32545	1.32627			6
2025.04.24	01:01:10.266	1.32544	1.32617			6
2025.04.24	01:01:10.569	1.32542	1.32606			6
2025.04.24	01:01:11.188	1.32539				2
2025.04.24	01:01:13.623	1.32542				2
2025.04.24	01:01:13.931	1.32541				2
2025.04.24	01:01:14.236	1.32539				2
2025.04.24	01:01:15.454	1.32540				2
2025.04.24	01:01:16.664	1.32544				2
2025.04.24	01:01:17.270	1.32541				2
2025.04.24	01:01:18.184	1.32543				2
2025.04.24	01:01:18.486	1.32547				2
2025.04.24	01:01:19.411	1.32551				2
2025.04.24	01:01:20.018	1.32552				2
2025.04.24	01:01:20.324	1.32550				2
2025.04.24	01:01:20.628	1.32542	1.32605			6
2025.04.24	01:01:20.934	1.32544	1.32606			6
2025.04.24	01:01:21.235	1.32548				2
2025.04.24	01:01:21.549	1.32549				2
2025.04.24	01:01:21.856	1.32548				2
2025.04.24	01:01:22.471	1.32550				2
2025.04.24	01:01:22.773	1.32549				2
2025.04.24	01:01:23.683	1.32553				2
2025.04.24	01:01:24.594	1.32552				2
2025.04.24	01:01:24.898	1.32553				2
2025.04.24	01:01:27.343	1.32552				2
2025.04.24	01:01:28.575	1.32553				2
2025.04.24	01:01:29.185	1.32552				2
2025.04.24	01:01:29.486	1.32553				2
2025.04.24	01:01:30.105	1.32552				2
2025.04.24	01:01:31.935	1.32550				2
2025.04.24	01:01:32.238	1.32553				2
2025.04.24	01:01:32.541	1.32554				2
2025.04.24	01:01:32.846	1.32553				2
2025.04.24	01:01:33.149	1.32554				2
2025.04.24	01:01:33.755	1.32553				2
2025.04.24	01:01:34.679	1.32552	1.32605			6
2025.04.24	01:01:34.987	1.32546				2
2025.04.24	01:01:35.290	1.32550	1.32606			6
2025.04.24	01:01:35.906	1.32551				2
2025.04.24	01:01:36.218	1.32552				2
2025.04.24	01:01:36.523	1.32553				2
2025.04.24	01:01:36.825	1.32552				2
2025.04.24	01:01:37.130	1.32554				2
2025.04.24	01:01:38.039	1.32553				2
2025.04.24	01:01:38.646	1.32546				2
2025.04.24	01:01:38.947	1.32547				2
2025.04.24	01:01:39.250	1.32546				2
2025.04.24	01:01:39.556	1.32548				2
2025.04.24	01:01:40.164	1.32549				2
2025.04.24	01:01:40.477	1.32545	1.32597			6
2025.04.24	01:01:40.782		1.32606			4
2025.04.24	01:01:41.398	1.32544				2
2025.04.24	01:01:41.705	1.32548				2
2025.04.24	01:01:42.321	1.32547				2
2025.04.24	01:01:42.623	1.32544				2
2025.04.24	01:01:42.924	1.32547				2
2025.04.24	01:01:43.537	1.32548				2
2025.04.24	01:01:46.895	1.32547				2
2025.04.24	01:01:48.409	1.32548				2
2025.04.24	01:01:49.021	1.32547				2
2025.04.24	01:01:49.323	1.32545				2
2025.04.24	01:01:49.629	1.32546				2
2025.04.24	01:01:50.539	1.32547				2
2025.04.24	01:01:51.459	1.32548				2
2025.04.24	01:01:51.771	1.32546				2
2025.04.24	01:01:52.074	1.32547				2
2025.04.24	01:01:52.377	1.32548				2
2025.04.24	01:01:52.982	1.32533				2
2025.04.24	01:01:53.288	1.32545				2
2025.04.24	01:01:53.590	1.32547				2
2025.04.24	01:01:53.892	1.32548	1.32602			6
2025.04.24	01:01:54.196	1.32545	1.32606			6
2025.04.24	01:01:54.499	1.32546				2
2025.04.24	01:01:54.803	1.32535	1.32562			6
2025.04.24	01:01:55.108	1.32537	1.32561			6
2025.04.24	01:01:55.409	1.32555				2
2025.04.24	01:01:58.445	1.32538	1.32562			6
2025.04.24	01:01:59.355		1.32563			4
2025.04.24	01:02:00.272	1.32538				2
2025.04.24	01:02:01.193	1.32539				2
2025.04.24	01:02:02.111	1.32538				2
2025.04.24	01:02:04.554		1.32562			4
2025.04.24	01:02:05.163		1.32563			4
2025.04.24	01:02:05.474		1.32562			4
2025.04.24	01:02:05.775	1.32539				2
2025.04.24	01:02:06.077		1.32560			4
2025.04.24	01:02:06.993	1.32538	1.32561			6
2025.04.24	01:02:07.606	1.32539				2
2025.04.24	01:02:08.217	1.32538				2
2025.04.24	01:02:08.525	1.32540	1.32563			6
2025.04.24	01:02:08.831	1.32559				2
2025.04.24	01:02:09.141	1.32560				2
2025.04.24	01:02:11.292		1.32562			4
2025.04.24	01:02:11.902	1.32559				2
2025.04.24	01:02:12.206	1.32555	1.32560			6
2025.04.24	01:02:13.745	1.32558	1.32563			6
2025.04.24	01:02:14.350	1.32557	1.32562			6
2025.04.24	01:02:15.274	1.32558	1.32563			6
2025.04.24	01:02:16.193	1.32557	1.32562			6
2025.04.24	01:02:16.498	1.32558	1.32563			6
2025.04.24	01:02:18.354	1.32559				2
2025.04.24	01:02:19.588	1.32558				2
2025.04.24	01:02:19.894	1.32559				2
2025.04.24	01:02:23.596	1.32560				2
2025.04.24	01:02:23.897	1.32555	1.32560			6
2025.04.24	01:02:24.201	1.32554	1.32559			6
2025.04.24	01:02:25.125	1.32555	1.32560			6
2025.04.24	01:02:26.346	1.32554	1.32559			6
2025.04.24	01:02:28.469	1.32558	1.32563			6
2025.04.24	01:02:29.383	1.32555	1.32560			6
2025.04.24	01:02:29.686	1.32554	1.32559			6
2025.04.24	01:02:30.293	1.32557	1.32562			6
2025.04.24	01:02:31.207	1.32556	1.32561			6
2025.04.24	01:02:36.702	1.32557	1.32562			6
2025.04.24	01:02:38.542	1.32558	1.32563			6
2025.04.24	01:02:41.893	1.32557	1.32562			6
2025.04.24	01:02:43.418	1.32555	1.32560			6
2025.04.24	01:02:45.238	1.32561	1.32566			6
2025.04.24	01:02:46.147	1.32558	1.32563			6
2025.04.24	01:02:46.450	1.32559	1.32564			6
2025.04.24	01:02:48.270	1.32561	1.32566			6
2025.04.24	01:02:48.573	1.32564	1.32569			6
2025.04.24	01:02:53.146	1.32570	1.32575			6
2025.04.24	01:02:53.452	1.32571	1.32576			6
2025.04.24	01:02:53.753		1.32605			4
2025.04.24	01:02:54.056	1.32572				2
2025.04.24	01:02:54.359		1.32604			4
2025.04.24	01:02:56.203		1.32603			4
2025.04.24	01:02:57.115		1.32602			4
2025.04.24	01:02:57.420	1.32580	1.32585			6
2025.04.24	01:02:57.723	1.32573	1.32602			6
2025.04.24	01:02:58.044	1.32571				2
2025.04.24	01:02:58.956	1.32580	1.32585			6
2025.04.24	01:03:00.173	1.32571	1.32602			6
2025.04.24	01:03:00.482	1.32583	1.32588			6
2025.04.24	01:03:00.787	1.32584	1.32589			6
2025.04.24	01:03:02.306	1.32583	1.32588			6
2025.04.24	01:03:04.459	1.32584	1.32589			6
2025.04.24	01:03:05.380	1.32582	1.32587			6
2025.04.24	01:03:06.901	1.32583	1.32588			6
2025.04.24	01:03:14.200	1.32584				2
2025.04.24	01:03:26.154	1.32586	1.32590			6
2025.04.24	01:03:28.903	1.32590	1.32594			6
2025.04.24	01:03:29.214	1.32589	1.32593			6
2025.04.24	01:03:29.521	1.32590	1.32594			6
2025.04.24	01:03:29.825	1.32589	1.32593			6
2025.04.24	01:03:30.130	1.32588	1.32592			6
2025.04.24	01:03:30.749	1.32589	1.32593			6
2025.04.24	01:03:31.363	1.32588	1.32592			6
2025.04.24	01:03:32.301	1.32589	1.32593			6
2025.04.24	01:03:36.869	1.32588	1.32592			6
2025.04.24	01:03:37.487	1.32587	1.32591			6
2025.04.24	01:03:38.708	1.32588	1.32592			6
2025.04.24	01:03:41.150	1.32589	1.32593			6
2025.04.24	01:03:42.368	1.32590	1.32594			6
2025.04.24	01:03:44.194	1.32588	1.32592			6
2025.04.24	01:03:44.498	1.32587	1.32591			6
2025.04.24	01:03:45.106	1.32590	1.32594			6
2025.04.24	01:03:48.139	1.32588	1.32592			6
2025.04.24	01:03:48.446	1.32589	1.32593			6
2025.04.24	01:03:49.055	1.32592	1.32596			6
2025.04.24	01:03:49.362	1.32591	1.32595			6
2025.04.24	01:03:49.669	1.32590	1.32594			6
2025.04.24	01:03:50.888	1.32592	1.32596			6
2025.04.24	01:03:51.191	1.32591	1.32595			6
2025.04.24	01:03:51.798	1.32592	1.32596			6
2025.04.24	01:03:52.406	1.32591	1.32595			6
2025.04.24	01:03:52.708	1.32593	1.32597			6
2025.04.24	01:03:53.315	1.32592	1.32596			6
2025.04.24	01:03:53.617	1.32591	1.32595			6
2025.04.24	01:03:54.525	1.32592	1.32596			6
2025.04.24	01:03:54.828	1.32590	1.32594			6
2025.04.24	01:03:55.132	1.32589	1.32593			6
2025.04.24	01:03:55.437	1.32590	1.32594			6
2025.04.24	01:03:56.349	1.32589	1.32593			6
2025.04.24	01:03:56.653	1.32591	1.32595			6
2025.04.24	01:03:56.955	1.32590	1.32594			6
2025.04.24	01:03:57.559	1.32589	1.32593			6
2025.04.24	01:03:57.864	1.32590	1.32594			6
2025.04.24	01:03:58.474	1.32591	1.32595			6
2025.04.24	01:03:58.776	1.32595	1.32599			6
2025.04.24	01:03:59.077	1.32594	1.32598			6
2025.04.24	01:04:00.292	1.32595	1.32599			6
2025.04.24	01:04:01.205	1.32594	1.32598			6
2025.04.24	01:04:02.133	1.32593	1.32597			6
2025.04.24	01:04:03.656	1.32592	1.32596			6
2025.04.24	01:04:04.583	1.32593	1.32597			6
2025.04.24	01:04:05.199	1.32592	1.32596			6
2025.04.24	01:04:05.505	1.32593	1.32597			6
2025.04.24	01:04:05.812	1.32594	1.32598			6
2025.04.24	01:04:06.122	1.32593	1.32597			6
2025.04.24	01:04:07.338	1.32594	1.32598			6
2025.04.24	01:04:07.943	1.32593	1.32597			6
2025.04.24	01:04:08.858	1.32592	1.32596			6
2025.04.24	01:04:09.471	1.32594	1.32598			6
2025.04.24	01:04:10.389	1.32595	1.32599			6
2025.04.24	01:04:11.603	1.32594	1.32598			6
2025.04.24	01:04:13.422	1.32593	1.32597			6
2025.04.24	01:04:15.255	1.32594	1.32598			6
2025.04.24	01:04:16.172	1.32596	1.32600			6
2025.04.24	01:04:16.476	1.32597	1.32601			6
2025.04.24	01:04:17.385	1.32601	1.32605			6
2025.04.24	01:04:19.508	1.32600	1.32604			6
2025.04.24	01:04:21.328	1.32599	1.32603			6
2025.04.24	01:04:21.938	1.32601	1.32605			6
2025.04.24	01:04:22.241	1.32602	1.32606			6
2025.04.24	01:04:22.543	1.32603	1.32607			6
2025.04.24	01:04:23.152	1.32604	1.32608			6
2025.04.24	01:04:26.203	1.32603	1.32607			6
2025.04.24	01:04:26.508	1.32605	1.32609			6
2025.04.24	01:04:27.114	1.32606	1.32610			6
2025.04.24	01:04:27.717	1.32608	1.32612			6
2025.04.24	01:04:28.323	1.32607	1.32611			6
2025.04.24	01:04:31.065	1.32608	1.32612			6
2025.04.24	01:04:31.366	1.32609	1.32613			6
2025.04.24	01:04:33.196	1.32610	1.32614			6
2025.04.24	01:04:34.723	1.32611	1.32615			6
2025.04.24	01:04:35.942	1.32610	1.32614			6
2025.04.24	01:04:36.853	1.32611	1.32615			6
2025.04.24	01:04:37.155	1.32610	1.32614			6
2025.04.24	01:04:37.459	1.32611	1.32615			6
2025.04.24	01:04:39.278	1.32610	1.32614			6
2025.04.24	01:04:39.579	1.32611	1.32615			6
2025.04.24	01:04:43.248	1.32612	1.32616			6
2025.04.24	01:04:44.153	1.32611	1.32615			6
2025.04.24	01:04:44.764	1.32612	1.32616			6
2025.04.24	01:04:45.381	1.32613	1.32617			6
2025.04.24	01:04:45.687	1.32612	1.32616			6
2025.04.24	01:04:45.998	1.32611	1.32615			6
2025.04.24	01:04:48.134	1.32610	1.32614			6
2025.04.24	01:04:48.437	1.32611	1.32615			6
2025.04.24	01:04:49.661	1.32612	1.32616			6
2025.04.24	01:04:50.588	1.32611	1.32615			6
2025.04.24	01:04:51.199	1.32612	1.32616			6
2025.04.24	01:04:53.968	1.32613	1.32617			6
2025.04.24	01:04:55.190	1.32612	1.32616			6
2025.04.24	01:04:56.415	1.32613	1.32617			6
2025.04.24	01:04:57.324	1.32612	1.32616			6
2025.04.24	01:04:58.245	1.32611	1.32615			6
2025.04.24	01:04:59.160	1.32614	1.32618			6
2025.04.24	01:05:00.074	1.32613	1.32617			6
2025.04.24	01:05:00.375	1.32612	1.32616			6
2025.04.24	01:05:00.679	1.32613	1.32617			6
2025.04.24	01:05:01.593	1.32615	1.32619			6
2025.04.24	01:05:05.262	1.32613	1.32617			6
2025.04.24	01:05:05.573	1.32614	1.32618			6
2025.04.24	01:05:08.629	1.32615	1.32619			6
2025.04.24	01:05:10.160	1.32616	1.32620			6
2025.04.24	01:05:11.377	1.32615	1.32619			6
2025.04.24	01:05:12.606	1.32616	1.32620			6
2025.04.24	01:05:15.052	1.32615	1.32619			6
2025.04.24	01:05:17.502	1.32616	1.32620			6
2025.04.24	01:05:26.346	1.32615	1.32619			6
2025.04.24	01:05:26.648	1.32616	1.32620			6
2025.04.24	01:05:27.558	1.32618	1.32622			6
2025.04.24	01:05:28.469	1.32616	1.32620			6
2025.04.24	01:05:28.774	1.32615	1.32619			6
2025.04.24	01:05:30.594	1.32616	1.32620			6
2025.04.24	01:05:32.422	1.32615	1.32619			6
2025.04.24	01:05:35.791	1.32617	1.32621			6
2025.04.24	01:05:36.397	1.32616	1.32620			6
2025.04.24	01:05:37.307	1.32615	1.32619			6
2025.04.24	01:05:38.226	1.32616	1.32620			6
2025.04.24	01:05:40.370	1.32615	1.32619			6
2025.04.24	01:05:40.981	1.32616	1.32620			6
2025.04.24	01:05:41.283	1.32615	1.32619			6
2025.04.24	01:05:41.593	1.32616	1.32620			6
2025.04.24	01:05:47.402	1.32615	1.32619			6
2025.04.24	01:05:48.326	1.32616	1.32620			6
2025.04.24	01:05:48.636	1.32617	1.32621			6
2025.04.24	01:05:49.257	1.32616	1.32620			6
2025.04.24	01:05:52.033	1.32617	1.32621			6
2025.04.24	01:06:00.285	1.32617				2
2025.04.24	01:06:04.850	1.32618	1.32622			6
2025.04.24	01:06:05.460	1.32617	1.32621			6
2025.04.24	01:06:09.406	1.32618	1.32622			6
2025.04.24	01:06:09.711	1.32617	1.32621			6
2025.04.24	01:06:12.139	1.32618	1.32622			6
2025.04.24	01:06:15.474	1.32619	1.32623			6
2025.04.24	01:06:20.348	1.32617	1.32621			6
2025.04.24	01:06:20.957	1.32618	1.32622			6
2025.04.24	01:06:21.259	1.32617	1.32621			6
2025.04.24	01:06:23.080	1.32618	1.32622			6
2025.04.24	01:06:25.215	1.32619	1.32623			6
2025.04.24	01:06:29.790	1.32620	1.32624			6
2025.04.24	01:06:31.011	1.32619	1.32623			6
2025.04.24	01:06:32.238	1.32620	1.32624			6
2025.04.24	01:06:34.988	1.32619	1.32623			6
2025.04.24	01:06:37.742	1.32620	1.32624			6
2025.04.24	01:06:39.275	1.32619	1.32623			6
2025.04.24	01:06:40.795	1.32621	1.32625			6
2025.04.24	01:06:42.019	1.32620	1.32624			6
2025.04.24	01:06:42.326	1.32621	1.32625			6
2025.04.24	01:06:45.076	1.32626	1.32630			6
2025.04.24	01:06:45.379	1.32625	1.32629			6
2025.04.24	01:06:46.603	1.32626	1.32630			6
2025.04.24	01:06:49.387	1.32627	1.32631			6
2025.04.24	01:06:49.997	1.32642	1.32646			6
2025.04.24	01:06:50.306	1.32643	1.32647			6
2025.04.24	01:06:50.613	1.32644	1.32648			6
2025.04.24	01:06:51.236		1.32650			4
2025.04.24	01:06:51.538	1.32645	1.32651			6
2025.04.24	01:06:53.395		1.32650			4
2025.04.24	01:06:55.868	1.32646	1.32651			6
2025.04.24	01:06:57.103	1.32647	1.32652			6
2025.04.24	01:06:58.033	1.32646	1.32651			6
2025.04.24	01:07:00.196	1.32646				2
2025.04.24	01:07:02.053	1.32644	1.32649			6
2025.04.24	01:07:02.361	1.32647	1.32652			6
2025.04.24	01:07:02.680	1.32646	1.32651			6
2025.04.24	01:07:02.981	1.32647	1.32652			6
2025.04.24	01:07:03.284	1.32645	1.32650			6
2025.04.24	01:07:03.599	1.32648	1.32653			6
2025.04.24	01:07:03.918	1.32649	1.32654			6
2025.04.24	01:07:04.843	1.32652	1.32657			6
2025.04.24	01:07:05.147	1.32651	1.32656			6
2025.04.24	01:07:10.101	1.32652	1.32657			6
2025.04.24	01:07:19.658	1.32653	1.32658			6
2025.04.24	01:07:22.111	1.32652	1.32657			6
2025.04.24	01:07:22.724	1.32653	1.32658			6
2025.04.24	01:07:24.257	1.32654	1.32659			6
2025.04.24	01:07:25.498	1.32655	1.32660			6
2025.04.24	01:07:26.727	1.32659	1.32664			6
2025.04.24	01:07:27.954	1.32658	1.32663			6
2025.04.24	01:07:29.186	1.32659	1.32664			6
2025.04.24	01:07:29.493	1.32664	1.32669			6
2025.04.24	01:07:29.798	1.32666	1.32671			6
2025.04.24	01:07:31.355	1.32667	1.32672			6
2025.04.24	01:07:36.589	1.32666	1.32671			6
2025.04.24	01:07:38.142	1.32667	1.32672			6
2025.04.24	01:07:41.600	1.32671	1.32676			6
2025.04.24	01:07:42.516	1.32668	1.32673			6
2025.04.24	01:07:43.136	1.32669	1.32674			6
2025.04.24	01:07:43.441	1.32673	1.32678			6
2025.04.24	01:07:43.747	1.32676	1.32681			6
2025.04.24	01:07:45.599	1.32675	1.32680			6
2025.04.24	01:07:46.212	1.32676	1.32681			6
2025.04.24	01:07:46.529	1.32675	1.32680			6
2025.04.24	01:07:46.837	1.32677	1.32682			6
2025.04.24	01:07:48.390	1.32678	1.32683			6
2025.04.24	01:07:48.999	1.32679	1.32684			6
2025.04.24	01:07:49.307	1.32678	1.32683			6
2025.04.24	01:07:49.616	1.32676	1.32681			6
2025.04.24	01:07:49.926	1.32678	1.32683			6
2025.04.24	01:07:50.536	1.32682	1.32704			6
2025.04.24	01:07:50.846	1.32678	1.32702			6
2025.04.24	01:07:51.158		1.32700			4
2025.04.24	01:07:51.465	1.32677				2
2025.04.24	01:07:52.075	1.32678				2
2025.04.24	01:07:52.691	1.32681	1.32686			6
2025.04.24	01:07:54.215	1.32680	1.32685			6
2025.04.24	01:07:54.822	1.32682	1.32687			6
2025.04.24	01:07:55.744	1.32681	1.32686			6
2025.04.24	01:07:56.976	1.32682	1.32687			6
2025.04.24	01:07:58.196	1.32701	1.32704			6
2025.04.24	01:07:58.502	1.32702	1.32725			6
2025.04.24	01:07:58.814	1.32704				2
2025.04.24	01:07:59.121	1.32702				2
2025.04.24	01:08:00.053	1.32702				2
2025.04.24	01:08:01.287	1.32718	1.32739			6
2025.04.24	01:08:03.457	1.32713	1.32720			6
2025.04.24	01:08:03.761	1.32706	1.32728			6
2025.04.24	01:08:06.541	1.32707				2
2025.04.24	01:08:06.844	1.32721	1.32724			6
2025.04.24	01:08:07.147	1.32725	1.32732			6
2025.04.24	01:08:07.460	1.32722	1.32742			6
2025.04.24	01:08:07.767	1.32725	1.32732			6
2025.04.24	01:08:08.068	1.32734	1.32739			6
2025.04.24	01:08:08.372	1.32736	1.32743			6
2025.04.24	01:08:08.677	1.32733	1.32754			6
2025.04.24	01:08:08.982	1.32722	1.32724			6
2025.04.24	01:08:09.290		1.32733			4
2025.04.24	01:08:09.595	1.32721				2
2025.04.24	01:08:09.899	1.32717	1.32719			6
2025.04.24	01:08:10.209	1.32715				2
2025.04.24	01:08:10.515	1.32711	1.32718			6
2025.04.24	01:08:17.257		1.32715			4
2025.04.24	01:08:17.558		1.32728			4
2025.04.24	01:08:20.638		1.32715			4
2025.04.24	01:08:21.562		1.32728			4
2025.04.24	01:08:24.625		1.32717			4
2025.04.24	01:08:25.848		1.32718			4
2025.04.24	01:08:26.155	1.32712				2
2025.04.24	01:08:26.463	1.32711	1.32717			6
2025.04.24	01:08:27.077	1.32719	1.32720			6
2025.04.24	01:08:27.385	1.32720	1.32731			6
2025.04.24	01:08:27.691		1.32721			4
2025.04.24	01:08:28.913		1.32722			4
2025.04.24	01:08:29.524	1.32721	1.32723			6
2025.04.24	01:08:29.828		1.32724			4
2025.04.24	01:08:30.441		1.32737			4
2025.04.24	01:08:33.526		1.32728			4
2025.04.24	01:08:34.443		1.32727			4
2025.04.24	01:08:35.049		1.32739			4
2025.04.24	01:08:35.672		1.32726			4
2025.04.24	01:08:36.278		1.32728			4
2025.04.24	01:08:36.586	1.32723	1.32730			6
2025.04.24	01:08:36.894	1.32724	1.32731			6
2025.04.24	01:08:38.709	1.32723	1.32730			6
2025.04.24	01:08:39.017	1.32725	1.32732			6
2025.04.24	01:08:39.321	1.32726	1.32733			6
2025.04.24	01:08:40.240	1.32724	1.32731			6
2025.04.24	01:08:41.773	1.32727	1.32732			6
2025.04.24	01:08:42.077	1.32732	1.32740			6
2025.04.24	01:08:43.923		1.32736			4
2025.04.24	01:08:46.371		1.32735			4
2025.04.24	01:08:47.589		1.32736			4
2025.04.24	01:08:47.897		1.32735			4
2025.04.24	01:08:48.819		1.32736			4
2025.04.24	01:08:50.048		1.32738			4
2025.04.24	01:08:50.348		1.32737			4
2025.04.24	01:08:53.099		1.32738			4
2025.04.24	01:08:53.401	1.32734	1.32740			6
2025.04.24	01:08:54.618	1.32733	1.32739			6
2025.04.24	01:08:54.930	1.32732	1.32738			6
2025.04.24	01:08:55.239		1.32736			4
2025.04.24	01:08:55.543	1.32734	1.32740			6
2025.04.24	01:08:55.844	1.32733	1.32739			6
2025.04.24	01:08:56.456	1.32731	1.32737			6
2025.04.24	01:08:57.370	1.32732	1.32738			6
2025.04.24	01:08:57.677	1.32731	1.32737			6
2025.04.24	01:08:57.983		1.32735			4
2025.04.24	01:08:58.290		1.32737			4
2025.04.24	01:08:58.905	1.32732	1.32738			6
2025.04.24	01:08:59.210	1.32733	1.32739			6
2025.04.24	01:09:00.119	1.32733				2
2025.04.24	01:09:01.939	1.32734	1.32740			6
2025.04.24	01:09:02.246	1.32733	1.32739			6
2025.04.24	01:09:02.550	1.32734	1.32740			6
2025.04.24	01:09:03.155	1.32735	1.32741			6
2025.04.24	01:09:04.074	1.32733	1.32739			6
2025.04.24	01:09:04.690	1.32734	1.32740			6
2025.04.24	01:09:04.995	1.32735	1.32741			6
2025.04.24	01:09:05.302	1.32733	1.32739			6
2025.04.24	01:09:06.227	1.32735	1.32741			6
2025.04.24	01:09:07.460	1.32732	1.32738			6
2025.04.24	01:09:08.382	1.32734	1.32740			6
2025.04.24	01:09:08.993	1.32735	1.32741			6
2025.04.24	01:09:09.298	1.32734	1.32740			6
2025.04.24	01:09:10.507	1.32737	1.32743			6
2025.04.24	01:09:11.132	1.32736	1.32742			6
2025.04.24	01:09:12.043	1.32731	1.32737			6
2025.04.24	01:09:12.351	1.32730	1.32736			6
2025.04.24	01:09:12.959	1.32732	1.32738			6
2025.04.24	01:09:13.874	1.32728	1.32734			6
2025.04.24	01:09:14.781	1.32729				2
2025.04.24	01:09:16.297	1.32728				2
2025.04.24	01:09:16.914	1.32727	1.32733			6
2025.04.24	01:09:17.528	1.32720	1.32726			6
2025.04.24	01:09:19.651	1.32725	1.32731			6
2025.04.24	01:09:19.956	1.32727	1.32733			6
2025.04.24	01:09:20.875	1.32728	1.32734			6
2025.04.24	01:09:22.099	1.32729	1.32735			6
2025.04.24	01:09:22.403	1.32728	1.32734			6
2025.04.24	01:09:23.013	1.32729	1.32735			6
2025.04.24	01:09:23.623	1.32728	1.32734			6
2025.04.24	01:09:23.928	1.32729	1.32735			6
2025.04.24	01:09:27.274	1.32731	1.32737			6
2025.04.24	01:09:28.189	1.32732	1.32738			6
2025.04.24	01:09:28.809	1.32731	1.32737			6
2025.04.24	01:09:30.948	1.32729	1.32735			6
2025.04.24	01:09:31.254	1.32730	1.32736			6
2025.04.24	01:09:31.867	1.32729	1.32735			6
2025.04.24	01:09:32.179	1.32731	1.32737			6
2025.04.24	01:09:36.445	1.32730	1.32736			6
2025.04.24	01:09:36.747	1.32728	1.32734			6
2025.04.24	01:09:38.285	1.32729	1.32735			6
2025.04.24	01:09:38.589	1.32730	1.32736			6
2025.04.24	01:09:39.192	1.32729	1.32735			6
2025.04.24	01:09:40.103	1.32730				2
2025.04.24	01:09:41.010	1.32728	1.32733			6
2025.04.24	01:09:41.316	1.32733	1.32738			6
2025.04.24	01:09:41.622	1.32734	1.32739			6
2025.04.24	01:09:43.449	1.32735	1.32740			6
2025.04.24	01:09:46.199	1.32736	1.32741			6
2025.04.24	01:09:46.500	1.32735	1.32740			6
2025.04.24	01:09:48.036	1.32736	1.32741			6
2025.04.24	01:09:48.339	1.32737	1.32742			6
2025.04.24	01:09:49.265	1.32736	1.32741			6
2025.04.24	01:09:49.568	1.32735	1.32740			6
2025.04.24	01:09:50.479	1.32736	1.32741			6
2025.04.24	01:09:51.087	1.32737	1.32742			6
2025.04.24	01:09:51.391	1.32731	1.32736			6
2025.04.24	01:09:51.699	1.32732	1.32737			6
2025.04.24	01:09:53.859	1.32728	1.32733			6
2025.04.24	01:09:54.163	1.32726	1.32731			6
2025.04.24	01:09:55.383	1.32713	1.32718			6
2025.04.24	01:09:56.303	1.32712				2
2025.04.24	01:09:56.607	1.32711	1.32717			6
2025.04.24	01:09:57.210	1.32710	1.32716			6
2025.04.24	01:09:58.119	1.32711	1.32717			6
2025.04.24	01:09:58.728	1.32706	1.32712			6
2025.04.24	01:09:59.033	1.32707	1.32713			6
2025.04.24	01:09:59.638	1.32708	1.32714			6
2025.04.24	01:10:00.250	1.32699	1.32705			6
2025.04.24	01:10:01.174	1.32698	1.32704			6
2025.04.24	01:10:04.204	1.32704	1.32708			6
2025.04.24	01:10:04.506	1.32713	1.32719			6
2025.04.24	01:10:04.808	1.32711	1.32717			6
2025.04.24	01:10:05.119	1.32710	1.32716			6
2025.04.24	01:10:05.732	1.32711	1.32717			6
2025.04.24	01:10:06.341	1.32718	1.32724			6
2025.04.24	01:10:06.652	1.32719	1.32725			6
2025.04.24	01:10:07.259	1.32718				2
2025.04.24	01:10:07.560	1.32722	1.32729			6
2025.04.24	01:10:07.867	1.32725	1.32731			6
2025.04.24	01:10:11.870	1.32724	1.32730			6
2025.04.24	01:10:12.176	1.32725	1.32731			6
2025.04.24	01:10:12.791	1.32727	1.32733			6
2025.04.24	01:10:14.927	1.32728	1.32734			6
2025.04.24	01:10:16.139	1.32727	1.32733			6
2025.04.24	01:10:16.440	1.32724	1.32730			6
2025.04.24	01:10:17.365	1.32723	1.32729			6
2025.04.24	01:10:17.671	1.32718	1.32724			6
2025.04.24	01:10:18.581	1.32719	1.32725			6
2025.04.24	01:10:18.883	1.32720	1.32726			6
2025.04.24	01:10:19.190	1.32721	1.32727			6
2025.04.24	01:10:19.491	1.32720	1.32726			6
2025.04.24	01:10:20.109	1.32721	1.32727			6
2025.04.24	01:10:23.470	1.32719	1.32725			6
2025.04.24	01:10:23.775	1.32710	1.32716			6
2025.04.24	01:10:26.504	1.32711	1.32717			6
2025.04.24	01:10:26.807	1.32710	1.32716			6
2025.04.24	01:10:28.319	1.32706	1.32712			6
2025.04.24	01:10:28.925	1.32705	1.32711			6
2025.04.24	01:10:30.448	1.32706	1.32712			6
2025.04.24	01:10:30.756	1.32705	1.32711			6
2025.04.24	01:10:31.366	1.32704	1.32710			6
2025.04.24	01:10:31.675	1.32703	1.32709			6
2025.04.24	01:10:33.516	1.32702	1.32708			6
2025.04.24	01:10:35.357	1.32703	1.32709			6
2025.04.24	01:10:37.199	1.32702	1.32708			6
2025.04.24	01:10:42.115	1.32704	1.32710			6
2025.04.24	01:10:43.959	1.32703	1.32709			6
2025.04.24	01:10:44.889	1.32704	1.32710			6
2025.04.24	01:10:46.422	1.32703	1.32709			6
2025.04.24	01:10:46.731	1.32705	1.32711			6
2025.04.24	01:10:48.890	1.32707	1.32713			6
2025.04.24	01:10:49.197	1.32706	1.32712			6
2025.04.24	01:10:52.284		1.32711			4
2025.04.24	01:10:52.895	1.32708	1.32713			6
2025.04.24	01:10:54.428	1.32711	1.32716			6
2025.04.24	01:10:55.039	1.32712	1.32717			6
2025.04.24	01:10:55.647	1.32709	1.32714			6
2025.04.24	01:10:56.255	1.32710	1.32715			6
2025.04.24	01:10:58.389	1.32708	1.32713			6
2025.04.24	01:11:00.205	1.32708				2
2025.04.24	01:11:01.114	1.32707	1.32712			6
2025.04.24	01:11:01.723	1.32703	1.32708			6
2025.04.24	01:11:02.327	1.32705	1.32710			6
2025.04.24	01:11:02.629	1.32703	1.32708			6
2025.04.24	01:11:02.935	1.32704	1.32709			6
2025.04.24	01:11:03.237	1.32702	1.32707			6
2025.04.24	01:11:03.537	1.32701	1.32706			6
2025.04.24	01:11:04.450	1.32703	1.32708			6
2025.04.24	01:11:05.055	1.32707	1.32712			6
2025.04.24	01:11:05.358	1.32706	1.32711			6
2025.04.24	01:11:06.267	1.32705	1.32710			6
2025.04.24	01:11:08.391	1.32706	1.32711			6
2025.04.24	01:11:09.603	1.32705	1.32710			6
2025.04.24	01:11:09.905	1.32706	1.32711			6
2025.04.24	01:11:11.426	1.32704	1.32709			6
2025.04.24	01:11:11.735	1.32702	1.32707			6
2025.04.24	01:11:12.352	1.32703	1.32708			6
2025.04.24	01:11:13.259	1.32702	1.32707			6
2025.04.24	01:11:14.190	1.32704	1.32709			6
2025.04.24	01:11:14.496	1.32703	1.32708			6
2025.04.24	01:11:15.415	1.32704	1.32709			6
2025.04.24	01:11:17.246	1.32703	1.32708			6
2025.04.24	01:11:21.204	1.32701	1.32706			6
2025.04.24	01:11:22.438	1.32703	1.32708			6
2025.04.24	01:11:23.979	1.32702	1.32707			6
2025.04.24	01:11:25.519	1.32700	1.32705			6
2025.04.24	01:11:26.441	1.32699	1.32704			6
2025.04.24	01:11:28.599	1.32698	1.32703			6
2025.04.24	01:11:28.904	1.32697	1.32702			6
2025.04.24	01:11:29.212	1.32693	1.32698			6
2025.04.24	01:11:29.525	1.32692	1.32697			6
2025.04.24	01:11:30.139	1.32693	1.32698			6
2025.04.24	01:11:32.300	1.32694	1.32699			6
2025.04.24	01:11:35.372	1.32695				2
2025.04.24	01:11:36.593	1.32694	1.32698			6
2025.04.24	01:11:37.199	1.32690	1.32694			6
2025.04.24	01:11:37.503	1.32682	1.32686			6
2025.04.24	01:11:38.108		1.32687			4
2025.04.24	01:11:43.330	1.32684	1.32689			6
2025.04.24	01:11:43.637	1.32686	1.32691			6
2025.04.24	01:11:44.251	1.32684	1.32689			6
2025.04.24	01:11:48.549	1.32685	1.32690			6
2025.04.24	01:11:50.998	1.32691	1.32696			6
2025.04.24	01:11:51.608	1.32692	1.32697			6
2025.04.24	01:11:53.144	1.32693	1.32698			6
2025.04.24	01:11:53.450	1.32692	1.32697			6
2025.04.24	01:11:54.980	1.32689	1.32694			6
2025.04.24	01:11:55.287	1.32687	1.32692			6
2025.04.24	01:11:57.434	1.32688	1.32693			6
2025.04.24	01:11:57.741	1.32686	1.32691			6
2025.04.24	01:11:58.048	1.32687	1.32692			6
2025.04.24	01:11:58.355	1.32686	1.32691			6
2025.04.24	01:12:00.199	1.32686				2
2025.04.24	01:12:01.428	1.32687	1.32692			6
2025.04.24	01:12:03.887	1.32688	1.32693			6
2025.04.24	01:12:04.190	1.32693	1.32698			6
2025.04.24	01:12:05.106	1.32694	1.32699			6
2025.04.24	01:12:05.725	1.32693	1.32698			6
2025.04.24	01:12:06.644	1.32692	1.32697			6
2025.04.24	01:12:07.572	1.32693	1.32698			6
2025.04.24	01:12:09.717	1.32692	1.32697			6
2025.04.24	01:12:12.180		1.32696			4
2025.04.24	01:12:12.483	1.32694	1.32698			6
2025.04.24	01:12:13.401	1.32690	1.32694			6
2025.04.24	01:12:13.708	1.32689	1.32693			6
2025.04.24	01:12:14.326	1.32691	1.32696			6
2025.04.24	01:12:18.323		1.32695			4
2025.04.24	01:12:24.171	1.32697	1.32701			6
2025.04.24	01:12:29.057	1.32692	1.32696			6
2025.04.24	01:12:29.661	1.32696	1.32700			6
2025.04.24	01:12:30.280	1.32695				2
2025.04.24	01:12:30.596	1.32696	1.32701			6
2025.04.24	01:12:32.135	1.32697				2
2025.04.24	01:12:32.440	1.32694	1.32698			6
2025.04.24	01:12:32.743	1.32696	1.32700			6
2025.04.24	01:12:33.968	1.32697	1.32701			6
2025.04.24	01:12:34.270	1.32696	1.32700			6
2025.04.24	01:12:35.182	1.32697	1.32701			6
2025.04.24	01:12:36.707	1.32695	1.32699			6
2025.04.24	01:12:37.627	1.32696	1.32700			6
2025.04.24	01:12:40.057	1.32690	1.32694			6
2025.04.24	01:12:41.270	1.32689	1.32693			6
2025.04.24	01:12:41.880	1.32687	1.32691			6
2025.04.24	01:12:44.640	1.32688	1.32692			6
2025.04.24	01:12:44.945	1.32689	1.32693			6
2025.04.24	01:12:48.001	1.32691	1.32695			6
2025.04.24	01:12:48.310	1.32690	1.32694			6
2025.04.24	01:12:51.049	1.32691	1.32695			6
2025.04.24	01:12:51.668	1.32688	1.32692			6
2025.04.24	01:12:53.185	1.32689	1.32693			6
2025.04.24	01:12:54.410	1.32687	1.32691			6
2025.04.24	01:12:55.326	1.32689	1.32693			6
2025.04.24	01:12:58.080	1.32687	1.32691			6
2025.04.24	01:12:58.390	1.32689	1.32693			6
2025.04.24	01:13:00.215	1.32689				2
2025.04.24	01:13:05.113	1.32686	1.32690			6
2025.04.24	01:13:05.423	1.32687	1.32691			6
2025.04.24	01:13:05.725	1.32686	1.32690			6
2025.04.24	01:13:06.949	1.32685	1.32689			6
2025.04.24	01:13:07.864	1.32684	1.32688			6
2025.04.24	01:13:08.780	1.32685	1.32689			6
2025.04.24	01:13:09.698	1.32684	1.32688			6
2025.04.24	01:13:10.004	1.32685	1.32689			6
2025.04.24	01:13:14.888	1.32683	1.32687			6
2025.04.24	01:13:15.194	1.32684	1.32688			6
2025.04.24	01:13:21.923	1.32682	1.32686			6
2025.04.24	01:13:25.274	1.32681	1.32685			6
2025.04.24	01:13:27.101		1.32684			4
2025.04.24	01:13:34.475	1.32682	1.32685			6
2025.04.24	01:13:35.381	1.32683	1.32686			6
2025.04.24	01:13:36.610	1.32684	1.32687			6
2025.04.24	01:13:37.218	1.32683	1.32686			6
2025.04.24	01:13:41.180	1.32681	1.32684			6
2025.04.24	01:13:42.392	1.32684	1.32687			6
2025.04.24	01:13:43.625	1.32682	1.32685			6
2025.04.24	01:13:44.242	1.32679	1.32682			6
2025.04.24	01:13:44.550	1.32678	1.32681			6
2025.04.24	01:13:47.317	1.32680	1.32683			6
2025.04.24	01:13:47.622	1.32677	1.32680			6
2025.04.24	01:13:50.658	1.32676	1.32679			6
2025.04.24	01:13:52.484	1.32675	1.32678			6
2025.04.24	01:13:52.786	1.32676	1.32679			6
2025.04.24	01:13:59.183	1.32677	1.32680			6
2025.04.24	01:14:00.101	1.32677				2
2025.04.24	01:14:01.019	1.32676	1.32679			6
2025.04.24	01:14:04.076	1.32679	1.32682			6
2025.04.24	01:14:04.381	1.32674	1.32677			6
2025.04.24	01:14:04.685	1.32676	1.32679			6
2025.04.24	01:14:05.299	1.32675	1.32678			6
2025.04.24	01:14:05.606	1.32676	1.32679			6
2025.04.24	01:14:05.908	1.32678	1.32681			6
2025.04.24	01:14:09.282	1.32680	1.32683			6
2025.04.24	01:14:15.002	1.32683	1.32686			6
2025.04.24	01:14:15.307	1.32684	1.32687			6
2025.04.24	01:14:15.618	1.32682	1.32685			6
2025.04.24	01:14:16.243	1.32684	1.32687			6
2025.04.24	01:14:18.104	1.32679	1.32682			6
2025.04.24	01:14:18.728	1.32678	1.32681			6
2025.04.24	01:14:19.044	1.32681	1.32684			6
2025.04.24	01:14:19.353		1.32685			4
2025.04.24	01:14:20.279	1.32679	1.32683			6
2025.04.24	01:14:20.589	1.32682	1.32686			6
2025.04.24	01:14:21.213	1.32683	1.32687			6
2025.04.24	01:14:24.023	1.32684	1.32688			6
2025.04.24	01:14:24.636	1.32681	1.32685			6
2025.04.24	01:14:25.574	1.32682	1.32686			6
2025.04.24	01:14:26.187	1.32680	1.32684			6
2025.04.24	01:14:27.730	1.32679	1.32683			6
2025.04.24	01:14:28.349	1.32680	1.32684			6
2025.04.24	01:14:30.213	1.32678	1.32682			6
2025.04.24	01:14:30.520	1.32679	1.32683			6
2025.04.24	01:14:31.456	1.32680	1.32684			6
2025.04.24	01:14:33.622	1.32679	1.32683			6
2025.04.24	01:14:33.926	1.32680	1.32684			6
2025.04.24	01:14:35.165	1.32681	1.32685			6
2025.04.24	01:14:36.403	1.32680	1.32683			6
2025.04.24	01:14:39.796	1.32681	1.32684			6
2025.04.24	01:14:40.414	1.32680	1.32683			6
2025.04.24	01:14:41.345	1.32681	1.32684			6
2025.04.24	01:14:41.970	1.32683	1.32686			6
2025.04.24	01:14:44.135	1.32681	1.32684			6
2025.04.24	01:14:45.078	1.32680	1.32683			6
2025.04.24	01:14:45.385	1.32679	1.32682			6
2025.04.24	01:14:46.620	1.32680	1.32683			6
2025.04.24	01:14:48.478	1.32679	1.32682			6
2025.04.24	01:14:49.100	1.32680	1.32683			6
2025.04.24	01:14:51.248	1.32679	1.32682			6
2025.04.24	01:14:52.175	1.32680	1.32683			6
2025.04.24	01:14:52.480	1.32679	1.32682			6
2025.04.24	01:14:52.786	1.32673	1.32676			6
2025.04.24	01:14:53.410	1.32674	1.32677			6
2025.04.24	01:14:54.339		1.32678			4
2025.04.24	01:14:54.953	1.32672	1.32676			6
2025.04.24	01:14:58.049	1.32669	1.32673			6
2025.04.24	01:14:59.292	1.32670	1.32674			6
2025.04.24	01:14:59.907	1.32667	1.32671			6
2025.04.24	01:15:00.223	1.32667				2
2025.04.24	01:15:00.524	1.32668	1.32672			6
2025.04.24	01:15:02.069	1.32669	1.32673			6
2025.04.24	01:15:03.926	1.32668	1.32672			6
2025.04.24	01:15:04.233	1.32669	1.32673			6
2025.04.24	01:15:04.549	1.32656	1.32657			6
2025.04.24	01:15:04.854	1.32657	1.32661			6
2025.04.24	01:15:05.162	1.32654	1.32655			6
2025.04.24	01:15:05.469	1.32658	1.32662			6
2025.04.24	01:15:05.773	1.32654	1.32655			6
2025.04.24	01:15:06.097	1.32653	1.32654			6
2025.04.24	01:15:06.402	1.32657	1.32662			6
2025.04.24	01:15:06.716	1.32654	1.32655			6
2025.04.24	01:15:07.023	1.32657	1.32662			6
2025.04.24	01:15:07.334	1.32654	1.32655			6
2025.04.24	01:15:07.645	1.32657	1.32662			6
2025.04.24	01:15:07.951	1.32654	1.32655			6
2025.04.24	01:15:08.258	1.32657	1.32662			6
2025.04.24	01:15:09.183	1.32658				2
2025.04.24	01:15:09.488	1.32657	1.32661			6
2025.04.24	01:15:09.795	1.32658	1.32662			6
2025.04.24	01:15:10.727	1.32656	1.32660			6
2025.04.24	01:15:11.030	1.32657	1.32661			6
2025.04.24	01:15:12.565	1.32655	1.32659			6
2025.04.24	01:15:12.866	1.32658	1.32662			6
2025.04.24	01:15:13.168	1.32657	1.32661			6
2025.04.24	01:15:13.797	1.32655	1.32659			6
2025.04.24	01:15:14.725	1.32659	1.32663			6
2025.04.24	01:15:15.036	1.32660	1.32664			6
2025.04.24	01:15:16.272	1.32659				2
2025.04.24	01:15:16.887	1.32660	1.32665			6
2025.04.24	01:15:19.060	1.32659	1.32664			6
2025.04.24	01:15:19.371	1.32660				2
2025.04.24	01:15:23.103	1.32659	1.32663			6
2025.04.24	01:15:23.417	1.32660	1.32664			6
2025.04.24	01:15:23.721	1.32659	1.32663			6
2025.04.24	01:15:25.887	1.32660	1.32664			6
2025.04.24	01:15:31.768	1.32659	1.32663			6
2025.04.24	01:15:32.381	1.32660	1.32664			6
2025.04.24	01:15:36.096	1.32659	1.32663			6
2025.04.24	01:15:36.404	1.32660	1.32664			6
2025.04.24	01:15:43.552	1.32654	1.32658			6
2025.04.24	01:15:43.862	1.32651	1.32655			6
2025.04.24	01:15:44.181	1.32652	1.32656			6
2025.04.24	01:15:45.112	1.32651	1.32655			6
2025.04.24	01:15:46.343	1.32652	1.32656			6
2025.04.24	01:15:47.275	1.32651	1.32655			6
2025.04.24	01:15:56.190	1.32650	1.32654			6
2025.04.24	01:15:56.812	1.32651	1.32655			6
2025.04.24	01:15:58.343	1.32650	1.32654			6
2025.04.24	01:15:59.268	1.32651	1.32655			6
2025.04.24	01:15:59.583	1.32650	1.32654			6
2025.04.24	01:16:00.192	1.32650				2
2025.04.24	01:16:00.803	1.32652	1.32656			6
2025.04.24	01:16:01.109	1.32657	1.32661			6
2025.04.24	01:16:01.421	1.32658	1.32662			6
2025.04.24	01:16:02.034	1.32657	1.32661			6
2025.04.24	01:16:02.340	1.32658	1.32662			6
2025.04.24	01:16:04.193	1.32657	1.32661			6
2025.04.24	01:16:05.109	1.32658	1.32662			6
2025.04.24	01:16:05.722	1.32657	1.32661			6
2025.04.24	01:16:06.034	1.32658	1.32662			6
2025.04.24	01:16:06.340	1.32657	1.32661			6
2025.04.24	01:16:06.644	1.32658	1.32662			6
2025.04.24	01:16:08.499	1.32659	1.32663			6
2025.04.24	01:16:08.809	1.32662	1.32666			6
2025.04.24	01:16:09.117	1.32663	1.32667			6
2025.04.24	01:16:10.969	1.32662	1.32666			6
2025.04.24	01:16:11.590	1.32663	1.32667			6
2025.04.24	01:16:11.896	1.32666	1.32669			6
2025.04.24	01:16:12.201	1.32670	1.32674			6
2025.04.24	01:16:12.816	1.32673	1.32677			6
2025.04.24	01:16:13.126	1.32672				2
2025.04.24	01:16:14.052	1.32675	1.32680			6
2025.04.24	01:16:20.863	1.32676	1.32681			6
2025.04.24	01:16:24.280	1.32677				2
2025.04.24	01:16:28.904	1.32676	1.32680			6
2025.04.24	01:16:29.208	1.32677	1.32681			6
2025.04.24	01:16:32.284	1.32676	1.32680			6
2025.04.24	01:16:32.602	1.32677	1.32681			6
2025.04.24	01:16:33.533	1.32681	1.32683			6
2025.04.24	01:16:33.839		1.32685			4
2025.04.24	01:16:34.763	1.32682	1.32686			6
2025.04.24	01:16:41.497	1.32683	1.32687			6
2025.04.24	01:16:41.806		1.32686			4
2025.04.24	01:16:42.118		1.32687			4
2025.04.24	01:16:42.419	1.32686				2
2025.04.24	01:16:46.728	1.32690	1.32694			6
2025.04.24	01:16:47.036	1.32691	1.32695			6
2025.04.24	01:16:47.650	1.32690	1.32694			6
2025.04.24	01:16:47.958	1.32692	1.32696			6
2025.04.24	01:16:48.884	1.32695	1.32699			6
2025.04.24	01:16:49.813	1.32694	1.32698			6
2025.04.24	01:16:50.116	1.32695	1.32699			6
2025.04.24	01:16:55.337	1.32694	1.32698			6
2025.04.24	01:16:57.494	1.32695	1.32699			6
2025.04.24	01:16:58.110	1.32692	1.32696			6
2025.04.24	01:16:58.415	1.32691	1.32695			6
2025.04.24	01:16:58.723	1.32692	1.32696			6
2025.04.24	01:16:59.336	1.32691	1.32695			6
2025.04.24	01:16:59.952	1.32692	1.32696			6
2025.04.24	01:17:00.258	1.32692				2
2025.04.24	01:17:00.566	1.32691	1.32695			6
2025.04.24	01:17:01.793	1.32690	1.32694			6
2025.04.24	01:17:02.418	1.32691	1.32695			6
2025.04.24	01:17:02.728	1.32690	1.32694			6
2025.04.24	01:17:03.031	1.32691	1.32695			6
2025.04.24	01:17:04.262	1.32698	1.32702			6
2025.04.24	01:17:05.181		1.32703			4
2025.04.24	01:17:05.492	1.32701	1.32706			6
2025.04.24	01:17:09.185	1.32702				2
2025.04.24	01:17:10.720	1.32701	1.32705			6
2025.04.24	01:17:13.484	1.32705	1.32709			6
2025.04.24	01:17:13.786	1.32704	1.32708			6
2025.04.24	01:17:14.706	1.32703	1.32707			6
2025.04.24	01:17:16.549	1.32702	1.32706			6
2025.04.24	01:17:16.854	1.32698	1.32702			6
2025.04.24	01:17:17.163	1.32699	1.32703			6
2025.04.24	01:17:17.773	1.32698	1.32702			6
2025.04.24	01:17:18.694	1.32700	1.32704			6
2025.04.24	01:17:19.306	1.32704	1.32708			6
2025.04.24	01:17:20.217	1.32703				2
2025.04.24	01:17:24.213	1.32702	1.32707			6
2025.04.24	01:17:26.364	1.32703	1.32708			6
2025.04.24	01:17:27.290		1.32707			4
2025.04.24	01:17:29.731	1.32710	1.32714			6
2025.04.24	01:17:30.033	1.32709	1.32713			6
2025.04.24	01:17:30.344	1.32706	1.32711			6
2025.04.24	01:17:34.650	1.32703	1.32708			6
2025.04.24	01:17:34.952	1.32702	1.32707			6
2025.04.24	01:17:35.567	1.32703	1.32708			6
2025.04.24	01:17:35.874	1.32702	1.32707			6
2025.04.24	01:17:36.484	1.32703	1.32708			6
2025.04.24	01:17:37.407	1.32702	1.32707			6
2025.04.24	01:17:38.336	1.32703	1.32708			6
2025.04.24	01:17:41.721	1.32702	1.32707			6
2025.04.24	01:17:42.954	1.32703	1.32708			6
2025.04.24	01:17:43.263		1.32707			4
2025.04.24	01:17:44.185	1.32700	1.32704			6
2025.04.24	01:17:45.113	1.32699				2
2025.04.24	01:17:45.422	1.32700	1.32705			6
2025.04.24	01:17:45.729	1.32699	1.32704			6
2025.04.24	01:17:46.343	1.32700				2
2025.04.24	01:17:48.812	1.32701	1.32705			6
2025.04.24	01:17:49.741	1.32700	1.32704			6
2025.04.24	01:17:51.571	1.32701	1.32705			6
2025.04.24	01:17:54.322	1.32699	1.32703			6
2025.04.24	01:17:54.628	1.32700	1.32704			6
2025.04.24	01:17:55.853	1.32701	1.32705			6
2025.04.24	01:17:56.156	1.32699	1.32703			6
2025.04.24	01:17:56.460	1.32700	1.32704			6
2025.04.24	01:18:00.141	1.32700				2
2025.04.24	01:18:04.728	1.32693	1.32697			6
2025.04.24	01:18:05.031	1.32692	1.32696			6
2025.04.24	01:18:05.344	1.32690	1.32694			6
2025.04.24	01:18:06.262	1.32683	1.32687			6
2025.04.24	01:18:06.568	1.32682	1.32686			6
2025.04.24	01:18:07.184	1.32681				2
2025.04.24	01:18:07.793	1.32679	1.32684			6
2025.04.24	01:18:11.473	1.32682	1.32687			6
2025.04.24	01:18:13.611	1.32683	1.32688			6
2025.04.24	01:18:16.362	1.32682	1.32687			6
2025.04.24	01:18:19.129	1.32683	1.32688			6
2025.04.24	01:18:20.055	1.32682	1.32687			6
2025.04.24	01:18:23.130		1.32686			4
2025.04.24	01:18:23.441	1.32683	1.32687			6
2025.04.24	01:18:24.365	1.32682	1.32686			6
2025.04.24	01:18:25.284	1.32683	1.32687			6
2025.04.24	01:18:26.823	1.32682	1.32686			6
2025.04.24	01:18:29.586	1.32688	1.32692			6
2025.04.24	01:18:30.208		1.32693			4
2025.04.24	01:18:31.126	1.32687	1.32692			6
2025.04.24	01:18:31.742	1.32688	1.32693			6
2025.04.24	01:18:32.054	1.32687	1.32692			6
2025.04.24	01:18:32.969	1.32688	1.32693			6
2025.04.24	01:18:33.282		1.32692			4
2025.04.24	01:18:40.037	1.32687	1.32691			6
2025.04.24	01:18:40.656	1.32688	1.32692			6
2025.04.24	01:18:40.965	1.32687	1.32691			6
2025.04.24	01:18:41.273	1.32688	1.32692			6
2025.04.24	01:18:42.502	1.32685	1.32689			6
2025.04.24	01:18:42.807	1.32692	1.32696			6
2025.04.24	01:18:43.113	1.32691	1.32695			6
2025.04.24	01:18:44.030	1.32692	1.32696			6
2025.04.24	01:18:50.176	1.32694	1.32698			6
2025.04.24	01:18:51.718	1.32695	1.32699			6
2025.04.24	01:18:52.020	1.32694	1.32698			6
2025.04.24	01:18:56.023	1.32698	1.32702			6
2025.04.24	01:18:57.256	1.32699	1.32703			6
2025.04.24	01:19:00.026	1.32699				2
2025.04.24	01:19:02.803	1.32700	1.32704			6
2025.04.24	01:19:05.250	1.32699	1.32703			6
2025.04.24	01:19:07.410	1.32700	1.32704			6
2025.04.24	01:19:10.486	1.32701	1.32705			6
2025.04.24	01:19:11.099	1.32702				2
2025.04.24	01:19:11.406	1.32709	1.32713			6
2025.04.24	01:19:12.033	1.32710	1.32714			6
2025.04.24	01:19:14.495	1.32705	1.32709			6
2025.04.24	01:19:15.111	1.32706				2
2025.04.24	01:19:15.416	1.32705	1.32710			6
2025.04.24	01:19:16.344	1.32707	1.32712			6
2025.04.24	01:19:17.263	1.32705	1.32710			6
2025.04.24	01:19:20.343		1.32709			4
2025.04.24	01:19:21.882	1.32706	1.32710			6
2025.04.24	01:19:23.725	1.32705	1.32709			6
2025.04.24	01:19:24.038	1.32706	1.32710			6
2025.04.24	01:19:25.879	1.32708				2
2025.04.24	01:19:28.034		1.32711			4
2025.04.24	01:19:28.341	1.32707	1.32710			6
2025.04.24	01:19:29.263		1.32711			4
2025.04.24	01:19:30.496	1.32708	1.32710			6
2025.04.24	01:19:30.798	1.32707	1.32711			6
2025.04.24	01:19:32.965	1.32714	1.32717			6
2025.04.24	01:19:33.269	1.32716				2
2025.04.24	01:19:34.510		1.32719			4
2025.04.24	01:19:39.119	1.32714	1.32716			6
2025.04.24	01:19:43.110	1.32721	1.32724			6
2025.04.24	01:19:43.426	1.32720				2
2025.04.24	01:19:45.576	1.32722				2
2025.04.24	01:19:45.884	1.32725	1.32726			6
2025.04.24	01:19:46.190	1.32729	1.32730			6
2025.04.24	01:19:46.812	1.32727	1.32731			6
2025.04.24	01:19:47.116		1.32729			4
2025.04.24	01:19:48.356	1.32726	1.32727			6
2025.04.24	01:19:48.968	1.32722	1.32724			6
2025.04.24	01:19:49.276	1.32723				2
2025.04.24	01:19:51.117		1.32727			4
2025.04.24	01:19:53.271	1.32722				2
2025.04.24	01:20:00.045	1.32722				2
2025.04.24	01:20:00.352	1.32725	1.32730			6
2025.04.24	01:20:01.275	1.32726	1.32731			6
2025.04.24	01:20:01.583	1.32725	1.32730			6
2025.04.24	01:20:02.510	1.32726	1.32731			6
2025.04.24	01:20:04.355	1.32727				2
2025.04.24	01:20:05.896	1.32725	1.32729			6
2025.04.24	01:20:06.204	1.32726	1.32730			6
2025.04.24	01:20:06.508	1.32725	1.32729			6
2025.04.24	01:20:18.210	1.32726	1.32730			6
2025.04.24	01:20:20.979	1.32725	1.32729			6
2025.04.24	01:20:21.284	1.32726	1.32730			6
2025.04.24	01:20:22.524	1.32727	1.32731			6
2025.04.24	01:20:22.842	1.32726	1.32730			6
2025.04.24	01:20:25.300	1.32725	1.32729			6
2025.04.24	01:20:26.219	1.32726	1.32730			6
2025.04.24	01:20:26.527	1.32725	1.32729			6
2025.04.24	01:20:27.450	1.32726	1.32730			6
2025.04.24	01:20:28.374	1.32727	1.32731			6
2025.04.24	01:20:28.684	1.32726	1.32730			6
2025.04.24	01:20:34.216	1.32725	1.32729			6
2025.04.24	01:20:35.126	1.32726	1.32730			6
2025.04.24	01:20:36.974	1.32725	1.32729			6
2025.04.24	01:20:39.126	1.32726				2
2025.04.24	01:20:39.432	1.32725	1.32728			6
2025.04.24	01:20:40.349	1.32726	1.32729			6
2025.04.24	01:20:40.657	1.32719	1.32722			6
2025.04.24	01:20:40.962	1.32717	1.32720			6
2025.04.24	01:20:41.264	1.32716				2
2025.04.24	01:20:42.182	1.32717	1.32721			6
2025.04.24	01:20:42.485	1.32716	1.32720			6
2025.04.24	01:20:42.798	1.32717	1.32721			6
2025.04.24	01:20:43.100	1.32716	1.32720			6
2025.04.24	01:20:43.408	1.32717	1.32721			6
2025.04.24	01:20:43.713	1.32716	1.32720			6
2025.04.24	01:20:44.022	1.32717	1.32721			6
2025.04.24	01:20:46.778	1.32725	1.32729			6
2025.04.24	01:20:47.392		1.32730			4
2025.04.24	01:20:48.623	1.32726	1.32731			6
2025.04.24	01:20:54.776	1.32727	1.32732			6
2025.04.24	01:20:58.482	1.32726	1.32731			6
2025.04.24	01:21:00.018	1.32726				2
2025.04.24	01:21:00.328		1.32730			4
2025.04.24	01:21:01.563	1.32720	1.32724			6
2025.04.24	01:21:01.869	1.32724	1.32728			6
2025.04.24	01:21:03.101	1.32725	1.32729			6
2025.04.24	01:21:06.178		1.32727			4
2025.04.24	01:21:06.488	1.32718	1.32722			6
2025.04.24	01:21:07.108		1.32723			4
2025.04.24	01:21:09.569	1.32719	1.32724			6
2025.04.24	01:21:09.883	1.32718	1.32723			6
2025.04.24	01:21:10.494	1.32719	1.32724			6
2025.04.24	01:21:10.802	1.32718	1.32723			6
2025.04.24	01:21:15.115	1.32720	1.32725			6
2025.04.24	01:21:16.974	1.32719	1.32724			6
2025.04.24	01:21:17.896	1.32718	1.32723			6
2025.04.24	01:21:18.203	1.32719				2
2025.04.24	01:21:20.667	1.32720	1.32724			6
2025.04.24	01:21:20.974	1.32723	1.32727			6
2025.04.24	01:21:21.292	1.32721	1.32725			6
2025.04.24	01:21:23.442	1.32720	1.32724			6
2025.04.24	01:21:24.367	1.32721	1.32725			6
2025.04.24	01:21:24.980	1.32722	1.32726			6
2025.04.24	01:21:32.092	1.32719	1.32723			6
2025.04.24	01:21:32.395	1.32718	1.32722			6
2025.04.24	01:21:35.182	1.32719	1.32723			6
2025.04.24	01:21:46.278	1.32720	1.32724			6
2025.04.24	01:21:46.586	1.32721	1.32725			6
2025.04.24	01:21:48.738	1.32719	1.32723			6
2025.04.24	01:21:51.833	1.32722	1.32726			6
2025.04.24	01:21:52.765	1.32721	1.32725			6
2025.04.24	01:21:53.386	1.32722	1.32726			6
2025.04.24	01:21:53.692	1.32721	1.32725			6
2025.04.24	01:21:55.537	1.32717	1.32721			6
2025.04.24	01:21:58.319	1.32715	1.32719			6
2025.04.24	01:21:58.627	1.32708	1.32712			6
2025.04.24	01:22:00.168	1.32708	1.32713			6
2025.04.24	01:22:11.253	1.32709				2
2025.04.24	01:22:18.031	1.32708	1.32712			6
2025.04.24	01:22:18.338	1.32709	1.32713			6
2025.04.24	01:22:18.956	1.32708	1.32712			6
2025.04.24	01:22:19.263	1.32709	1.32713			6
2025.04.24	01:22:22.343	1.32708	1.32712			6
2025.04.24	01:22:22.957	1.32709	1.32713			6
2025.04.24	01:22:23.262	1.32708	1.32712			6
2025.04.24	01:22:25.104	1.32709	1.32713			6
2025.04.24	01:22:26.347	1.32708	1.32712			6
2025.04.24	01:22:27.887	1.32711	1.32715			6
2025.04.24	01:22:28.190	1.32709	1.32713			6
2025.04.24	01:22:34.983	1.32710	1.32714			6
2025.04.24	01:22:41.120	1.32711	1.32715			6
2025.04.24	01:22:41.736	1.32710	1.32714			6
2025.04.24	01:22:42.044	1.32711	1.32715			6
2025.04.24	01:22:42.967	1.32710	1.32714			6
2025.04.24	01:22:43.890	1.32709	1.32713			6
2025.04.24	01:22:44.199	1.32710	1.32714			6
2025.04.24	01:22:44.815	1.32709	1.32713			6
2025.04.24	01:22:45.120	1.32710	1.32714			6
2025.04.24	01:22:46.972	1.32711	1.32715			6
2025.04.24	01:22:47.282		1.32714			4
2025.04.24	01:22:47.895	1.32710	1.32713			6
2025.04.24	01:22:49.711	1.32717	1.32720			6
2025.04.24	01:22:50.014	1.32718	1.32721			6
2025.04.24	01:22:51.229	1.32717				2
2025.04.24	01:22:52.147	1.32720	1.32724			6
2025.04.24	01:22:53.994	1.32719	1.32723			6
2025.04.24	01:22:54.302	1.32718	1.32722			6
2025.04.24	01:22:54.608	1.32717	1.32721			6
2025.04.24	01:22:55.229		1.32722			4
2025.04.24	01:22:56.149		1.32721			4
2025.04.24	01:23:00.137	1.32717				2
2025.04.24	01:23:05.333	1.32716	1.32717			6
2025.04.24	01:23:05.639	1.32708	1.32712			6
2025.04.24	01:23:07.171		1.32713			4
2025.04.24	01:23:08.695	1.32710	1.32715			6
2025.04.24	01:23:10.839	1.32709	1.32714			6
2025.04.24	01:23:11.142	1.32710	1.32715			6
2025.04.24	01:23:12.369	1.32709	1.32714			6
2025.04.24	01:23:15.423	1.32710	1.32715			6
2025.04.24	01:23:15.730	1.32712	1.32717			6
2025.04.24	01:23:16.032	1.32717	1.32721			6
2025.04.24	01:23:17.260	1.32716				2
2025.04.24	01:23:18.172	1.32717				2
2025.04.24	01:23:19.392		1.32722			4
2025.04.24	01:23:20.314	1.32716	1.32721			6
2025.04.24	01:23:20.923	1.32715	1.32720			6
2025.04.24	01:23:24.600	1.32717	1.32722			6
2025.04.24	01:23:24.905	1.32716	1.32721			6
2025.04.24	01:23:29.503	1.32717	1.32722			6
2025.04.24	01:23:29.810	1.32718	1.32723			6
2025.04.24	01:23:30.112	1.32717	1.32722			6
2025.04.24	01:23:34.431	1.32718	1.32723			6
2025.04.24	01:23:38.128		1.32722			4
2025.04.24	01:23:39.978	1.32719	1.32723			6
2025.04.24	01:23:41.205	1.32718	1.32722			6
2025.04.24	01:24:00.015	1.32718				2
2025.04.24	01:24:01.235	1.32719	1.32723			6
2025.04.24	01:24:04.903	1.32720	1.32724			6
2025.04.24	01:24:06.121	1.32719	1.32723			6
2025.04.24	01:24:06.735	1.32720	1.32724			6
2025.04.24	01:24:07.348	1.32719	1.32723			6
2025.04.24	01:24:07.651	1.32722	1.32726			6
2025.04.24	01:24:07.956	1.32721	1.32725			6
2025.04.24	01:24:11.022	1.32719	1.32723			6
2025.04.24	01:24:13.462	1.32718	1.32722			6
2025.04.24	01:24:16.220	1.32719	1.32723			6
2025.04.24	01:24:20.187		1.32722			4
2025.04.24	01:24:21.720	1.32720	1.32723			6
2025.04.24	01:24:22.627	1.32717	1.32720			6
2025.04.24	01:24:22.933	1.32718	1.32721			6
2025.04.24	01:24:25.075	1.32719	1.32722			6
2025.04.24	01:24:32.999	1.32718	1.32721			6
2025.04.24	01:24:34.223	1.32719	1.32722			6
2025.04.24	01:24:42.798	1.32718	1.32721			6
2025.04.24	01:24:43.104	1.32719	1.32722			6
2025.04.24	01:24:44.946	1.32717	1.32720			6
2025.04.24	01:24:45.250	1.32716	1.32719			6
2025.04.24	01:24:48.911	1.32709	1.32712			6
2025.04.24	01:24:50.143		1.32713			4
2025.04.24	01:24:50.764	1.32708	1.32712			6
2025.04.24	01:24:56.293	1.32709	1.32713			6
2025.04.24	01:25:00.278	1.32709				2
2025.04.24	01:25:06.095	1.32710	1.32714			6
2025.04.24	01:25:07.320	1.32711	1.32715			6
2025.04.24	01:25:10.992	1.32710	1.32714			6
2025.04.24	01:25:11.294	1.32711				2
2025.04.24	01:25:14.030	1.32710	1.32713			6
2025.04.24	01:25:14.951	1.32711	1.32714			6
2025.04.24	01:25:15.567	1.32710	1.32713			6
2025.04.24	01:25:24.471	1.32709	1.32712			6
2025.04.24	01:25:30.606	1.32710	1.32713			6
2025.04.24	01:25:35.238	1.32709	1.32712			6
2025.04.24	01:25:36.467	1.32710	1.32713			6
2025.04.24	01:25:43.505	1.32711	1.32714			6
2025.04.24	01:25:45.344	1.32710	1.32713			6
2025.04.24	01:25:47.486	1.32711	1.32714			6
2025.04.24	01:25:47.790	1.32710	1.32713			6
2025.04.24	01:25:48.400	1.32711	1.32714			6
2025.04.24	01:25:49.629	1.32710	1.32713			6
2025.04.24	01:25:50.238	1.32709	1.32712			6
2025.04.24	01:25:51.777	1.32706	1.32709			6
2025.04.24	01:25:52.082	1.32705	1.32708			6
2025.04.24	01:25:52.396		1.32709			4
2025.04.24	01:25:52.701	1.32706	1.32710			6
2025.04.24	01:25:53.619	1.32705	1.32709			6
2025.04.24	01:26:00.043	1.32705				2
2025.04.24	01:26:01.266	1.32698	1.32702			6
2025.04.24	01:26:01.578	1.32697	1.32698			6
2025.04.24	01:26:01.884	1.32698	1.32702			6
2025.04.24	01:26:02.189	1.32697	1.32698			6
2025.04.24	01:26:02.503	1.32698	1.32702			6
2025.04.24	01:26:02.813	1.32697	1.32698			6
2025.04.24	01:26:03.118	1.32698	1.32702			6
2025.04.24	01:26:03.420	1.32697	1.32698			6
2025.04.24	01:26:03.729	1.32698	1.32702			6
2025.04.24	01:26:04.045	1.32697	1.32698			6
2025.04.24	01:26:04.348	1.32698	1.32702			6
2025.04.24	01:26:06.193	1.32699	1.32703			6
2025.04.24	01:26:09.283	1.32698	1.32702			6
2025.04.24	01:26:10.509	1.32705	1.32709			6
2025.04.24	01:26:11.122	1.32704				2
2025.04.24	01:26:11.426	1.32698	1.32703			6
2025.04.24	01:26:12.659	1.32699	1.32704			6
2025.04.24	01:26:12.965	1.32698	1.32703			6
2025.04.24	01:26:19.123	1.32699	1.32704			6
2025.04.24	01:26:21.893	1.32698	1.32703			6
2025.04.24	01:26:22.199	1.32699	1.32704			6
2025.04.24	01:26:22.509	1.32698	1.32703			6
2025.04.24	01:26:24.968	1.32699	1.32704			6
2025.04.24	01:26:26.196	1.32692	1.32697			6
2025.04.24	01:26:26.504	1.32689	1.32694			6
2025.04.24	01:26:27.122	1.32688				2
2025.04.24	01:26:28.042	1.32689	1.32695			6
2025.04.24	01:26:28.343	1.32691	1.32697			6
2025.04.24	01:26:28.969	1.32689	1.32695			6
2025.04.24	01:26:29.269	1.32688	1.32694			6
2025.04.24	01:26:29.573	1.32687	1.32693			6
2025.04.24	01:26:30.804	1.32686	1.32692			6
2025.04.24	01:26:34.502	1.32692	1.32698			6
2025.04.24	01:26:34.809	1.32691	1.32697			6
2025.04.24	01:26:35.118	1.32696	1.32702			6
2025.04.24	01:26:35.423	1.32697	1.32703			6
2025.04.24	01:26:44.959	1.32698	1.32704			6
2025.04.24	01:26:46.502	1.32697	1.32703			6
2025.04.24	01:26:53.881	1.32698	1.32704			6
2025.04.24	01:26:54.188	1.32699	1.32705			6
2025.04.24	01:26:55.110	1.32698	1.32704			6
2025.04.24	01:26:57.270	1.32701	1.32707			6
2025.04.24	01:26:57.585	1.32698	1.32704			6
2025.04.24	01:26:58.201	1.32699				2
2025.04.24	01:26:58.818	1.32698	1.32703			6
2025.04.24	01:26:59.739	1.32699	1.32704			6
2025.04.24	01:27:00.048	1.32698	1.32703			6
2025.04.24	01:27:06.519	1.32699	1.32704			6
2025.04.24	01:27:07.443	1.32698	1.32703			6
2025.04.24	01:27:08.681	1.32697	1.32702			6
2025.04.24	01:27:10.220	1.32696	1.32701			6
2025.04.24	01:27:10.522	1.32698	1.32703			6
2025.04.24	01:27:15.143	1.32697	1.32702			6
2025.04.24	01:27:22.216		1.32701			4
2025.04.24	01:27:23.756	1.32698	1.32702			6
2025.04.24	01:27:24.677	1.32697	1.32701			6
2025.04.24	01:27:28.385	1.32691	1.32695			6
2025.04.24	01:27:28.686	1.32694	1.32698			6
2025.04.24	01:27:29.626	1.32692	1.32696			6
2025.04.24	01:27:29.932	1.32694	1.32698			6
2025.04.24	01:27:30.852	1.32692	1.32696			6
2025.04.24	01:27:31.158	1.32695	1.32698			6
2025.04.24	01:27:31.771	1.32693	1.32697			6
2025.04.24	01:27:32.083	1.32695	1.32698			6
2025.04.24	01:27:32.387	1.32688	1.32692			6
2025.04.24	01:27:33.308	1.32687				2
2025.04.24	01:27:34.540	1.32688				2
2025.04.24	01:27:37.920	1.32690	1.32695			6
2025.04.24	01:27:39.161	1.32689	1.32694			6
2025.04.24	01:27:41.648	1.32688	1.32693			6
2025.04.24	01:27:44.108	1.32689				2
2025.04.24	01:27:45.638	1.32690	1.32694			6
2025.04.24	01:27:46.251	1.32696	1.32699			6
2025.04.24	01:27:47.189	1.32689	1.32694			6
2025.04.24	01:27:47.494	1.32688	1.32693			6
2025.04.24	01:27:47.804	1.32689	1.32694			6
2025.04.24	01:27:49.961	1.32688	1.32693			6
2025.04.24	01:27:50.586	1.32694	1.32699			6
2025.04.24	01:27:50.899	1.32695				2
2025.04.24	01:27:51.511		1.32700			4
2025.04.24	01:27:52.752	1.32696				2
2025.04.24	01:27:53.357	1.32695				2
2025.04.24	01:27:53.972	1.32696				2
2025.04.24	01:27:58.280	1.32697				2
2025.04.24	01:27:59.510		1.32702			4
2025.04.24	01:28:00.130	1.32697				2
2025.04.24	01:28:00.439	1.32698	1.32703			6
2025.04.24	01:28:05.065	1.32697	1.32702			6
2025.04.24	01:28:11.192	1.32696	1.32701			6
2025.04.24	01:28:12.720	1.32688	1.32693			6
2025.04.24	01:28:13.328		1.32694			4
2025.04.24	01:28:13.637		1.32693			4
2025.04.24	01:28:30.491	1.32694	1.32699			6
2025.04.24	01:28:30.795	1.32695	1.32700			6
2025.04.24	01:28:31.109		1.32701			4
2025.04.24	01:28:32.328	1.32694	1.32700			6
2025.04.24	01:28:32.634	1.32695				2
2025.04.24	01:28:33.575	1.32693	1.32699			6
2025.04.24	01:28:35.401		1.32698			4
2025.04.24	01:28:42.142	1.32695	1.32700			6
2025.04.24	01:28:42.452	1.32694	1.32699			6
2025.04.24	01:28:43.975	1.32695	1.32700			6
2025.04.24	01:28:44.898	1.32694	1.32699			6
2025.04.24	01:28:45.205	1.32695	1.32700			6
2025.04.24	01:28:46.434	1.32692	1.32697			6
2025.04.24	01:28:46.741	1.32694	1.32699			6
2025.04.24	01:28:47.044	1.32693	1.32698			6
2025.04.24	01:28:55.029	1.32695	1.32700			6
2025.04.24	01:28:57.173	1.32694	1.32699			6
2025.04.24	01:28:57.479	1.32695	1.32700			6
2025.04.24	01:28:58.710	1.32694	1.32699			6
2025.04.24	01:28:59.637	1.32693	1.32698			6
2025.04.24	01:29:00.266	1.32693				2
2025.04.24	01:29:01.197	1.32694				2
2025.04.24	01:29:04.275	1.32693	1.32697			6
2025.04.24	01:29:04.897	1.32695	1.32699			6
2025.04.24	01:29:07.664	1.32688	1.32692			6
2025.04.24	01:29:08.288		1.32693			4
2025.04.24	01:29:22.152		1.32692			4
2025.04.24	01:29:25.235	1.32689	1.32693			6
2025.04.24	01:29:26.468	1.32688	1.32692			6
2025.04.24	01:29:27.701	1.32689	1.32693			6
2025.04.24	01:29:28.007	1.32688	1.32692			6
2025.04.24	01:29:35.101	1.32689	1.32693			6
2025.04.24	01:29:41.003	1.32688	1.32692			6
2025.04.24	01:29:45.028	1.32689	1.32693			6
2025.04.24	01:29:45.336	1.32688	1.32692			6
2025.04.24	01:29:47.190	1.32680	1.32684			6
2025.04.24	01:29:47.491	1.32672	1.32676			6
2025.04.24	01:29:48.121	1.32670	1.32677			6
2025.04.24	01:29:48.742	1.32667	1.32674			6
2025.04.24	01:29:49.048		1.32673			4
2025.04.24	01:29:51.206	1.32666				2
2025.04.24	01:29:52.136	1.32665	1.32672			6
2025.04.24	01:29:53.673	1.32668	1.32675			6
2025.04.24	01:29:53.982	1.32675	1.32682			6
2025.04.24	01:29:55.840	1.32676				2
2025.04.24	01:29:56.158	1.32675				2
2025.04.24	01:30:00.161	1.32675				2
2025.04.24	01:30:00.471	1.32677	1.32683			6
2025.04.24	01:30:00.779		1.32684			4
2025.04.24	01:30:03.870	1.32676	1.32683			6
2025.04.24	01:30:04.796		1.32682			4
2025.04.24	01:30:05.106	1.32675				2
2025.04.24	01:30:06.652	1.32676				2
2025.04.24	01:30:08.509	1.32668	1.32675			6
2025.04.24	01:30:08.815	1.32667	1.32674			6
2025.04.24	01:30:09.129	1.32666	1.32673			6
2025.04.24	01:30:09.434	1.32647	1.32654			6
2025.04.24	01:30:09.740	1.32645	1.32651			6
2025.04.24	01:30:10.044		1.32652			4
2025.04.24	01:30:10.347	1.32656	1.32661			6
2025.04.24	01:30:10.961		1.32662			4
2025.04.24	01:30:11.270	1.32653	1.32660			6
2025.04.24	01:30:12.193	1.32652	1.32658			6
2025.04.24	01:30:12.502	1.32653	1.32660			6
2025.04.24	01:30:12.818	1.32654	1.32661			6
2025.04.24	01:30:14.357	1.32663	1.32670			6
2025.04.24	01:30:14.981	1.32662	1.32669			6
2025.04.24	01:30:15.290	1.32663	1.32670			6
2025.04.24	01:30:15.903	1.32664	1.32671			6
2025.04.24	01:30:23.340	1.32667	1.32672			6
2025.04.24	01:30:23.962	1.32668	1.32673			6
2025.04.24	01:30:24.588	1.32665	1.32672			6
2025.04.24	01:30:26.134	1.32666				2
2025.04.24	01:30:35.413	1.32668	1.32673			6
2025.04.24	01:30:40.051	1.32674	1.32678			6
2025.04.24	01:30:40.362		1.32679			4
2025.04.24	01:30:41.290	1.32671	1.32678			6
2025.04.24	01:30:54.250	1.32674	1.32680			6
2025.04.24	01:30:54.552	1.32673	1.32679			6
2025.04.24	01:30:55.160	1.32674				2
2025.04.24	01:31:00.112	1.32674				2
2025.04.24	01:31:02.296	1.32675	1.32682			6
2025.04.24	01:31:05.711	1.32680	1.32683			6
2025.04.24	01:31:06.013	1.32684	1.32690			6
2025.04.24	01:31:06.330	1.32685	1.32691			6
2025.04.24	01:31:08.495		1.32692			4
2025.04.24	01:31:08.801		1.32691			4
2025.04.24	01:31:10.658	1.32686	1.32692			6
2025.04.24	01:31:17.148	1.32683	1.32690			6
2025.04.24	01:31:20.507	1.32684	1.32691			6
2025.04.24	01:31:20.813	1.32685	1.32692			6
2025.04.24	01:31:25.135	1.32693	1.32699			6
2025.04.24	01:31:25.752	1.32694	1.32700			6
2025.04.24	01:31:26.371	1.32693				2
2025.04.24	01:31:27.600	1.32695	1.32701			6
2025.04.24	01:31:27.905	1.32694				2
2025.04.24	01:31:28.212	1.32693	1.32700			6
2025.04.24	01:31:30.995	1.32695				2
2025.04.24	01:31:31.304	1.32694	1.32701			6
2025.04.24	01:31:31.915	1.32698	1.32703			6
2025.04.24	01:31:34.986	1.32696	1.32702			6
2025.04.24	01:31:35.302		1.32701			4
2025.04.24	01:31:38.709	1.32704	1.32710			6
2025.04.24	01:31:39.012	1.32708	1.32712			6
2025.04.24	01:31:39.329	1.32706				2
2025.04.24	01:31:39.630	1.32703	1.32709			6
2025.04.24	01:31:39.944	1.32704	1.32710			6
2025.04.24	01:31:40.258		1.32711			4
2025.04.24	01:31:40.569	1.32703	1.32710			6
2025.04.24	01:31:45.816	1.32704	1.32711			6
2025.04.24	01:31:47.677	1.32703	1.32710			6
2025.04.24	01:31:48.907	1.32696	1.32703			6
2025.04.24	01:31:49.211	1.32695	1.32702			6
2025.04.24	01:31:50.752	1.32693	1.32700			6
2025.04.24	01:31:55.362	1.32696	1.32702			6
2025.04.24	01:31:55.667	1.32697	1.32703			6
2025.04.24	01:31:55.982		1.32702			4
2025.04.24	01:32:00.287	1.32687	1.32692			6
2025.04.24	01:32:00.595	1.32689	1.32695			6
2025.04.24	01:32:01.217	1.32688	1.32694			6
2025.04.24	01:32:01.832		1.32692			4
2025.04.24	01:32:03.071	1.32687				2
2025.04.24	01:32:07.082	1.32688				2
2025.04.24	01:32:08.311	1.32687				2
2025.04.24	01:32:09.545	1.32688				2
2025.04.24	01:32:11.392		1.32691			4
2025.04.24	01:32:11.701		1.32692			4
2025.04.24	01:32:14.790	1.32685	1.32691			6
2025.04.24	01:32:17.259	1.32683	1.32689			6
2025.04.24	01:32:17.567	1.32684	1.32690			6
2025.04.24	01:32:24.351	1.32687	1.32691			6
2025.04.24	01:32:24.652	1.32688	1.32693			6
2025.04.24	01:32:25.594		1.32692			4
2025.04.24	01:32:36.616	1.32694	1.32699			6
2025.04.24	01:32:36.924	1.32695	1.32700			6
2025.04.24	01:32:37.535	1.32699	1.32704			6
2025.04.24	01:32:37.841	1.32698	1.32703			6
2025.04.24	01:32:38.150		1.32704			4
2025.04.24	01:32:38.764		1.32703			4
2025.04.24	01:32:40.909	1.32704	1.32710			6
2025.04.24	01:32:41.223	1.32705	1.32711			6
2025.04.24	01:32:42.457		1.32712			4
2025.04.24	01:32:42.765	1.32704	1.32711			6
2025.04.24	01:32:48.339		1.32710			4
2025.04.24	01:32:48.641	1.32705	1.32711			6
2025.04.24	01:32:48.949	1.32704	1.32710			6
2025.04.24	01:32:54.203	1.32699	1.32705			6
2025.04.24	01:32:54.505	1.32696	1.32702			6
2025.04.24	01:32:55.746		1.32703			4
2025.04.24	01:32:56.356	1.32695	1.32702			6
2025.04.24	01:32:58.214	1.32704	1.32710			6
2025.04.24	01:32:58.518	1.32705	1.32711			6
2025.04.24	01:32:58.822	1.32703	1.32709			6
2025.04.24	01:32:59.122	1.32702				2
2025.04.24	01:32:59.744	1.32698	1.32702			6
2025.04.24	01:33:00.051	1.32698				2
2025.04.24	01:33:00.357	1.32696				2
2025.04.24	01:33:05.284	1.32697				2
2025.04.24	01:33:05.900	1.32695				2
2025.04.24	01:33:06.216	1.32696	1.32703			6
2025.04.24	01:33:08.067	1.32697				2
2025.04.24	01:33:09.309		1.32702			4
2025.04.24	01:33:09.620		1.32703			4
2025.04.24	01:33:10.233		1.32702			4
2025.04.24	01:33:12.704		1.32703			4
2025.04.24	01:33:14.559		1.32702			4
2025.04.24	01:33:18.559	1.32704	1.32710			6
2025.04.24	01:33:18.865	1.32705	1.32711			6
2025.04.24	01:33:19.176	1.32704	1.32710			6
2025.04.24	01:33:19.485	1.32705	1.32711			6
2025.04.24	01:33:20.105	1.32704				2
2025.04.24	01:33:20.718	1.32709	1.32713			6
2025.04.24	01:33:21.031	1.32714	1.32721			6
2025.04.24	01:33:21.332	1.32716	1.32722			6
2025.04.24	01:33:22.576		1.32723			4
2025.04.24	01:33:23.501	1.32715	1.32722			6
2025.04.24	01:33:24.424		1.32721			4
2025.04.24	01:33:24.726		1.32722			4
2025.04.24	01:33:25.636	1.32716				2
2025.04.24	01:33:26.863	1.32717	1.32724			6
2025.04.24	01:33:28.095		1.32722			4
2025.04.24	01:33:28.402		1.32723			4
2025.04.24	01:33:29.946		1.32722			4
2025.04.24	01:33:31.185	1.32713	1.32720			6
2025.04.24	01:33:33.649		1.32719			4
2025.04.24	01:33:33.952	1.32706	1.32712			6
2025.04.24	01:33:35.806	1.32707				2
2025.04.24	01:33:39.201	1.32706				2
2025.04.24	01:33:41.667	1.32707				2
2025.04.24	01:33:44.143	1.32706				2
2025.04.24	01:33:49.399	1.32713	1.32719			6
2025.04.24	01:33:50.319	1.32716	1.32722			6
2025.04.24	01:33:53.411		1.32721			4
2025.04.24	01:33:54.337	1.32709	1.32712			6
2025.04.24	01:33:55.270		1.32713			4
2025.04.24	01:34:00.195	1.32709				2
2025.04.24	01:34:03.274	1.32707				2
2025.04.24	01:34:04.215		1.32712			4
2025.04.24	01:34:05.148		1.32711			4
2025.04.24	01:34:06.385	1.32705				2
2025.04.24	01:34:08.547	1.32704	1.32710			6
2025.04.24	01:34:08.854	1.32705	1.32711			6
2025.04.24	01:34:09.160	1.32704	1.32710			6
2025.04.24	01:34:11.319	1.32707	1.32711			6
2025.04.24	01:34:11.626		1.32712			4
2025.04.24	01:34:11.939	1.32696	1.32702			6
2025.04.24	01:34:12.246		1.32701			4
2025.04.24	01:34:12.553		1.32702			4
2025.04.24	01:34:14.088		1.32701			4
2025.04.24	01:34:14.710	1.32698	1.32704			6
2025.04.24	01:34:15.946		1.32703			4
2025.04.24	01:34:16.567		1.32702			4
2025.04.24	01:34:18.412		1.32703			4
2025.04.24	01:34:19.348		1.32702			4
2025.04.24	01:34:22.716	1.32697				2
2025.04.24	01:34:26.097	1.32695	1.32701			6
2025.04.24	01:34:26.405	1.32693	1.32699			6
2025.04.24	01:34:26.711	1.32688	1.32694			6
2025.04.24	01:34:32.285	1.32689	1.32695			6
2025.04.24	01:34:32.604	1.32688	1.32693			6
2025.04.24	01:34:33.830	1.32690	1.32696			6
2025.04.24	01:34:34.135	1.32694	1.32700			6
2025.04.24	01:34:35.070	1.32693	1.32699			6
2025.04.24	01:34:35.379	1.32697	1.32702			6
2025.04.24	01:34:36.304	1.32698	1.32703			6
2025.04.24	01:34:37.230		1.32702			4
2025.04.24	01:34:37.540		1.32703			4
2025.04.24	01:34:39.086	1.32703	1.32709			6
2025.04.24	01:34:39.393	1.32704	1.32710			6
2025.04.24	01:34:40.620	1.32703				2
2025.04.24	01:34:41.544	1.32704				2
2025.04.24	01:34:44.619	1.32698	1.32703			6
2025.04.24	01:34:47.391		1.32704			4
2025.04.24	01:34:50.162		1.32703			4
2025.04.24	01:34:56.334		1.32702			4
2025.04.24	01:34:57.567	1.32700	1.32706			6
2025.04.24	01:34:57.870	1.32692	1.32698			6
2025.04.24	01:34:58.187	1.32694	1.32700			6
2025.04.24	01:34:59.729	1.32693	1.32699			6
2025.04.24	01:35:00.035	1.32693				2
2025.04.24	01:35:00.954	1.32695	1.32700			6
2025.04.24	01:35:01.577		1.32701			4
2025.04.24	01:35:07.448	1.32699	1.32705			6
2025.04.24	01:35:07.754	1.32697	1.32702			6
2025.04.24	01:35:11.154	1.32694	1.32700			6
2025.04.24	01:35:12.696	1.32693	1.32699			6
2025.04.24	01:35:13.928	1.32694	1.32700			6
2025.04.24	01:35:14.233		1.32699			4
2025.04.24	01:35:14.845	1.32692	1.32697			6
2025.04.24	01:35:15.148	1.32695	1.32700			6
2025.04.24	01:35:24.673	1.32696	1.32701			6
2025.04.24	01:35:26.225		1.32700			4
2025.04.24	01:35:41.225	1.32695	1.32699			6
2025.04.24	01:35:41.530	1.32696	1.32700			6
2025.04.24	01:35:42.440	1.32695	1.32699			6
2025.04.24	01:35:43.352	1.32696	1.32700			6
2025.04.24	01:35:44.872	1.32694	1.32698			6
2025.04.24	01:35:45.176	1.32693	1.32697			6
2025.04.24	01:35:46.098	1.32692	1.32696			6
2025.04.24	01:35:46.707	1.32691	1.32695			6
2025.04.24	01:35:49.156	1.32692				2
2025.04.24	01:35:49.776	1.32691	1.32694			6
2025.04.24	01:35:50.691	1.32697	1.32700			6
2025.04.24	01:35:51.002	1.32696	1.32699			6
2025.04.24	01:35:51.304		1.32700			4
2025.04.24	01:35:56.185	1.32697				2
2025.04.24	01:35:56.798	1.32696	1.32699			6
2025.04.24	01:35:59.555	1.32688	1.32691			6
2025.04.24	01:35:59.858	1.32691	1.32694			6
2025.04.24	01:36:00.165	1.32691	1.32695			6
2025.04.24	01:36:00.770	1.32690	1.32694			6
2025.04.24	01:36:05.354	1.32691				2
2025.04.24	01:36:06.271	1.32688	1.32691			6
2025.04.24	01:36:06.883	1.32687	1.32690			6
2025.04.24	01:36:07.186		1.32691			4
2025.04.24	01:36:08.719	1.32678	1.32682			6
2025.04.24	01:36:09.326	1.32677				2
2025.04.24	01:36:09.933	1.32676	1.32681			6
2025.04.24	01:36:10.864	1.32677	1.32682			6
2025.04.24	01:36:11.485	1.32678				2
2025.04.24	01:36:12.410		1.32681			4
2025.04.24	01:36:16.090	1.32681	1.32685			6
2025.04.24	01:36:16.401	1.32684	1.32688			6
2025.04.24	01:36:17.317	1.32679	1.32684			6
2025.04.24	01:36:18.548	1.32678	1.32683			6
2025.04.24	01:36:19.470		1.32682			4
2025.04.24	01:36:21.299	1.32686	1.32691			6
2025.04.24	01:36:21.609	1.32687	1.32692			6
2025.04.24	01:36:21.911	1.32686	1.32691			6
2025.04.24	01:36:22.226		1.32692			4
2025.04.24	01:36:26.224		1.32691			4
2025.04.24	01:36:27.146		1.32692			4
2025.04.24	01:36:32.375		1.32691			4
2025.04.24	01:36:32.683	1.32687	1.32692			6
2025.04.24	01:36:32.988		1.32691			4
2025.04.24	01:36:33.911	1.32689	1.32694			6
2025.04.24	01:36:35.140	1.32688	1.32692			6
2025.04.24	01:36:36.973	1.32686	1.32691			6
2025.04.24	01:36:37.597	1.32685	1.32690			6
2025.04.24	01:36:37.901	1.32686	1.32691			6
2025.04.24	01:36:41.275	1.32685	1.32690			6
2025.04.24	01:36:42.506	1.32686	1.32691			6
2025.04.24	01:36:42.812	1.32685	1.32690			6
2025.04.24	01:36:46.197	1.32686				2
2025.04.24	01:36:47.418	1.32687	1.32691			6
2025.04.24	01:36:51.411	1.32688	1.32692			6
2025.04.24	01:36:51.715	1.32687	1.32691			6
2025.04.24	01:36:57.604	1.32689	1.32693			6
2025.04.24	01:36:58.535	1.32688	1.32692			6
2025.04.24	01:37:00.085	1.32688				2
2025.04.24	01:37:00.389	1.32689	1.32693			6
2025.04.24	01:37:00.691	1.32692	1.32696			6
2025.04.24	01:37:01.604	1.32695	1.32699			6
2025.04.24	01:37:03.153	1.32697	1.32700			6
2025.04.24	01:37:03.461		1.32701			4
2025.04.24	01:37:06.542	1.32695	1.32699			6
2025.04.24	01:37:08.078	1.32696	1.32700			6
2025.04.24	01:37:12.718	1.32697				2
2025.04.24	01:37:13.028	1.32698	1.32702			6
2025.04.24	01:37:13.639	1.32697	1.32701			6
2025.04.24	01:37:15.812	1.32698	1.32702			6
2025.04.24	01:37:16.118	1.32699	1.32703			6
2025.04.24	01:37:17.040	1.32698	1.32702			6
2025.04.24	01:37:17.348	1.32699				2
2025.04.24	01:37:19.493	1.32698	1.32701			6
2025.04.24	01:37:30.807	1.32706	1.32709			6
2025.04.24	01:37:31.109		1.32710			4
2025.04.24	01:37:35.408	1.32699	1.32701			6
2025.04.24	01:37:35.710	1.32697				2
2025.04.24	01:37:36.334		1.32700			4
2025.04.24	01:37:36.637	1.32696				2
2025.04.24	01:37:37.248	1.32695				2
2025.04.24	01:37:37.558	1.32697	1.32702			6
2025.04.24	01:37:38.477	1.32696	1.32701			6
2025.04.24	01:37:42.473	1.32697	1.32702			6
2025.04.24	01:37:42.775	1.32696	1.32701			6
2025.04.24	01:37:46.163		1.32700			4
2025.04.24	01:37:48.928	1.32697	1.32701			6
2025.04.24	01:37:49.851	1.32696	1.32700			6
2025.04.24	01:37:51.387	1.32697	1.32701			6
2025.04.24	01:37:51.689	1.32696	1.32700			6
2025.04.24	01:37:52.613	1.32697	1.32701			6
2025.04.24	01:37:53.240	1.32696	1.32700			6
2025.04.24	01:37:53.541	1.32697	1.32701			6
2025.04.24	01:37:54.767	1.32696	1.32700			6
2025.04.24	01:37:55.379	1.32697	1.32701			6
2025.04.24	01:37:58.144	1.32696	1.32700			6
2025.04.24	01:37:58.754	1.32697	1.32701			6
2025.04.24	01:37:59.358	1.32696	1.32700			6
2025.04.24	01:37:59.665	1.32697	1.32701			6
2025.04.24	01:38:00.277	1.32697				2
2025.04.24	01:38:00.897	1.32698	1.32702			6
2025.04.24	01:38:01.203	1.32697	1.32701			6
2025.04.24	01:38:02.430	1.32702	1.32703			6
2025.04.24	01:38:02.735	1.32705	1.32709			6
2025.04.24	01:38:03.042	1.32706	1.32710			6
2025.04.24	01:38:03.352	1.32705				2
2025.04.24	01:38:07.347	1.32706				2
2025.04.24	01:38:09.496	1.32699	1.32703			6
2025.04.24	01:38:10.115		1.32704			4
2025.04.24	01:38:10.731	1.32698	1.32703			6
2025.04.24	01:38:13.489	1.32699				2
2025.04.24	01:38:13.791		1.32704			4
2025.04.24	01:38:15.322	1.32698	1.32703			6
2025.04.24	01:38:18.407	1.32705	1.32708			6
2025.04.24	01:38:18.714	1.32707				2
2025.04.24	01:38:19.336	1.32706				2
2025.04.24	01:38:19.642	1.32705				2
2025.04.24	01:38:21.807	1.32708	1.32713			6
2025.04.24	01:38:25.504	1.32715	1.32718			6
2025.04.24	01:38:25.814	1.32716				2
2025.04.24	01:38:26.120	1.32715				2
2025.04.24	01:38:30.421	1.32713	1.32716			6
2025.04.24	01:38:30.726	1.32715	1.32718			6
