<DATE>	<TIME>	<BID>	<ASK>	<LAST>	<VOLUME>	<FLAGS>
2025.08.05	00:03:30.832	1.32849	1.32996			6
2025.08.05	00:03:42.871	1.32843	1.32926			6
2025.08.05	00:03:46.222	1.32827	1.32922			6
2025.08.05	00:04:00.300	1.32827				2
2025.08.05	00:04:46.268		1.32922			4
2025.08.05	00:05:00.017	1.32827				2
2025.08.05	00:05:00.957	1.32817	1.32907			6
2025.08.05	00:05:01.877	1.32814	1.32903			6
2025.08.05	00:05:02.803		1.32902			4
2025.08.05	00:06:00.031	1.32814				2
2025.08.05	00:06:03.103		1.32902			4
2025.08.05	00:06:33.728	1.32817	1.32897			6
2025.08.05	00:06:37.409	1.32788	1.32878			6
2025.08.05	00:06:53.691	1.32793	1.32883			6
2025.08.05	00:07:00.145	1.32793				2
2025.08.05	00:07:47.172	1.32807				2
2025.08.05	00:07:47.481		1.32870			4
2025.08.05	00:07:48.396		1.32876			4
2025.08.05	00:08:00.078	1.32807				2
2025.08.05	00:08:30.360	1.32817	1.32885			6
2025.08.05	00:09:00.033	1.32817				2
2025.08.05	00:09:30.384		1.32885			4
2025.08.05	00:10:00.251	1.32817				2
2025.08.05	00:10:11.689	1.32795				2
2025.08.05	00:10:30.448		1.32885			4
2025.08.05	00:11:00.061	1.32795				2
2025.08.05	00:11:05.293	1.32817				2
2025.08.05	00:11:06.522	1.32808	1.32877			6
2025.08.05	00:11:07.445	1.32787				2
2025.08.05	00:11:08.371	1.32808				2
2025.08.05	00:11:14.836	1.32787				2
2025.08.05	00:11:15.762	1.32808				2
2025.08.05	00:11:22.228	1.32787				2
2025.08.05	00:11:23.152	1.32808				2
2025.08.05	00:11:29.309	1.32787				2
2025.08.05	00:11:30.538	1.32808				2
2025.08.05	00:11:36.701	1.32787				2
2025.08.05	00:11:37.931	1.32808				2
2025.08.05	00:12:00.144	1.32808				2
2025.08.05	00:12:06.623		1.32877			4
2025.08.05	00:12:25.117	1.32801	1.32872			6
2025.08.05	00:13:00.253	1.32801				2
2025.08.05	00:13:00.871	1.32810	1.32873			6
2025.08.05	00:13:03.178	1.32817	1.32885			6
2025.08.05	00:13:10.794	1.32828	1.32971			6
2025.08.05	00:13:32.579		1.32968			4
2025.08.05	00:13:33.382		1.32970			4
2025.08.05	00:13:33.696		1.32981			4
2025.08.05	00:14:00.097	1.32828				2
2025.08.05	00:14:33.982		1.32981			4
2025.08.05	00:14:40.741		1.32978			4
2025.08.05	00:14:44.426		1.32979			4
2025.08.05	00:14:49.536		1.32975			4
2025.08.05	00:15:00.039	1.32828				2
2025.08.05	00:15:00.654		1.32970			4
2025.08.05	00:15:08.778		1.32971			4
2025.08.05	00:15:25.878		1.32972			4
2025.08.05	00:15:29.389		1.32946			4
2025.08.05	00:15:32.584		1.32943			4
2025.08.05	00:15:34.823		1.32944			4
2025.08.05	00:15:35.143		1.32943			4
2025.08.05	00:15:37.012		1.32944			4
2025.08.05	00:15:37.662		1.32943			4
2025.08.05	00:15:38.939		1.32944			4
2025.08.05	00:15:40.213		1.32943			4
2025.08.05	00:15:42.057		1.32946			4
2025.08.05	00:15:42.674		1.32954			4
2025.08.05	00:15:44.928		1.32953			4
2025.08.05	00:15:47.911		1.32956			4
2025.08.05	00:15:48.231		1.32957			4
2025.08.05	00:15:50.467		1.32947			4
2025.08.05	00:15:59.516		1.32949			4
2025.08.05	00:16:00.155	1.32828				2
2025.08.05	00:16:10.707		1.32952			4
2025.08.05	00:16:11.015		1.32956			4
2025.08.05	00:16:16.554	1.32832	1.32954			6
2025.08.05	00:16:17.560	1.32837				2
2025.08.05	00:16:18.482	1.32838				2
2025.08.05	00:16:23.535		1.32958			4
2025.08.05	00:16:36.759		1.32953			4
2025.08.05	00:16:46.296		1.32954			4
2025.08.05	00:16:50.924		1.32951			4
2025.08.05	00:16:51.547		1.32950			4
2025.08.05	00:16:51.850		1.32955			4
2025.08.05	00:16:59.259		1.32954			4
2025.08.05	00:16:59.573		1.32952			4
2025.08.05	00:17:00.190	1.32838				2
2025.08.05	00:17:03.042		1.32953			4
2025.08.05	00:17:08.945		1.32952			4
2025.08.05	00:17:09.257		1.32954			4
2025.08.05	00:17:09.870		1.32955			4
2025.08.05	00:17:27.857		1.32949			4
2025.08.05	00:17:28.470		1.32952			4
2025.08.05	00:17:29.392		1.32953			4
2025.08.05	00:17:29.701		1.32954			4
2025.08.05	00:17:30.315		1.32953			4
2025.08.05	00:17:31.235		1.32954			4
2025.08.05	00:17:31.549		1.32953			4
2025.08.05	00:17:32.158		1.32954			4
2025.08.05	00:17:37.696		1.32952			4
2025.08.05	00:17:41.075		1.32960			4
2025.08.05	00:17:43.845		1.32962			4
2025.08.05	00:17:48.762		1.32976			4
2025.08.05	00:17:49.682		1.32960			4
2025.08.05	00:18:00.130	1.32838				2
2025.08.05	00:18:04.132		1.32962			4
2025.08.05	00:18:19.505		1.32967			4
2025.08.05	00:18:19.812		1.32962			4
2025.08.05	00:18:29.476		1.32959			4
2025.08.05	00:18:34.403		1.32960			4
2025.08.05	00:18:39.472		1.32961			4
2025.08.05	00:18:41.621	1.32848	1.32956			6
2025.08.05	00:18:46.239		1.32955			4
2025.08.05	00:18:56.996		1.32957			4
2025.08.05	00:18:58.222		1.32956			4
2025.08.05	00:19:00.065	1.32848				2
2025.08.05	00:19:08.631	1.32844	1.32962			6
2025.08.05	00:19:19.941		1.32972			4
2025.08.05	00:19:20.554		1.32964			4
2025.08.05	00:19:24.578		1.32966			4
2025.08.05	00:19:24.885		1.32970			4
2025.08.05	00:19:25.194		1.32968			4
2025.08.05	00:19:25.500		1.32970			4
2025.08.05	00:19:25.811		1.32968			4
2025.08.05	00:19:26.117		1.32966			4
2025.08.05	00:19:34.713		1.32967			4
2025.08.05	00:19:35.641		1.32955			4
2025.08.05	00:19:36.562		1.32957			4
2025.08.05	00:20:00.231	1.32844				2
2025.08.05	00:20:00.537	1.32833				2
2025.08.05	00:20:00.852		1.32956			4
2025.08.05	00:20:03.613	1.32845				2
2025.08.05	00:20:07.603		1.32957			4
2025.08.05	00:20:08.829		1.32958			4
2025.08.05	00:20:18.047		1.32957			4
2025.08.05	00:20:20.205		1.32959			4
2025.08.05	00:20:30.732		1.32957			4
2025.08.05	00:20:31.659		1.32955			4
2025.08.05	00:20:38.589		1.32959			4
2025.08.05	00:20:58.446	1.32852				2
2025.08.05	00:21:00.294	1.32852				2
2025.08.05	00:21:00.908		1.32958			4
2025.08.05	00:21:02.138		1.32961			4
2025.08.05	00:21:04.297		1.32963			4
2025.08.05	00:21:25.838		1.32961			4
2025.08.05	00:21:26.458		1.32980			4
2025.08.05	00:21:26.760		1.32978			4
2025.08.05	00:21:37.210		1.32988			4
2025.08.05	00:21:42.311		1.32984			4
2025.08.05	00:21:45.093		1.32985			4
2025.08.05	00:21:45.711		1.32984			4
2025.08.05	00:21:50.936	1.32817	1.32965			6
2025.08.05	00:22:00.441	1.32817				2
2025.08.05	00:22:03.691	1.32837	1.32988			6
2025.08.05	00:22:04.618		1.32987			4
2025.08.05	00:22:05.541		1.32989			4
2025.08.05	00:22:16.619		1.32990			4
2025.08.05	00:22:18.770		1.32998			4
2025.08.05	00:22:19.763		1.32988			4
2025.08.05	00:22:36.745		1.32990			4
2025.08.05	00:22:57.363	1.32803	1.32925			6
2025.08.05	00:22:57.707	1.32795				2
2025.08.05	00:23:00.125	1.32795				2
2025.08.05	00:23:03.057		1.32929			4
2025.08.05	00:23:15.976	1.32798	1.32975			6
2025.08.05	00:23:16.728	1.32799				2
2025.08.05	00:23:18.038	1.32798				2
2025.08.05	00:23:37.539	1.32823	1.32990			6
2025.08.05	00:23:37.847		1.32993			4
2025.08.05	00:23:39.579		1.32992			4
2025.08.05	00:23:41.116		1.32991			4
2025.08.05	00:23:43.576		1.32993			4
2025.08.05	00:24:00.362	1.32823				2
2025.08.05	00:24:14.253		1.32985			4
2025.08.05	00:24:24.124		1.32984			4
2025.08.05	00:24:37.766		1.32983			4
2025.08.05	00:24:41.796		1.32984			4
2025.08.05	00:24:52.252	1.32789				2
2025.08.05	00:24:55.941	1.32823				2
2025.08.05	00:24:58.094		1.32960			4
2025.08.05	00:25:00.249	1.32823				2
2025.08.05	00:25:04.234		1.32954			4
2025.08.05	00:25:05.766		1.32958			4
2025.08.05	00:25:06.379		1.32963			4
2025.08.05	00:25:06.681		1.32965			4
2025.08.05	00:25:06.991		1.32968			4
2025.08.05	00:25:07.912		1.32966			4
2025.08.05	00:25:11.605		1.32961			4
2025.08.05	00:25:13.148		1.32959			4
2025.08.05	00:25:14.684		1.32976			4
2025.08.05	00:25:14.996		1.32956			4
2025.08.05	00:25:23.293		1.32955			4
2025.08.05	00:25:24.830		1.32957			4
2025.08.05	00:25:26.677		1.32958			4
2025.08.05	00:25:27.292	1.32824	1.32949			6
2025.08.05	00:25:30.371		1.32951			4
2025.08.05	00:25:33.456		1.32954			4
2025.08.05	00:25:34.677		1.32955			4
2025.08.05	00:25:35.604		1.32958			4
2025.08.05	00:25:38.676		1.32960			4
2025.08.05	00:25:42.373		1.32959			4
2025.08.05	00:26:00.232	1.32824				2
2025.08.05	00:26:02.389		1.32929			4
2025.08.05	00:26:02.703	1.32825	1.32925			6
2025.08.05	00:26:03.494		1.32920			4
2025.08.05	00:26:15.643		1.32919			4
2025.08.05	00:26:17.783	1.32824	1.32920			6
2025.08.05	00:26:18.467	1.32825	1.32926			6
2025.08.05	00:26:18.775	1.32824	1.32920			6
2025.08.05	00:26:25.707		1.32919			4
2025.08.05	00:26:26.620		1.32914			4
2025.08.05	00:26:29.982		1.32917			4
2025.08.05	00:26:30.296		1.32914			4
2025.08.05	00:26:37.263	1.32826				2
2025.08.05	00:26:37.566		1.32912			4
2025.08.05	00:26:45.064	1.32824				2
2025.08.05	00:27:00.848	1.32824				2
2025.08.05	00:27:09.176	1.32813	1.32914			6
2025.08.05	00:27:09.481	1.32803	1.32916			6
2025.08.05	00:27:15.037	1.32805				2
2025.08.05	00:27:15.353	1.32803				2
2025.08.05	00:27:19.582	1.32801				2
2025.08.05	00:27:42.340	1.32800	1.32925			6
2025.08.05	00:27:49.324		1.32926			4
2025.08.05	00:28:01.946	1.32800				2
2025.08.05	00:28:30.737	1.32796	1.32923			6
2025.08.05	00:28:31.669		1.32926			4
2025.08.05	00:28:32.590	1.32797				2
2025.08.05	00:28:33.809	1.32796	1.32925			6
2025.08.05	00:28:34.730	1.32800				2
2025.08.05	00:28:36.266		1.32926			4
2025.08.05	00:28:37.501		1.32925			4
2025.08.05	00:28:38.113	1.32797	1.32923			6
2025.08.05	00:28:42.150		1.32926			4
2025.08.05	00:28:42.662		1.32925			4
2025.08.05	00:28:43.584		1.32924			4
2025.08.05	00:28:44.201		1.32925			4
2025.08.05	00:28:47.882		1.32924			4
2025.08.05	00:28:48.797		1.32925			4
2025.08.05	00:28:57.112		1.32922			4
2025.08.05	00:29:00.201	1.32797				2
2025.08.05	00:29:01.113		1.32923			4
2025.08.05	00:29:05.711		1.32922			4
2025.08.05	00:29:07.553		1.32923			4
2025.08.05	00:29:14.916		1.32920			4
2025.08.05	00:29:21.653		1.32922			4
2025.08.05	00:29:22.266		1.32921			4
2025.08.05	00:29:23.184		1.32922			4
2025.08.05	00:29:28.092	1.32795				2
2025.08.05	00:29:28.397		1.32919			4
2025.08.05	00:29:29.624		1.32920			4
2025.08.05	00:29:33.921		1.32919			4
2025.08.05	00:29:37.600		1.32921			4
2025.08.05	00:29:38.209		1.32919			4
2025.08.05	00:29:39.437	1.32794				2
2025.08.05	00:29:39.741		1.32953			4
2025.08.05	00:29:41.436		1.32944			4
2025.08.05	00:29:44.496		1.32945			4
2025.08.05	00:29:45.113		1.32942			4
2025.08.05	00:29:45.729		1.32943			4
2025.08.05	00:29:46.040		1.32949			4
2025.08.05	00:29:46.648		1.32950			4
2025.08.05	00:29:46.954		1.32951			4
2025.08.05	00:29:47.571		1.32952			4
2025.08.05	00:29:52.004		1.32951			4
2025.08.05	00:29:52.619		1.32949			4
2025.08.05	00:29:53.232		1.32951			4
2025.08.05	00:29:54.764		1.32950			4
2025.08.05	00:29:58.636		1.32951			4
2025.08.05	00:29:58.958		1.32952			4
2025.08.05	00:29:59.582		1.32953			4
2025.08.05	00:30:00.365	1.32794				2
2025.08.05	00:30:00.849	1.32798	1.32945			6
2025.08.05	00:30:01.177		1.32950			4
2025.08.05	00:30:21.761	1.32821				2
2025.08.05	00:30:25.221	1.32824				2
2025.08.05	00:30:26.529		1.32949			4
2025.08.05	00:30:29.084		1.32948			4
2025.08.05	00:30:30.362		1.32947			4
2025.08.05	00:30:31.316		1.32950			4
2025.08.05	00:30:35.233	1.32830				2
2025.08.05	00:30:36.277		1.32949			4
2025.08.05	00:30:37.542		1.32950			4
2025.08.05	00:30:38.179		1.32947			4
2025.08.05	00:30:49.472		1.32946			4
2025.08.05	00:30:52.201		1.32950			4
2025.08.05	00:30:52.541	1.32826				2
2025.08.05	00:30:54.138	1.32823				2
2025.08.05	00:30:56.163	1.32820				2
2025.08.05	00:30:56.557	1.32825				2
2025.08.05	00:30:57.413	1.32823				2
2025.08.05	00:30:58.809	1.32824				2
2025.08.05	00:31:00.765	1.32824				2
2025.08.05	00:31:01.218	1.32821				2
2025.08.05	00:31:01.762	1.32826				2
2025.08.05	00:31:02.763	1.32824				2
2025.08.05	00:31:03.237	1.32821				2
2025.08.05	00:31:03.762	1.32824				2
2025.08.05	00:31:05.760	1.32820				2
2025.08.05	00:31:07.293	1.32824				2
2025.08.05	00:31:08.079	1.32823				2
2025.08.05	00:31:09.298	1.32825				2
2025.08.05	00:31:09.760	1.32823				2
2025.08.05	00:31:12.335	1.32825				2
2025.08.05	00:31:12.759	1.32823				2
2025.08.05	00:31:15.760	1.32815	1.32953			6
2025.08.05	00:31:16.081	1.32824	1.32950			6
2025.08.05	00:31:18.402		1.32949			4
2025.08.05	00:31:18.723		1.32950			4
2025.08.05	00:31:24.709		1.32946			4
2025.08.05	00:31:29.343		1.32945			4
2025.08.05	00:31:30.300		1.32947			4
2025.08.05	00:31:30.621		1.32946			4
2025.08.05	00:31:31.906		1.32947			4
2025.08.05	00:31:32.537		1.32946			4
2025.08.05	00:31:37.655		1.32945			4
2025.08.05	00:31:37.972		1.32946			4
2025.08.05	00:31:38.939		1.32944			4
2025.08.05	00:31:39.890		1.32945			4
2025.08.05	00:31:40.215	1.32825				2
2025.08.05	00:31:48.855		1.32943			4
2025.08.05	00:31:49.469		1.32950			4
2025.08.05	00:32:00.396	1.32825				2
2025.08.05	00:32:02.871	1.32823				2
2025.08.05	00:32:06.844	1.32820				2
2025.08.05	00:32:18.096	1.32822				2
2025.08.05	00:32:18.906		1.32948			4
2025.08.05	00:32:20.497		1.32947			4
2025.08.05	00:32:24.655		1.32948			4
2025.08.05	00:32:25.930		1.32936			4
2025.08.05	00:32:26.258		1.32937			4
2025.08.05	00:32:28.483		1.32936			4
2025.08.05	00:32:32.828		1.32939			4
2025.08.05	00:32:34.659		1.32940			4
2025.08.05	00:32:38.045	1.32817	1.32942			6
2025.08.05	00:32:38.352	1.32821	1.32933			6
2025.08.05	00:32:39.276		1.32932			4
2025.08.05	00:32:39.582	1.32819				2
2025.08.05	00:32:40.208		1.32934			4
2025.08.05	00:32:40.510		1.32937			4
2025.08.05	00:32:42.668	1.32820				2
2025.08.05	00:32:44.208		1.32936			4
2025.08.05	00:32:48.964	1.32819	1.32938			6
2025.08.05	00:32:49.272		1.32937			4
2025.08.05	00:32:53.594	1.32823	1.32954			6
2025.08.05	00:33:00.067	1.32823				2
2025.08.05	00:33:00.374		1.32955			4
2025.08.05	00:33:04.070		1.32939			4
2025.08.05	00:33:04.690		1.32941			4
2025.08.05	00:33:14.517		1.32940			4
2025.08.05	00:33:24.370		1.32937			4
2025.08.05	00:33:33.792	1.32828	1.32934			6
2025.08.05	00:33:34.723		1.32933			4
2025.08.05	00:33:35.340		1.32932			4
2025.08.05	00:33:40.265		1.32934			4
2025.08.05	00:33:40.906		1.32933			4
2025.08.05	00:33:43.458		1.32935			4
2025.08.05	00:33:47.286		1.32933			4
2025.08.05	00:33:49.443		1.32935			4
2025.08.05	00:33:49.748		1.32933			4
2025.08.05	00:33:54.669		1.32934			4
2025.08.05	00:34:00.207	1.32828				2
2025.08.05	00:34:03.884		1.32936			4
2025.08.05	00:34:06.040		1.32935			4
2025.08.05	00:34:14.442		1.32936			4
2025.08.05	00:34:16.291		1.32958			4
2025.08.05	00:34:16.594		1.32961			4
2025.08.05	00:34:17.210		1.32968			4
2025.08.05	00:34:17.518	1.32829	1.32967			6
2025.08.05	00:34:18.747		1.32962			4
2025.08.05	00:34:19.666		1.32961			4
2025.08.05	00:34:20.674		1.32959			4
2025.08.05	00:34:21.284		1.32960			4
2025.08.05	00:34:21.899		1.32959			4
2025.08.05	00:34:22.210		1.32963			4
2025.08.05	00:34:22.512		1.32961			4
2025.08.05	00:34:22.821		1.32969			4
2025.08.05	00:34:23.744		1.32966			4
2025.08.05	00:34:24.048		1.32963			4
2025.08.05	00:34:25.277		1.32968			4
2025.08.05	00:34:25.586		1.32966			4
2025.08.05	00:34:26.195		1.32964			4
2025.08.05	00:34:27.425		1.32940			4
2025.08.05	00:34:41.051		1.32941			4
2025.08.05	00:34:58.264		1.32939			4
2025.08.05	00:35:00.117	1.32829				2
2025.08.05	00:35:00.421		1.32937			4
2025.08.05	00:35:01.654	1.32843				2
2025.08.05	00:35:03.512		1.32938			4
2025.08.05	00:35:14.277		1.32941			4
2025.08.05	00:35:20.283		1.32938			4
2025.08.05	00:35:27.480	1.32837	1.32933			6
2025.08.05	00:35:27.805		1.32936			4
2025.08.05	00:35:29.340	1.32829				2
2025.08.05	00:35:30.872		1.32935			4
2025.08.05	00:35:32.723		1.32932			4
2025.08.05	00:35:36.445		1.32933			4
2025.08.05	00:35:36.757		1.32935			4
2025.08.05	00:35:37.062		1.32930			4
2025.08.05	00:35:37.673	1.32831	1.32929			6
2025.08.05	00:35:38.283	1.32830	1.32932			6
2025.08.05	00:35:38.898	1.32829	1.32929			6
2025.08.05	00:35:41.943		1.32925			4
2025.08.05	00:35:42.246		1.32924			4
2025.08.05	00:35:43.156		1.32925			4
2025.08.05	00:35:43.770	1.32832	1.32922			6
2025.08.05	00:35:52.032		1.32927			4
2025.08.05	00:35:52.653	1.32833	1.32923			6
2025.08.05	00:35:54.801	1.32832	1.32925			6
2025.08.05	00:35:55.712	1.32833	1.32923			6
2025.08.05	00:36:00.276	1.32833				2
2025.08.05	00:36:00.587	1.32832	1.32924			6
2025.08.05	00:36:00.897		1.32923			4
2025.08.05	00:36:01.198		1.32921			4
2025.08.05	00:36:01.509		1.32920			4
2025.08.05	00:36:01.810	1.32843	1.32921			6
2025.08.05	00:36:02.120		1.32922			4
2025.08.05	00:36:02.423		1.32921			4
2025.08.05	00:36:02.738		1.32918			4
2025.08.05	00:36:06.724		1.32924			4
2025.08.05	00:36:10.117		1.32923			4
2025.08.05	00:36:11.039		1.32924			4
2025.08.05	00:36:11.372		1.32918			4
2025.08.05	00:36:13.582		1.32924			4
2025.08.05	00:36:16.658		1.32920			4
2025.08.05	00:36:16.966	1.32838	1.32931			6
2025.08.05	00:36:17.272		1.32932			4
2025.08.05	00:36:17.578	1.32832				2
2025.08.05	00:36:17.968		1.32926			4
2025.08.05	00:36:18.605		1.32928			4
2025.08.05	00:36:18.907		1.32929			4
2025.08.05	00:36:20.455		1.32930			4
2025.08.05	00:36:20.765		1.32932			4
2025.08.05	00:36:21.680	1.32833	1.32930			6
2025.08.05	00:36:22.602		1.32926			4
2025.08.05	00:36:23.526		1.32927			4
2025.08.05	00:36:24.604	1.32836	1.32933			6
2025.08.05	00:36:30.002		1.32934			4
2025.08.05	00:36:30.627		1.32929			4
2025.08.05	00:36:30.962		1.32932			4
2025.08.05	00:36:34.995	1.32837	1.32935			6
2025.08.05	00:36:35.296		1.32929			4
2025.08.05	00:36:35.608		1.32926			4
2025.08.05	00:36:35.909		1.32924			4
2025.08.05	00:36:36.522		1.32926			4
2025.08.05	00:36:38.672		1.32925			4
2025.08.05	00:36:45.743		1.32923			4
2025.08.05	00:36:55.905		1.32925			4
2025.08.05	00:36:56.214		1.32921			4
2025.08.05	00:36:59.912	1.32835	1.32928			6
2025.08.05	00:37:00.220	1.32835	1.32920			6
2025.08.05	00:37:10.384		1.32926			4
2025.08.05	00:37:11.296		1.32928			4
2025.08.05	00:37:15.345		1.32926			4
2025.08.05	00:37:15.666		1.32925			4
2025.08.05	00:37:22.878		1.32929			4
2025.08.05	00:37:23.182		1.32928			4
2025.08.05	00:37:27.053		1.32927			4
2025.08.05	00:37:29.872		1.32920			4
2025.08.05	00:37:30.838		1.32922			4
2025.08.05	00:37:35.777		1.32926			4
2025.08.05	00:37:36.080		1.32924			4
2025.08.05	00:37:37.617		1.32927			4
2025.08.05	00:37:48.066		1.32928			4
2025.08.05	00:37:49.356		1.32932			4
2025.08.05	00:37:49.977		1.32929			4
2025.08.05	00:37:51.903		1.32928			4
2025.08.05	00:37:56.199		1.32926			4
2025.08.05	00:38:00.220	1.32835				2
2025.08.05	00:38:01.454		1.32920			4
2025.08.05	00:38:01.763		1.32921			4
2025.08.05	00:38:04.219		1.32924			4
2025.08.05	00:38:14.736		1.32922			4
2025.08.05	00:38:21.602		1.32924			4
2025.08.05	00:38:22.558		1.32921			4
2025.08.05	00:38:23.796		1.32929			4
2025.08.05	00:38:24.415		1.32927			4
2025.08.05	00:38:25.022	1.32842				2
2025.08.05	00:38:25.335		1.32926			4
2025.08.05	00:38:29.018		1.32927			4
2025.08.05	00:38:33.922		1.32926			4
2025.08.05	00:38:37.668		1.32924			4
2025.08.05	00:38:43.196		1.32922			4
2025.08.05	00:38:43.497	1.32844				2
2025.08.05	00:38:44.738	1.32842				2
2025.08.05	00:38:45.657		1.32924			4
2025.08.05	00:38:47.502		1.32925			4
2025.08.05	00:38:49.963	1.32844	1.32924			6
2025.08.05	00:38:58.567		1.32925			4
2025.08.05	00:39:00.095	1.32844				2
2025.08.05	00:39:10.331		1.32927			4
2025.08.05	00:39:14.327		1.32925			4
2025.08.05	00:39:14.637		1.32927			4
2025.08.05	00:39:18.017		1.32924			4
2025.08.05	00:39:19.241		1.32923			4
2025.08.05	00:39:24.191		1.32921			4
2025.08.05	00:39:29.416		1.32923			4
2025.08.05	00:39:34.643		1.32922			4
2025.08.05	00:39:41.712		1.32925			4
2025.08.05	00:39:50.018		1.32928			4
2025.08.05	00:40:00.179	1.32844				2
2025.08.05	00:40:04.237	1.32837				2
2025.08.05	00:40:13.473	1.32844	1.32924			6
2025.08.05	00:40:49.877		1.32930			4
2025.08.05	00:40:50.186		1.32928			4
2025.08.05	00:41:00.053	1.32844				2
2025.08.05	00:41:07.004		1.32934			4
2025.08.05	00:41:07.621		1.32928			4
2025.08.05	00:41:08.546		1.32927			4
2025.08.05	00:41:08.852		1.32929			4
2025.08.05	00:41:09.773		1.32930			4
2025.08.05	00:41:13.159		1.32928			4
2025.08.05	00:41:13.469		1.32929			4
2025.08.05	00:41:18.085		1.32931			4
2025.08.05	00:41:26.085		1.32928			4
2025.08.05	00:41:27.632		1.32923			4
2025.08.05	00:41:28.863		1.32932			4
2025.08.05	00:41:29.476		1.32931			4
2025.08.05	00:41:40.548		1.32924			4
2025.08.05	00:41:50.087		1.32929			4
2025.08.05	00:41:50.700		1.32928			4
2025.08.05	00:41:53.154	1.32842				2
2025.08.05	00:42:00.214	1.32842	1.32934			6
2025.08.05	00:42:03.598		1.32933			4
2025.08.05	00:42:06.370		1.32932			4
2025.08.05	00:42:07.598		1.32935			4
2025.08.05	00:42:08.521		1.32933			4
2025.08.05	00:42:10.672		1.32930			4
2025.08.05	00:42:14.677		1.32931			4
2025.08.05	00:42:21.743		1.32929			4
2025.08.05	00:42:22.661		1.32928			4
2025.08.05	00:42:29.425		1.32927			4
2025.08.05	00:42:33.425		1.32925			4
2025.08.05	00:42:34.999		1.32926			4
2025.08.05	00:42:48.642		1.32930			4
2025.08.05	00:42:53.262		1.32928			4
2025.08.05	00:42:54.497		1.32927			4
2025.08.05	00:42:54.801		1.32928			4
2025.08.05	00:43:00.032	1.32842	1.32927			6
2025.08.05	00:43:11.170		1.32926			4
2025.08.05	00:43:14.246		1.32925			4
2025.08.05	00:43:18.561		1.32924			4
2025.08.05	00:43:18.870		1.32923			4
2025.08.05	00:43:21.330	1.32840	1.32924			6
2025.08.05	00:43:21.639		1.32923			4
2025.08.05	00:43:29.373	1.32841	1.32922			6
2025.08.05	00:43:30.325	1.32840				2
2025.08.05	00:43:32.905		1.32920			4
2025.08.05	00:43:34.822		1.32921			4
2025.08.05	00:43:35.133		1.32920			4
2025.08.05	00:43:35.437		1.32921			4
2025.08.05	00:43:39.317		1.32918			4
2025.08.05	00:43:40.585		1.32928			4
2025.08.05	00:43:59.874	1.32837				2
2025.08.05	00:44:00.251	1.32837	1.32919			6
2025.08.05	00:44:04.251		1.32926			4
2025.08.05	00:44:12.277		1.32920			4
2025.08.05	00:44:35.080		1.32927			4
2025.08.05	00:44:38.471		1.32924			4
2025.08.05	00:44:39.705		1.32922			4
2025.08.05	00:44:40.009	1.32836				2
2025.08.05	00:44:42.484		1.32921			4
2025.08.05	00:44:57.226		1.32920			4
2025.08.05	00:44:58.499		1.32919			4
2025.08.05	00:45:00.097	1.32837	1.32923			6
2025.08.05	00:45:00.416		1.32922			4
2025.08.05	00:45:03.182	1.32832				2
2025.08.05	00:45:06.698	1.32837				2
2025.08.05	00:45:10.536	1.32853	1.32906			6
2025.08.05	00:45:26.542		1.32905			4
2025.08.05	00:45:30.612		1.32906			4
2025.08.05	00:45:32.774		1.32904			4
2025.08.05	00:45:57.231		1.32905			4
2025.08.05	00:46:00.000	1.32853				2
2025.08.05	00:46:02.458		1.32906			4
2025.08.05	00:46:30.405		1.32908			4
2025.08.05	00:46:30.709		1.32910			4
2025.08.05	00:46:31.635		1.32911			4
2025.08.05	00:46:34.110		1.32908			4
2025.08.05	00:46:34.413		1.32907			4
2025.08.05	00:46:51.793		1.32908			4
2025.08.05	00:46:57.652		1.32907			4
2025.08.05	00:47:00.119	1.32853				2
2025.08.05	00:47:00.427		1.32908			4
2025.08.05	00:47:03.044	1.32850				2
2025.08.05	00:47:03.351	1.32846	1.32912			6
2025.08.05	00:47:03.657	1.32849	1.32907			6
2025.08.05	00:47:06.739	1.32855				2
2025.08.05	00:47:19.159		1.32906			4
2025.08.05	00:47:35.106	1.32852	1.32915			6
2025.08.05	00:47:35.815		1.32914			4
2025.08.05	00:47:36.746	1.32854	1.32913			6
2025.08.05	00:47:39.332		1.32914			4
2025.08.05	00:47:39.960		1.32913			4
2025.08.05	00:47:46.794		1.32906			4
2025.08.05	00:47:47.098		1.32905			4
2025.08.05	00:47:50.869		1.32904			4
2025.08.05	00:48:00.115	1.32854				2
2025.08.05	00:48:01.043		1.32911			4
2025.08.05	00:48:01.659		1.32909			4
2025.08.05	00:48:02.282		1.32910			4
2025.08.05	00:48:03.205		1.32908			4
2025.08.05	00:48:04.764		1.32907			4
2025.08.05	00:48:09.382	1.32852	1.32909			6
2025.08.05	00:48:09.997	1.32853				2
2025.08.05	00:48:11.852		1.32908			4
2025.08.05	00:48:12.160		1.32907			4
2025.08.05	00:48:13.085		1.32906			4
2025.08.05	00:48:16.166		1.32903			4
2025.08.05	00:48:42.664		1.32907			4
2025.08.05	00:48:42.975		1.32911			4
2025.08.05	00:48:45.748	1.32855	1.32909			6
2025.08.05	00:48:46.055		1.32905			4
2025.08.05	00:48:46.672		1.32906			4
2025.08.05	00:48:49.262	1.32856				2
2025.08.05	00:48:49.571		1.32903			4
2025.08.05	00:48:54.496		1.32901			4
2025.08.05	00:48:54.805		1.32903			4
2025.08.05	00:48:58.567	1.32857	1.32908			6
2025.08.05	00:48:58.874		1.32907			4
2025.08.05	00:49:00.106	1.32857				2
2025.08.05	00:49:04.726		1.32911			4
2025.08.05	00:49:49.585		1.32913			4
2025.08.05	00:49:51.741		1.32912			4
2025.08.05	00:50:00.051	1.32857				2
2025.08.05	00:50:00.363		1.32911			4
2025.08.05	00:50:04.672		1.32910			4
2025.08.05	00:50:04.981		1.32909			4
2025.08.05	00:50:33.715		1.32911			4
2025.08.05	00:50:37.716	1.32855	1.32909			6
2025.08.05	00:50:41.913		1.32907			4
2025.08.05	00:50:48.623		1.32906			4
2025.08.05	00:51:00.149	1.32855				2
2025.08.05	00:51:44.545		1.32905			4
2025.08.05	00:52:00.239	1.32855				2
2025.08.05	00:52:14.477		1.32906			4
2025.08.05	00:52:14.782		1.32907			4
2025.08.05	00:52:22.155		1.32909			4
2025.08.05	00:52:33.217		1.32910			4
2025.08.05	00:52:38.135	1.32853				2
2025.08.05	00:53:00.251	1.32853				2
2025.08.05	00:53:00.561	1.32856	1.32902			6
2025.08.05	00:53:00.862		1.32897			4
2025.08.05	00:53:29.862	1.32852				2
2025.08.05	00:53:33.879	1.32821	1.32898			6
2025.08.05	00:53:34.182	1.32817	1.32897			6
2025.08.05	00:53:34.495	1.32818	1.32899			6
2025.08.05	00:53:34.807	1.32814	1.32896			6
2025.08.05	00:53:35.111		1.32893			4
2025.08.05	00:53:36.037	1.32808	1.32887			6
2025.08.05	00:53:36.341		1.32884			4
2025.08.05	00:53:36.953	1.32809				2
2025.08.05	00:53:37.265	1.32808				2
2025.08.05	00:53:38.193	1.32836				2
2025.08.05	00:53:38.496		1.32887			4
2025.08.05	00:53:40.351		1.32886			4
2025.08.05	00:53:42.496	1.32831	1.32888			6
2025.08.05	00:53:42.809		1.32889			4
2025.08.05	00:53:43.115		1.32887			4
2025.08.05	00:53:43.431		1.32889			4
2025.08.05	00:53:52.973		1.32886			4
2025.08.05	00:54:00.114	1.32831	1.32890			6
2025.08.05	00:54:02.586		1.32888			4
2025.08.05	00:54:06.470		1.32891			4
2025.08.05	00:54:06.786		1.32892			4
2025.08.05	00:54:08.035		1.32891			4
2025.08.05	00:54:16.346		1.32890			4
2025.08.05	00:54:17.309		1.32889			4
2025.08.05	00:54:22.872		1.32886			4
2025.08.05	00:54:29.966		1.32883			4
2025.08.05	00:54:30.889		1.32884			4
2025.08.05	00:54:31.196		1.32885			4
2025.08.05	00:54:31.502		1.32889			4
2025.08.05	00:54:34.602		1.32886			4
2025.08.05	00:54:36.748		1.32889			4
2025.08.05	00:54:38.597		1.32888			4
2025.08.05	00:54:40.762		1.32884			4
2025.08.05	00:54:41.077		1.32883			4
2025.08.05	00:54:50.903		1.32886			4
2025.08.05	00:54:51.224		1.32887			4
2025.08.05	00:55:00.137	1.32831				2
2025.08.05	00:55:03.738	1.32828	1.32883			6
2025.08.05	00:55:04.382		1.32879			4
2025.08.05	00:55:09.972		1.32877			4
2025.08.05	00:55:21.444	1.32818	1.32878			6
2025.08.05	00:55:21.796	1.32816	1.32879			6
2025.08.05	00:55:22.102	1.32815	1.32878			6
2025.08.05	00:55:22.408	1.32818	1.32881			6
2025.08.05	00:55:22.715		1.32883			4
2025.08.05	00:55:23.018	1.32815	1.32882			6
2025.08.05	00:55:23.334		1.32883			4
2025.08.05	00:55:23.642	1.32813				2
2025.08.05	00:55:24.561		1.32882			4
2025.08.05	00:55:25.794	1.32814				2
2025.08.05	00:55:26.098		1.32881			4
2025.08.05	00:55:26.413	1.32816	1.32883			6
2025.08.05	00:55:26.716	1.32813				2
2025.08.05	00:55:27.656	1.32816	1.32880			6
2025.08.05	00:55:27.965	1.32810	1.32881			6
2025.08.05	00:55:28.277	1.32811	1.32878			6
2025.08.05	00:55:28.582		1.32880			4
2025.08.05	00:55:30.431	1.32812	1.32883			6
2025.08.05	00:55:30.736		1.32880			4
2025.08.05	00:55:31.047		1.32879			4
2025.08.05	00:55:31.354	1.32792	1.32881			6
2025.08.05	00:55:31.970		1.32878			4
2025.08.05	00:55:32.278		1.32861			4
2025.08.05	00:55:32.590		1.32882			4
2025.08.05	00:55:33.201		1.32873			4
2025.08.05	00:55:35.111		1.32881			4
2025.08.05	00:55:35.723		1.32880			4
2025.08.05	00:55:37.579		1.32872			4
2025.08.05	00:55:38.190		1.32863			4
2025.08.05	00:55:38.813		1.32870			4
2025.08.05	00:55:41.981	1.32793	1.32873			6
2025.08.05	00:55:42.287	1.32792	1.32877			6
2025.08.05	00:55:43.825	1.32794	1.32875			6
2025.08.05	00:55:50.479	1.32796				2
2025.08.05	00:55:51.545	1.32794	1.32874			6
2025.08.05	00:55:51.865		1.32867			4
2025.08.05	00:55:52.823	1.32797				2
2025.08.05	00:55:53.123		1.32876			4
2025.08.05	00:55:53.440	1.32792				2
2025.08.05	00:55:54.081		1.32867			4
2025.08.05	00:55:58.258		1.32876			4
2025.08.05	00:55:59.167		1.32867			4
2025.08.05	00:56:00.078	1.32792				2
2025.08.05	00:56:03.846		1.32876			4
2025.08.05	00:56:04.769		1.32867			4
2025.08.05	00:56:06.614	1.32794	1.32866			6
2025.08.05	00:56:06.920		1.32864			4
2025.08.05	00:56:07.851		1.32866			4
2025.08.05	00:56:09.700	1.32795				2
2025.08.05	00:56:11.854	1.32792	1.32862			6
2025.08.05	00:56:12.472		1.32868			4
2025.08.05	00:56:13.087	1.32793	1.32862			6
2025.08.05	00:56:13.395		1.32859			4
2025.08.05	00:56:14.635	1.32796	1.32856			6
2025.08.05	00:56:15.548	1.32793	1.32867			6
2025.08.05	00:56:15.855	1.32794				2
2025.08.05	00:56:16.780	1.32793				2
2025.08.05	00:56:27.818		1.32866			4
2025.08.05	00:56:28.777	1.32796	1.32867			6
2025.08.05	00:56:29.082	1.32803	1.32866			6
2025.08.05	00:56:29.395	1.32793	1.32867			6
2025.08.05	00:56:30.037	1.32794				2
2025.08.05	00:56:30.378	1.32796				2
2025.08.05	00:56:30.704	1.32793				2
2025.08.05	00:56:32.293	1.32796				2
2025.08.05	00:56:32.635	1.32793				2
2025.08.05	00:56:33.893	1.32801				2
2025.08.05	00:56:34.232	1.32802				2
2025.08.05	00:56:34.868	1.32800				2
2025.08.05	00:56:37.020	1.32803	1.32863			6
2025.08.05	00:56:41.345	1.32797				2
2025.08.05	00:56:41.957	1.32808				2
2025.08.05	00:56:42.572	1.32797				2
2025.08.05	00:56:47.967		1.32875			4
2025.08.05	00:56:48.277	1.32796				2
2025.08.05	00:56:48.583		1.32863			4
2025.08.05	00:56:48.900	1.32798	1.32862			6
2025.08.05	00:56:49.847	1.32795	1.32863			6
2025.08.05	00:56:50.170		1.32874			4
2025.08.05	00:56:50.786	1.32797	1.32866			6
2025.08.05	00:56:51.086	1.32798	1.32862			6
2025.08.05	00:56:52.011	1.32799	1.32852			6
2025.08.05	00:56:52.312		1.32861			4
2025.08.05	00:56:52.631		1.32854			4
2025.08.05	00:56:52.942	1.32798	1.32862			6
2025.08.05	00:56:53.245	1.32805				2
2025.08.05	00:56:53.564	1.32803	1.32868			6
2025.08.05	00:56:53.864	1.32800	1.32871			6
2025.08.05	00:56:54.186		1.32859			4
2025.08.05	00:56:54.488	1.32799	1.32862			6
2025.08.05	00:56:55.409		1.32856			4
2025.08.05	00:56:55.722	1.32798	1.32862			6
2025.08.05	00:56:56.636		1.32850			4
2025.08.05	00:56:56.943		1.32857			4
2025.08.05	00:56:57.253		1.32853			4
2025.08.05	00:56:57.560		1.32856			4
2025.08.05	00:56:57.868	1.32799	1.32862			6
2025.08.05	00:57:00.043	1.32799				2
2025.08.05	00:57:00.958	1.32803				2
2025.08.05	00:57:01.268	1.32806	1.32864			6
2025.08.05	00:57:01.576	1.32807				2
2025.08.05	00:57:01.882	1.32810	1.32861			6
2025.08.05	00:57:02.184	1.32812	1.32867			6
2025.08.05	00:57:02.503	1.32819	1.32868			6
2025.08.05	00:57:02.805	1.32815	1.32867			6
2025.08.05	00:57:03.119		1.32864			4
2025.08.05	00:57:07.709	1.32816	1.32863			6
2025.08.05	00:57:08.951	1.32814	1.32875			6
2025.08.05	00:57:09.253		1.32870			4
2025.08.05	00:57:09.557		1.32875			4
2025.08.05	00:57:09.863		1.32871			4
2025.08.05	00:57:12.637	1.32815	1.32870			6
2025.08.05	00:57:12.946		1.32871			4
2025.08.05	00:57:13.249		1.32875			4
2025.08.05	00:57:15.715		1.32874			4
2025.08.05	00:57:16.021		1.32870			4
2025.08.05	00:57:16.329		1.32869			4
2025.08.05	00:57:16.639	1.32816	1.32871			6
2025.08.05	00:57:16.948		1.32872			4
2025.08.05	00:57:17.256		1.32870			4
2025.08.05	00:57:17.875	1.32814	1.32871			6
2025.08.05	00:57:18.177		1.32877			4
2025.08.05	00:57:18.486		1.32875			4
2025.08.05	00:57:19.107		1.32883			4
2025.08.05	00:57:19.844		1.32880			4
2025.08.05	00:57:20.156		1.32875			4
2025.08.05	00:57:20.771	1.32810				2
2025.08.05	00:57:21.080	1.32815	1.32878			6
2025.08.05	00:57:22.008		1.32875			4
2025.08.05	00:57:22.310	1.32820	1.32870			6
2025.08.05	00:57:22.623		1.32876			4
2025.08.05	00:57:23.245		1.32878			4
2025.08.05	00:57:24.464		1.32873			4
2025.08.05	00:57:26.927		1.32878			4
2025.08.05	00:57:28.169		1.32880			4
2025.08.05	00:57:34.030		1.32879			4
2025.08.05	00:57:34.339	1.32819	1.32871			6
2025.08.05	00:57:35.555	1.32818	1.32867			6
2025.08.05	00:57:35.857	1.32814	1.32868			6
2025.08.05	00:57:36.161	1.32813	1.32870			6
2025.08.05	00:57:36.468		1.32873			4
2025.08.05	00:57:38.616	1.32816	1.32877			6
2025.08.05	00:57:38.922	1.32815	1.32870			6
2025.08.05	00:57:39.533		1.32868			4
2025.08.05	00:57:39.834	1.32813	1.32871			6
2025.08.05	00:57:41.371		1.32870			4
2025.08.05	00:57:41.680	1.32815	1.32872			6
2025.08.05	00:57:42.605	1.32816	1.32873			6
2025.08.05	00:57:43.524		1.32869			4
2025.08.05	00:57:43.834	1.32815	1.32870			6
2025.08.05	00:57:44.440		1.32873			4
2025.08.05	00:57:44.747		1.32869			4
2025.08.05	00:57:45.056		1.32871			4
2025.08.05	00:57:45.988		1.32870			4
2025.08.05	00:57:46.605	1.32807	1.32878			6
2025.08.05	00:57:46.913	1.32811	1.32873			6
2025.08.05	00:57:47.217		1.32867			4
2025.08.05	00:57:47.831	1.32813	1.32871			6
2025.08.05	00:57:48.140		1.32867			4
2025.08.05	00:57:48.761	1.32815	1.32878			6
2025.08.05	00:57:49.066		1.32871			4
2025.08.05	00:57:49.376	1.32814	1.32868			6
2025.08.05	00:57:49.681		1.32869			4
2025.08.05	00:57:52.456		1.32866			4
2025.08.05	00:57:52.762		1.32867			4
2025.08.05	00:57:53.070		1.32863			4
2025.08.05	00:57:53.684	1.32812	1.32869			6
2025.08.05	00:57:55.537		1.32871			4
2025.08.05	00:58:00.157	1.32812				2
2025.08.05	00:58:10.080	1.32807				2
2025.08.05	00:58:10.383	1.32805	1.32869			6
2025.08.05	00:58:11.624	1.32804	1.32871			6
2025.08.05	00:58:12.856	1.32802	1.32874			6
2025.08.05	00:58:13.165	1.32804	1.32871			6
2025.08.05	00:58:13.776	1.32801	1.32868			6
2025.08.05	00:58:14.088		1.32859			4
2025.08.05	00:58:14.706		1.32858			4
2025.08.05	00:58:15.011		1.32856			4
2025.08.05	00:58:15.317	1.32800				2
2025.08.05	00:58:16.549		1.32870			4
2025.08.05	00:58:16.856	1.32799	1.32864			6
2025.08.05	00:58:17.162		1.32865			4
2025.08.05	00:58:18.439		1.32867			4
2025.08.05	00:58:18.750	1.32802	1.32869			6
2025.08.05	00:58:19.980		1.32870			4
2025.08.05	00:58:20.288	1.32801	1.32874			6
2025.08.05	00:58:20.587	1.32802	1.32865			6
2025.08.05	00:58:21.191	1.32801	1.32875			6
2025.08.05	00:58:21.497		1.32868			4
2025.08.05	00:58:22.711		1.32870			4
2025.08.05	00:58:23.018		1.32865			4
2025.08.05	00:58:25.670		1.32872			4
2025.08.05	00:58:25.993		1.32875			4
2025.08.05	00:58:26.304	1.32800	1.32869			6
2025.08.05	00:58:26.608		1.32867			4
2025.08.05	00:58:26.926		1.32869			4
2025.08.05	00:58:27.573		1.32873			4
2025.08.05	00:58:28.226		1.32871			4
2025.08.05	00:58:30.739		1.32875			4
2025.08.05	00:58:31.051		1.32868			4
2025.08.05	00:58:31.358		1.32871			4
2025.08.05	00:58:32.289		1.32874			4
2025.08.05	00:58:33.516		1.32875			4
2025.08.05	00:58:33.822		1.32871			4
2025.08.05	00:58:34.447		1.32875			4
2025.08.05	00:58:36.593		1.32871			4
2025.08.05	00:58:36.898		1.32874			4
2025.08.05	00:58:37.516		1.32875			4
2025.08.05	00:58:38.274		1.32873			4
2025.08.05	00:58:39.769		1.32875			4
2025.08.05	00:58:40.090		1.32874			4
2025.08.05	00:58:40.446	1.32803	1.32864			6
2025.08.05	00:58:41.686	1.32802	1.32867			6
2025.08.05	00:58:42.323	1.32800	1.32868			6
2025.08.05	00:58:42.643		1.32865			4
2025.08.05	00:58:43.908		1.32874			4
2025.08.05	00:58:44.214		1.32875			4
2025.08.05	00:58:44.519	1.32801	1.32865			6
2025.08.05	00:58:51.073	1.32799	1.32875			6
2025.08.05	00:58:51.688		1.32865			4
2025.08.05	00:58:51.996		1.32857			4
2025.08.05	00:58:52.924		1.32871			4
2025.08.05	00:58:53.227		1.32859			4
2025.08.05	00:58:53.542		1.32863			4
2025.08.05	00:58:55.080		1.32871			4
2025.08.05	00:58:55.389	1.32803	1.32862			6
2025.08.05	00:58:57.556	1.32800				2
2025.08.05	00:58:57.861	1.32801	1.32864			6
2025.08.05	00:58:58.788	1.32799	1.32865			6
2025.08.05	00:59:00.108	1.32800	1.32863			6
2025.08.05	00:59:01.026	1.32799	1.32871			6
2025.08.05	00:59:01.333		1.32853			4
2025.08.05	00:59:02.243		1.32868			4
2025.08.05	00:59:02.553		1.32858			4
2025.08.05	00:59:03.159		1.32857			4
2025.08.05	00:59:03.767		1.32869			4
2025.08.05	00:59:04.073	1.32800	1.32860			6
2025.08.05	00:59:04.680	1.32799	1.32869			6
2025.08.05	00:59:04.991		1.32858			4
2025.08.05	00:59:05.919	1.32798	1.32861			6
2025.08.05	00:59:06.222	1.32797	1.32868			6
2025.08.05	00:59:06.531	1.32798	1.32859			6
2025.08.05	00:59:09.917		1.32858			4
2025.08.05	00:59:12.071	1.32800	1.32859			6
2025.08.05	00:59:12.995	1.32798	1.32855			6
2025.08.05	00:59:13.307		1.32865			4
2025.08.05	00:59:13.916	1.32799	1.32857			6
2025.08.05	00:59:14.229	1.32798	1.32859			6
2025.08.05	00:59:14.531		1.32857			4
2025.08.05	00:59:15.446	1.32799	1.32859			6
2025.08.05	00:59:15.753		1.32866			4
2025.08.05	00:59:16.057		1.32859			4
2025.08.05	00:59:16.365		1.32869			4
2025.08.05	00:59:16.672		1.32868			4
2025.08.05	00:59:16.980	1.32802	1.32867			6
2025.08.05	00:59:17.294	1.32804				2
2025.08.05	00:59:17.595	1.32803	1.32869			6
2025.08.05	00:59:17.907	1.32802	1.32862			6
2025.08.05	00:59:18.518	1.32800	1.32859			6
2025.08.05	00:59:18.827		1.32852			4
2025.08.05	00:59:19.441		1.32862			4
2025.08.05	00:59:20.060	1.32799				2
2025.08.05	00:59:20.363		1.32866			4
2025.08.05	00:59:21.290	1.32800				2
2025.08.05	00:59:22.826		1.32865			4
2025.08.05	00:59:24.053		1.32857			4
2025.08.05	00:59:24.672	1.32799				2
2025.08.05	00:59:26.336	1.32800				2
2025.08.05	00:59:29.416	1.32799				2
2025.08.05	00:59:30.650	1.32800				2
2025.08.05	00:59:31.576		1.32859			4
2025.08.05	00:59:33.732		1.32864			4
2025.08.05	00:59:34.045		1.32860			4
2025.08.05	00:59:34.345		1.32868			4
2025.08.05	00:59:34.660		1.32870			4
2025.08.05	00:59:34.962		1.32869			4
2025.08.05	00:59:35.582		1.32861			4
2025.08.05	00:59:36.199	1.32799				2
2025.08.05	00:59:36.502	1.32793	1.32875			6
2025.08.05	00:59:36.805	1.32790	1.32866			6
2025.08.05	00:59:37.129	1.32788	1.32868			6
2025.08.05	00:59:37.434	1.32789	1.32864			6
2025.08.05	00:59:38.356	1.32788	1.32861			6
2025.08.05	00:59:38.660	1.32789	1.32862			6
2025.08.05	00:59:38.965	1.32794	1.32858			6
2025.08.05	00:59:39.896	1.32788	1.32881			6
2025.08.05	00:59:40.202		1.32870			4
2025.08.05	00:59:41.859		1.32873			4
2025.08.05	00:59:42.171		1.32871			4
2025.08.05	00:59:42.785	1.32787	1.32867			6
2025.08.05	00:59:43.832		1.32864			4
2025.08.05	00:59:44.442	1.32790	1.32862			6
2025.08.05	00:59:44.758		1.32860			4
2025.08.05	00:59:45.367	1.32793				2
2025.08.05	00:59:45.672	1.32787	1.32862			6
2025.08.05	00:59:46.285	1.32788	1.32863			6
2025.08.05	00:59:46.589	1.32794	1.32857			6
2025.08.05	00:59:47.205	1.32796	1.32859			6
2025.08.05	00:59:47.508	1.32786	1.32873			6
2025.08.05	00:59:47.822		1.32863			4
2025.08.05	00:59:48.132	1.32788	1.32857			6
2025.08.05	00:59:48.745	1.32787				2
2025.08.05	00:59:51.515		1.32855			4
2025.08.05	00:59:52.748		1.32873			4
2025.08.05	00:59:53.058		1.32865			4
2025.08.05	00:59:53.672		1.32866			4
2025.08.05	00:59:53.978	1.32788	1.32864			6
2025.08.05	00:59:54.291	1.32787	1.32865			6
2025.08.05	00:59:58.121	1.32786	1.32866			6
2025.08.05	00:59:58.435	1.32789	1.32871			6
2025.08.05	00:59:59.051	1.32786	1.32868			6
2025.08.05	00:59:59.354		1.32875			4
2025.08.05	00:59:59.959		1.32873			4
2025.08.05	01:00:00.265	1.32780				2
2025.08.05	01:00:00.871	1.32768	1.32861			6
2025.08.05	01:00:01.190	1.32783				2
2025.08.05	01:00:01.500	1.32755	1.32850			6
2025.08.05	01:00:01.834	1.32761				2
2025.08.05	01:00:02.181	1.32757				2
2025.08.05	01:00:02.790		1.32848			4
2025.08.05	01:00:03.173	1.32756				2
2025.08.05	01:00:03.519	1.32762	1.32849			6
2025.08.05	01:00:05.663	1.32761	1.32848			6
2025.08.05	01:00:07.143	1.32771	1.32847			6
2025.08.05	01:00:07.883	1.32777	1.32848			6
2025.08.05	01:00:08.737	1.32793				2
2025.08.05	01:00:09.039	1.32802	1.32853			6
2025.08.05	01:00:09.357	1.32800	1.32860			6
2025.08.05	01:00:10.335	1.32802				2
2025.08.05	01:00:11.582	1.32801				2
2025.08.05	01:00:12.863	1.32802				2
2025.08.05	01:00:13.507	1.32800				2
2025.08.05	01:00:13.825	1.32807				2
2025.08.05	01:00:14.146	1.32800				2
2025.08.05	01:00:14.785	1.32802				2
2025.08.05	01:00:15.746	1.32804				2
2025.08.05	01:00:16.064	1.32810				2
2025.08.05	01:00:16.386	1.32808				2
2025.08.05	01:00:16.703	1.32806				2
2025.08.05	01:00:17.342	1.32825	1.32851			6
2025.08.05	01:00:17.663	1.32807	1.32860			6
2025.08.05	01:00:18.300	1.32808				2
2025.08.05	01:00:18.622	1.32809	1.32858			6
2025.08.05	01:00:18.940	1.32837	1.32853			6
2025.08.05	01:00:19.583		1.32854			4
2025.08.05	01:00:20.225		1.32856			4
2025.08.05	01:00:23.104	1.32838				2
2025.08.05	01:00:28.520	1.32843	1.32851			6
2025.08.05	01:00:31.829		1.32847			4
2025.08.05	01:00:32.143	1.32846	1.32851			6
2025.08.05	01:00:33.102	1.32843	1.32847			6
2025.08.05	01:00:33.626	1.32846	1.32851			6
2025.08.05	01:00:34.500	1.32837	1.32838			6
2025.08.05	01:00:35.680	1.32838	1.32849			6
2025.08.05	01:00:37.729		1.32850			4
2025.08.05	01:00:42.365	1.32843				2
2025.08.05	01:00:42.677	1.32838	1.32849			6
2025.08.05	01:00:43.964	1.32836	1.32847			6
2025.08.05	01:00:44.279	1.32837				2
2025.08.05	01:00:50.997	1.32836				2
2025.08.05	01:00:51.316	1.32838	1.32849			6
2025.08.05	01:00:51.619		1.32850			4
2025.08.05	01:00:55.477		1.32849			4
2025.08.05	01:00:57.984	1.32837	1.32847			6
2025.08.05	01:00:58.941	1.32838	1.32849			6
2025.08.05	01:00:59.263		1.32850			4
2025.08.05	01:01:00.179	1.32835	1.32847			6
2025.08.05	01:01:00.483	1.32838	1.32850			6
2025.08.05	01:01:00.788		1.32848			4
2025.08.05	01:01:03.994		1.32849			4
2025.08.05	01:01:11.661		1.32851			4
2025.08.05	01:01:16.527		1.32850			4
2025.08.05	01:01:18.129	1.32843				2
2025.08.05	01:01:18.439	1.32852	1.32860			6
2025.08.05	01:01:19.078		1.32859			4
2025.08.05	01:01:19.714		1.32860			4
2025.08.05	01:01:21.007		1.32859			4
2025.08.05	01:01:21.322	1.32847	1.32848			6
2025.08.05	01:01:21.647	1.32849	1.32850			6
2025.08.05	01:01:22.907	1.32850	1.32851			6
2025.08.05	01:01:24.836	1.32849	1.32850			6
2025.08.05	01:01:25.161	1.32850	1.32851			6
2025.08.05	01:01:28.351	1.32851	1.32852			6
2025.08.05	01:01:31.867	1.32852	1.32853			6
2025.08.05	01:01:32.486	1.32851	1.32852			6
2025.08.05	01:01:47.897	1.32852	1.32853			6
2025.08.05	01:01:48.537	1.32851	1.32852			6
2025.08.05	01:01:51.104	1.32852	1.32853			6
2025.08.05	01:01:57.492	1.32851	1.32852			6
2025.08.05	01:02:00.026	1.32851				2
2025.08.05	01:02:01.238	1.32852	1.32853			6
2025.08.05	01:02:02.151	1.32851	1.32852			6
2025.08.05	01:02:04.316	1.32852	1.32853			6
2025.08.05	01:02:11.493	1.32851	1.32852			6
2025.08.05	01:02:12.134	1.32852	1.32853			6
2025.08.05	01:02:14.369	1.32856	1.32857			6
2025.08.05	01:02:15.332	1.32855	1.32856			6
2025.08.05	01:02:16.613	1.32856	1.32857			6
2025.08.05	01:02:23.803	1.32859	1.32860			6
2025.08.05	01:02:24.120	1.32861	1.32862			6
2025.08.05	01:02:25.397	1.32860	1.32861			6
2025.08.05	01:02:44.901	1.32862	1.32867			6
2025.08.05	01:02:51.052	1.32859	1.32860			6
2025.08.05	01:02:52.652	1.32860	1.32861			6
2025.08.05	01:02:54.816	1.32859	1.32860			6
2025.08.05	01:02:57.260	1.32860	1.32861			6
2025.08.05	01:02:57.561	1.32859	1.32860			6
2025.08.05	01:02:57.864	1.32867	1.32868			6
2025.08.05	01:02:58.841	1.32868	1.32869			6
2025.08.05	01:02:59.142	1.32869	1.32870			6
2025.08.05	01:03:00.076	1.32869				2
2025.08.05	01:03:01.176	1.32871	1.32872			6
2025.08.05	01:03:02.138	1.32874	1.32875			6
2025.08.05	01:03:02.460	1.32875	1.32876			6
2025.08.05	01:03:03.719		1.32878			4
2025.08.05	01:03:04.053	1.32876	1.32879			6
2025.08.05	01:03:05.332	1.32877	1.32880			6
2025.08.05	01:03:05.650	1.32876	1.32879			6
2025.08.05	01:03:07.225	1.32871	1.32873			6
2025.08.05	01:03:07.560		1.32872			4
2025.08.05	01:03:14.493	1.32872	1.32873			6
2025.08.05	01:03:14.803	1.32871	1.32872			6
2025.08.05	01:03:25.384	1.32873	1.32874			6
2025.08.05	01:03:27.940	1.32874	1.32875			6
2025.08.05	01:03:29.588	1.32873	1.32874			6
2025.08.05	01:03:29.908	1.32874	1.32875			6
2025.08.05	01:03:30.227	1.32875	1.32876			6
2025.08.05	01:03:41.718	1.32874	1.32875			6
2025.08.05	01:03:42.678	1.32875	1.32876			6
2025.08.05	01:03:43.319	1.32874	1.32875			6
2025.08.05	01:03:45.798	1.32875	1.32876			6
2025.08.05	01:03:48.240	1.32877	1.32878			6
2025.08.05	01:03:48.544	1.32876	1.32877			6
2025.08.05	01:03:48.845	1.32875	1.32876			6
2025.08.05	01:04:00.104	1.32875				2
2025.08.05	01:04:04.143		1.32877			4
2025.08.05	01:04:23.477		1.32878			4
2025.08.05	01:04:32.751	1.32877	1.32880			6
2025.08.05	01:04:33.073	1.32876	1.32879			6
2025.08.05	01:04:35.307	1.32875	1.32878			6
2025.08.05	01:04:36.231	1.32876	1.32879			6
2025.08.05	01:04:37.151	1.32875	1.32878			6
2025.08.05	01:04:39.305		1.32877			4
2025.08.05	01:04:42.355	1.32879	1.32880			6
2025.08.05	01:04:42.658		1.32881			4
2025.08.05	01:04:43.566	1.32880	1.32883			6
2025.08.05	01:04:44.475	1.32879	1.32880			6
2025.08.05	01:04:49.059	1.32878	1.32879			6
2025.08.05	01:04:49.361	1.32879	1.32880			6
2025.08.05	01:04:50.269	1.32880	1.32881			6
2025.08.05	01:04:52.431	1.32881	1.32882			6
2025.08.05	01:04:55.499	1.32882	1.32883			6
2025.08.05	01:04:55.839	1.32881	1.32882			6
2025.08.05	01:04:57.658	1.32882	1.32883			6
2025.08.05	01:04:59.358	1.32883	1.32884			6
2025.08.05	01:05:00.268	1.32883				2
2025.08.05	01:05:00.883	1.32884	1.32887			6
2025.08.05	01:05:01.187		1.32885			4
2025.08.05	01:05:01.500	1.32882				2
2025.08.05	01:05:01.803	1.32884				2
2025.08.05	01:05:10.960	1.32883	1.32886			6
2025.08.05	01:05:11.265	1.32882	1.32885			6
2025.08.05	01:05:12.181	1.32884				2
2025.08.05	01:05:12.489		1.32887			4
2025.08.05	01:05:13.840	1.32886	1.32889			6
2025.08.05	01:05:14.152	1.32883	1.32886			6
2025.08.05	01:05:15.681	1.32884	1.32887			6
2025.08.05	01:05:30.218	1.32885				2
2025.08.05	01:05:30.865		1.32886			4
2025.08.05	01:05:33.735	1.32887	1.32890			6
2025.08.05	01:05:34.055	1.32886	1.32889			6
2025.08.05	01:05:36.299	1.32885	1.32888			6
2025.08.05	01:05:40.450	1.32884	1.32887			6
2025.08.05	01:05:41.088	1.32885	1.32888			6
2025.08.05	01:05:50.828	1.32886	1.32889			6
2025.08.05	01:05:54.658	1.32885	1.32888			6
2025.08.05	01:05:55.619	1.32888	1.32891			6
2025.08.05	01:05:55.943	1.32885	1.32888			6
2025.08.05	01:05:56.651	1.32886	1.32889			6
2025.08.05	01:06:00.116	1.32886				2
2025.08.05	01:06:23.212	1.32885	1.32888			6
2025.08.05	01:06:27.688	1.32886	1.32889			6
2025.08.05	01:06:30.891	1.32885	1.32888			6
2025.08.05	01:06:44.645	1.32886	1.32889			6
2025.08.05	01:06:48.804	1.32885	1.32888			6
2025.08.05	01:06:49.444	1.32886	1.32889			6
2025.08.05	01:06:58.078	1.32885	1.32888			6
2025.08.05	01:07:00.335	1.32885				2
2025.08.05	01:07:00.970	1.32886	1.32889			6
2025.08.05	01:07:08.481	1.32891	1.32892			6
2025.08.05	01:07:11.361	1.32890	1.32891			6
2025.08.05	01:07:15.193	1.32893	1.32895			6
2025.08.05	01:07:15.512		1.32896			4
2025.08.05	01:07:15.829		1.32895			4
2025.08.05	01:07:16.793		1.32896			4
2025.08.05	01:07:17.752		1.32895			4
2025.08.05	01:07:18.712		1.32896			4
2025.08.05	01:07:19.668	1.32895	1.32898			6
2025.08.05	01:07:19.993	1.32894	1.32897			6
2025.08.05	01:07:20.308	1.32896	1.32899			6
2025.08.05	01:07:20.629	1.32895	1.32898			6
2025.08.05	01:07:23.758	1.32896	1.32899			6
2025.08.05	01:07:25.015	1.32895	1.32898			6
2025.08.05	01:07:30.304	1.32894	1.32897			6
2025.08.05	01:07:32.538	1.32895	1.32898			6
2025.08.05	01:07:35.368	1.32894	1.32897			6
2025.08.05	01:07:40.300	1.32896	1.32899			6
2025.08.05	01:07:40.607	1.32895	1.32898			6
2025.08.05	01:07:58.951		1.32897			4
2025.08.05	01:08:00.194	1.32895				2
2025.08.05	01:08:02.354	1.32894				2
2025.08.05	01:08:02.966	1.32895	1.32898			6
2025.08.05	01:08:07.463	1.32894	1.32896			6
2025.08.05	01:08:07.788	1.32895	1.32898			6
2025.08.05	01:08:08.751	1.32902	1.32903			6
2025.08.05	01:08:09.382	1.32904	1.32905			6
2025.08.05	01:08:09.699	1.32907	1.32908			6
2025.08.05	01:08:10.654	1.32908	1.32909			6
2025.08.05	01:08:14.695		1.32910			4
2025.08.05	01:08:18.519	1.32909				2
2025.08.05	01:08:22.219	1.32908	1.32909			6
2025.08.05	01:08:22.838	1.32909	1.32910			6
2025.08.05	01:08:36.706		1.32911			4
2025.08.05	01:08:38.306		1.32910			4
2025.08.05	01:08:39.568		1.32911			4
2025.08.05	01:08:44.049		1.32910			4
2025.08.05	01:08:50.917	1.32910	1.32913			6
2025.08.05	01:08:57.957	1.32912	1.32914			6
2025.08.05	01:08:58.264	1.32910	1.32913			6
2025.08.05	01:08:58.586	1.32908	1.32911			6
2025.08.05	01:08:59.863	1.32906	1.32908			6
2025.08.05	01:09:00.183	1.32906				2
2025.08.05	01:09:01.140		1.32909			4
2025.08.05	01:09:02.100		1.32907			4
2025.08.05	01:09:20.564	1.32902	1.32903			6
2025.08.05	01:09:20.884	1.32897	1.32900			6
2025.08.05	01:09:21.210	1.32895	1.32898			6
2025.08.05	01:09:22.609	1.32894	1.32897			6
2025.08.05	01:09:23.565		1.32896			4
2025.08.05	01:09:26.613		1.32895			4
2025.08.05	01:09:28.848	1.32895	1.32896			6
2025.08.05	01:09:29.802	1.32899	1.32900			6
2025.08.05	01:09:32.356	1.32900	1.32901			6
2025.08.05	01:09:38.118	1.32901	1.32902			6
2025.08.05	01:09:38.434	1.32902	1.32903			6
2025.08.05	01:09:39.071	1.32904	1.32905			6
2025.08.05	01:09:39.378	1.32907	1.32908			6
2025.08.05	01:09:40.999	1.32908	1.32909			6
2025.08.05	01:09:43.549	1.32909	1.32910			6
2025.08.05	01:09:47.391		1.32911			4
2025.08.05	01:09:47.705		1.32910			4
2025.08.05	01:09:55.280	1.32908				2
2025.08.05	01:09:56.502	1.32909				2
2025.08.05	01:09:58.796		1.32911			4
2025.08.05	01:10:00.012	1.32909				2
2025.08.05	01:10:05.218		1.32912			4
2025.08.05	01:10:08.273		1.32911			4
2025.08.05	01:10:11.641	1.32910	1.32912			6
2025.08.05	01:10:12.557		1.32911			4
2025.08.05	01:10:28.047	1.32911	1.32914			6
2025.08.05	01:10:28.372	1.32910	1.32911			6
2025.08.05	01:10:31.541	1.32913	1.32914			6
2025.08.05	01:10:31.885	1.32914	1.32915			6
2025.08.05	01:10:32.521	1.32916	1.32917			6
2025.08.05	01:10:33.478		1.32919			4
2025.08.05	01:10:43.629	1.32910	1.32912			6
2025.08.05	01:10:43.933		1.32911			4
2025.08.05	01:10:45.469		1.32912			4
2025.08.05	01:10:45.786		1.32913			4
2025.08.05	01:10:49.664		1.32912			4
2025.08.05	01:10:49.989		1.32913			4
2025.08.05	01:10:50.617		1.32912			4
2025.08.05	01:10:51.891		1.32913			4
2025.08.05	01:10:52.536	1.32911	1.32914			6
2025.08.05	01:10:52.851	1.32910	1.32913			6
2025.08.05	01:10:53.526	1.32909	1.32912			6
2025.08.05	01:10:53.828	1.32910	1.32913			6
2025.08.05	01:10:55.205		1.32912			4
2025.08.05	01:10:55.526		1.32913			4
2025.08.05	01:10:57.118		1.32912			4
2025.08.05	01:10:57.440	1.32913	1.32914			6
2025.08.05	01:11:00.046	1.32913				2
2025.08.05	01:11:00.677	1.32910	1.32912			6
2025.08.05	01:11:01.008	1.32913	1.32916			6
2025.08.05	01:11:01.325	1.32912	1.32915			6
2025.08.05	01:11:02.287	1.32913	1.32916			6
2025.08.05	01:11:04.521	1.32910	1.32913			6
2025.08.05	01:11:04.841		1.32911			4
2025.08.05	01:11:05.467		1.32912			4
2025.08.05	01:11:07.403	1.32911	1.32914			6
2025.08.05	01:11:09.004	1.32910	1.32912			6
2025.08.05	01:11:12.411	1.32911	1.32914			6
2025.08.05	01:11:13.325	1.32910	1.32913			6
2025.08.05	01:11:13.947	1.32911	1.32914			6
2025.08.05	01:11:14.559	1.32910	1.32913			6
2025.08.05	01:11:22.531	1.32909	1.32912			6
2025.08.05	01:11:29.885	1.32910	1.32913			6
2025.08.05	01:11:40.158	1.32913	1.32914			6
2025.08.05	01:11:43.034	1.32911				2
2025.08.05	01:11:43.357	1.32912	1.32915			6
2025.08.05	01:11:44.949	1.32913	1.32916			6
2025.08.05	01:11:45.271	1.32912	1.32914			6
2025.08.05	01:11:45.590		1.32915			4
2025.08.05	01:11:45.911		1.32914			4
2025.08.05	01:11:47.508	1.32915	1.32917			6
2025.08.05	01:11:47.809		1.32918			4
2025.08.05	01:11:48.117	1.32917	1.32920			6
2025.08.05	01:11:54.600	1.32910	1.32913			6
2025.08.05	01:11:54.906	1.32909	1.32911			6
2025.08.05	01:11:55.519		1.32912			4
2025.08.05	01:11:55.835	1.32910	1.32913			6
2025.08.05	01:11:56.452	1.32911	1.32914			6
2025.08.05	01:11:57.073		1.32913			4
2025.08.05	01:11:58.006		1.32912			4
2025.08.05	01:11:59.236	1.32906	1.32909			6
2025.08.05	01:11:59.538	1.32905	1.32908			6
2025.08.05	01:12:00.163	1.32905				2
2025.08.05	01:12:00.785	1.32902	1.32905			6
2025.08.05	01:12:01.398	1.32903	1.32906			6
2025.08.05	01:12:02.336	1.32904	1.32907			6
2025.08.05	01:12:02.640	1.32896	1.32899			6
2025.08.05	01:12:03.883	1.32897	1.32900			6
2025.08.05	01:12:05.113	1.32899	1.32902			6
2025.08.05	01:12:14.665	1.32898	1.32901			6
2025.08.05	01:12:14.970	1.32899	1.32902			6
2025.08.05	01:13:00.298	1.32899				2
2025.08.05	01:13:01.840	1.32896	1.32899			6
2025.08.05	01:13:02.144	1.32897	1.32900			6
2025.08.05	01:13:03.375	1.32899	1.32902			6
2025.08.05	01:13:12.140	1.32897	1.32900			6
2025.08.05	01:13:13.373	1.32899	1.32902			6
2025.08.05	01:13:27.382	1.32898	1.32901			6
2025.08.05	01:13:32.018	1.32899	1.32902			6
2025.08.05	01:13:32.322	1.32898	1.32901			6
2025.08.05	01:13:32.945	1.32900	1.32903			6
2025.08.05	01:13:37.894		1.32902			4
2025.08.05	01:13:38.210	1.32899				2
2025.08.05	01:13:40.362	1.32900	1.32903			6
2025.08.05	01:13:44.397		1.32902			4
2025.08.05	01:13:59.507	1.32899				2
2025.08.05	01:14:00.125	1.32899				2
2025.08.05	01:14:04.481	1.32900	1.32903			6
2025.08.05	01:14:11.525	1.32901	1.32904			6
2025.08.05	01:14:12.144	1.32902	1.32905			6
2025.08.05	01:14:15.841	1.32904	1.32906			6
2025.08.05	01:14:16.763		1.32907			4
2025.08.05	01:14:19.525		1.32906			4
2025.08.05	01:14:25.684	1.32903				2
2025.08.05	01:14:30.016	1.32904	1.32907			6
2025.08.05	01:14:34.953	1.32902	1.32905			6
2025.08.05	01:14:35.259	1.32900	1.32903			6
2025.08.05	01:14:35.885	1.32899	1.32902			6
2025.08.05	01:14:36.204	1.32900	1.32903			6
2025.08.05	01:14:40.219	1.32901	1.32904			6
2025.08.05	01:14:42.381	1.32900	1.32903			6
2025.08.05	01:14:44.243	1.32901	1.32904			6
2025.08.05	01:14:46.713	1.32900	1.32903			6
2025.08.05	01:14:47.033	1.32899	1.32902			6
2025.08.05	01:14:47.336	1.32901	1.32904			6
2025.08.05	01:14:48.584	1.32900	1.32903			6
2025.08.05	01:14:50.745	1.32901	1.32904			6
2025.08.05	01:14:53.221	1.32900	1.32903			6
2025.08.05	01:14:56.309	1.32901	1.32904			6
2025.08.05	01:14:57.558	1.32900	1.32903			6
2025.08.05	01:14:57.864	1.32901	1.32904			6
2025.08.05	01:14:58.478	1.32900	1.32903			6
2025.08.05	01:15:00.027	1.32900				2
2025.08.05	01:15:04.654	1.32901	1.32904			6
2025.08.05	01:15:04.963	1.32899	1.32902			6
2025.08.05	01:15:10.230	1.32900	1.32903			6
2025.08.05	01:15:11.149	1.32899	1.32902			6
2025.08.05	01:15:12.088	1.32900	1.32903			6
2025.08.05	01:15:17.352	1.32899	1.32902			6
2025.08.05	01:15:17.659	1.32896	1.32899			6
2025.08.05	01:15:17.970	1.32897	1.32900			6
2025.08.05	01:15:18.285	1.32896	1.32899			6
2025.08.05	01:15:18.895	1.32897	1.32900			6
2025.08.05	01:15:20.449	1.32903	1.32906			6
2025.08.05	01:15:21.700	1.32904	1.32907			6
2025.08.05	01:15:22.323		1.32906			4
2025.08.05	01:15:22.630		1.32907			4
2025.08.05	01:15:27.336	1.32900	1.32903			6
2025.08.05	01:15:27.641	1.32899	1.32902			6
2025.08.05	01:15:28.875	1.32897	1.32900			6
2025.08.05	01:15:29.801		1.32899			4
2025.08.05	01:15:30.104	1.32899	1.32902			6
2025.08.05	01:15:36.279	1.32898	1.32901			6
2025.08.05	01:15:42.196	1.32899				2
2025.08.05	01:15:42.498	1.32898				2
2025.08.05	01:15:42.821	1.32899	1.32902			6
2025.08.05	01:15:43.753	1.32900	1.32903			6
2025.08.05	01:15:45.296	1.32899	1.32902			6
2025.08.05	01:15:46.222	1.32900	1.32903			6
2025.08.05	01:15:46.976	1.32899	1.32902			6
2025.08.05	01:15:47.278	1.32900	1.32903			6
2025.08.05	01:15:47.589	1.32899	1.32902			6
2025.08.05	01:15:52.558	1.32900	1.32903			6
2025.08.05	01:15:52.860	1.32899	1.32902			6
2025.08.05	01:15:54.738	1.32898	1.32901			6
2025.08.05	01:16:00.010	1.32898				2
2025.08.05	01:16:00.635	1.32899	1.32902			6
2025.08.05	01:16:01.382	1.32900	1.32903			6
2025.08.05	01:16:03.557	1.32899	1.32902			6
2025.08.05	01:16:10.113	1.32900	1.32903			6
2025.08.05	01:16:11.351	1.32899	1.32902			6
2025.08.05	01:16:11.975	1.32900	1.32903			6
2025.08.05	01:16:12.277	1.32899	1.32902			6
2025.08.05	01:16:13.521	1.32900	1.32903			6
2025.08.05	01:16:16.015	1.32899	1.32902			6
2025.08.05	01:16:16.636	1.32900	1.32903			6
2025.08.05	01:16:19.217	1.32901				2
2025.08.05	01:16:19.534	1.32902	1.32905			6
2025.08.05	01:16:21.454	1.32903	1.32906			6
2025.08.05	01:16:24.629	1.32902	1.32905			6
2025.08.05	01:16:26.570	1.32903				2
2025.08.05	01:16:26.881		1.32906			4
2025.08.05	01:16:27.520	1.32904				2
2025.08.05	01:16:27.820	1.32905	1.32907			6
2025.08.05	01:16:31.854	1.32904	1.32906			6
2025.08.05	01:16:43.697		1.32907			4
2025.08.05	01:16:44.645		1.32906			4
2025.08.05	01:16:47.128		1.32907			4
2025.08.05	01:16:48.053	1.32905	1.32908			6
2025.08.05	01:17:00.296	1.32905				2
2025.08.05	01:17:01.536	1.32904	1.32905			6
2025.08.05	01:17:01.840	1.32905	1.32906			6
2025.08.05	01:17:02.817	1.32901	1.32904			6
2025.08.05	01:17:03.133	1.32900	1.32903			6
2025.08.05	01:17:05.058	1.32902	1.32905			6
2025.08.05	01:17:07.928	1.32903				2
2025.08.05	01:17:08.244	1.32902				2
2025.08.05	01:17:10.809	1.32903	1.32906			6
2025.08.05	01:17:11.133	1.32902	1.32905			6
2025.08.05	01:17:11.769	1.32901	1.32904			6
2025.08.05	01:17:13.683	1.32902	1.32905			6
2025.08.05	01:17:16.878	1.32901	1.32904			6
2025.08.05	01:17:17.197	1.32902	1.32905			6
2025.08.05	01:17:27.881	1.32901	1.32904			6
2025.08.05	01:17:28.193	1.32902	1.32905			6
2025.08.05	01:17:28.505	1.32901	1.32904			6
2025.08.05	01:17:29.118	1.32902	1.32905			6
2025.08.05	01:17:31.904	1.32901	1.32904			6
2025.08.05	01:17:32.208	1.32903	1.32906			6
2025.08.05	01:17:33.760	1.32902	1.32905			6
2025.08.05	01:17:34.369	1.32903	1.32906			6
2025.08.05	01:17:34.990	1.32901	1.32904			6
2025.08.05	01:17:36.226	1.32902	1.32905			6
2025.08.05	01:17:38.103	1.32901	1.32904			6
2025.08.05	01:17:39.667	1.32902	1.32905			6
2025.08.05	01:17:40.615	1.32900	1.32903			6
2025.08.05	01:17:40.944	1.32899	1.32902			6
2025.08.05	01:17:41.580	1.32901	1.32904			6
2025.08.05	01:17:50.132	1.32902	1.32905			6
2025.08.05	01:17:51.364	1.32900	1.32903			6
2025.08.05	01:17:52.292	1.32901	1.32904			6
2025.08.05	01:17:57.262	1.32899	1.32902			6
2025.08.05	01:17:57.569	1.32901	1.32904			6
2025.08.05	01:18:00.046	1.32901				2
2025.08.05	01:18:02.837	1.32903	1.32906			6
2025.08.05	01:18:03.144	1.32902	1.32905			6
2025.08.05	01:18:03.765	1.32901	1.32904			6
2025.08.05	01:18:04.073	1.32902	1.32905			6
2025.08.05	01:18:04.393	1.32901	1.32904			6
2025.08.05	01:18:04.700	1.32902	1.32905			6
2025.08.05	01:18:05.000	1.32901	1.32904			6
2025.08.05	01:18:06.233	1.32902	1.32905			6
2025.08.05	01:18:06.544	1.32901	1.32904			6
2025.08.05	01:18:07.161	1.32902	1.32905			6
2025.08.05	01:18:07.485	1.32900	1.32903			6
2025.08.05	01:18:09.651	1.32901	1.32904			6
2025.08.05	01:18:10.270	1.32898	1.32901			6
2025.08.05	01:18:10.575	1.32899	1.32902			6
2025.08.05	01:18:13.973	1.32901	1.32904			6
2025.08.05	01:18:14.601	1.32900	1.32903			6
2025.08.05	01:18:14.963	1.32901	1.32904			6
2025.08.05	01:18:20.549	1.32900	1.32903			6
2025.08.05	01:18:24.637	1.32901	1.32904			6
2025.08.05	01:18:26.232	1.32902	1.32905			6
2025.08.05	01:18:27.506	1.32901	1.32904			6
2025.08.05	01:18:28.762	1.32900	1.32903			6
2025.08.05	01:18:30.671	1.32901	1.32904			6
2025.08.05	01:18:30.987	1.32900	1.32903			6
2025.08.05	01:18:32.560	1.32903	1.32906			6
2025.08.05	01:18:32.878	1.32899	1.32902			6
2025.08.05	01:18:33.850	1.32901	1.32904			6
2025.08.05	01:18:35.076	1.32902	1.32905			6
2025.08.05	01:18:37.973	1.32901	1.32904			6
2025.08.05	01:18:38.284	1.32902	1.32905			6
2025.08.05	01:18:39.551	1.32903	1.32906			6
2025.08.05	01:18:39.885	1.32901	1.32904			6
2025.08.05	01:18:46.062	1.32902	1.32905			6
2025.08.05	01:18:46.383	1.32901	1.32904			6
2025.08.05	01:18:48.949	1.32902	1.32905			6
2025.08.05	01:18:49.258	1.32901	1.32904			6
2025.08.05	01:18:50.907	1.32902	1.32905			6
2025.08.05	01:18:54.421	1.32901	1.32904			6
2025.08.05	01:18:54.738	1.32900	1.32903			6
2025.08.05	01:18:55.063	1.32901	1.32904			6
2025.08.05	01:18:59.852	1.32902	1.32905			6
2025.08.05	01:19:00.171	1.32901	1.32904			6
2025.08.05	01:19:00.472	1.32902				2
2025.08.05	01:19:00.808	1.32903	1.32906			6
2025.08.05	01:19:09.465	1.32904	1.32907			6
2025.08.05	01:19:14.416	1.32905	1.32908			6
2025.08.05	01:19:16.599	1.32904	1.32907			6
2025.08.05	01:19:17.530	1.32905	1.32908			6
2025.08.05	01:19:17.836	1.32906	1.32909			6
2025.08.05	01:19:18.149	1.32905	1.32908			6
2025.08.05	01:19:18.773	1.32907	1.32910			6
2025.08.05	01:19:19.765	1.32911	1.32912			6
2025.08.05	01:19:20.069	1.32913	1.32916			6
2025.08.05	01:19:20.739	1.32915	1.32917			6
2025.08.05	01:19:21.377		1.32918			4
2025.08.05	01:19:21.692	1.32916	1.32919			6
2025.08.05	01:19:22.659	1.32918	1.32921			6
2025.08.05	01:19:26.747	1.32919	1.32922			6
2025.08.05	01:19:27.062	1.32918	1.32921			6
2025.08.05	01:19:27.677	1.32917	1.32920			6
2025.08.05	01:19:29.274	1.32918	1.32921			6
2025.08.05	01:19:29.582	1.32919	1.32922			6
2025.08.05	01:19:29.891	1.32922	1.32925			6
2025.08.05	01:19:30.195	1.32916	1.32919			6
2025.08.05	01:19:32.994	1.32917	1.32920			6
2025.08.05	01:19:33.295	1.32916	1.32919			6
2025.08.05	01:19:33.908	1.32915	1.32918			6
2025.08.05	01:19:35.488	1.32916	1.32919			6
2025.08.05	01:19:35.798	1.32915	1.32918			6
2025.08.05	01:19:36.422	1.32914	1.32916			6
2025.08.05	01:19:36.728	1.32913				2
2025.08.05	01:19:37.031	1.32914	1.32917			6
2025.08.05	01:19:37.349	1.32913	1.32916			6
2025.08.05	01:19:37.659	1.32914	1.32917			6
2025.08.05	01:19:40.132	1.32913	1.32916			6
2025.08.05	01:19:42.889		1.32915			4
2025.08.05	01:19:43.827		1.32916			4
2025.08.05	01:19:45.367	1.32914				2
2025.08.05	01:19:50.630	1.32912	1.32915			6
2025.08.05	01:19:50.945	1.32908	1.32911			6
2025.08.05	01:19:53.109	1.32909	1.32912			6
2025.08.05	01:19:57.468	1.32908	1.32911			6
2025.08.05	01:19:58.082	1.32909	1.32912			6
2025.08.05	01:19:59.939	1.32908	1.32911			6
2025.08.05	01:20:00.248	1.32907	1.32910			6
2025.08.05	01:20:00.557	1.32908	1.32911			6
2025.08.05	01:20:00.870	1.32907	1.32910			6
2025.08.05	01:20:01.181	1.32904	1.32905			6
2025.08.05	01:20:03.198	1.32903	1.32904			6
2025.08.05	01:20:03.512		1.32905			4
2025.08.05	01:20:05.370	1.32904				2
2025.08.05	01:20:13.731	1.32903				2
2025.08.05	01:20:14.036	1.32899	1.32902			6
2025.08.05	01:20:15.283	1.32901	1.32904			6
2025.08.05	01:20:15.897	1.32902	1.32905			6
2025.08.05	01:20:16.202	1.32903	1.32906			6
2025.08.05	01:20:16.827	1.32902	1.32905			6
2025.08.05	01:20:22.709	1.32906	1.32909			6
2025.08.05	01:20:23.020	1.32905	1.32908			6
2025.08.05	01:20:32.973	1.32904	1.32907			6
2025.08.05	01:20:33.580	1.32909	1.32912			6
2025.08.05	01:20:33.887	1.32908	1.32911			6
2025.08.05	01:20:34.507	1.32909	1.32912			6
2025.08.05	01:20:37.893	1.32911	1.32914			6
2025.08.05	01:20:39.125	1.32910	1.32913			6
2025.08.05	01:20:42.259	1.32909	1.32912			6
2025.08.05	01:20:43.178	1.32913	1.32914			6
2025.08.05	01:20:43.489	1.32909	1.32912			6
2025.08.05	01:20:43.794	1.32913	1.32914			6
2025.08.05	01:20:44.407	1.32909	1.32912			6
2025.08.05	01:20:45.026	1.32913	1.32914			6
2025.08.05	01:20:46.277	1.32909	1.32912			6
2025.08.05	01:20:48.814	1.32910	1.32913			6
2025.08.05	01:20:51.274	1.32909	1.32912			6
2025.08.05	01:20:51.582	1.32910	1.32913			6
2025.08.05	01:20:54.943	1.32911	1.32914			6
2025.08.05	01:20:55.255	1.32910	1.32913			6
2025.08.05	01:21:00.155	1.32910				2
2025.08.05	01:21:01.681	1.32911	1.32914			6
2025.08.05	01:21:01.988	1.32910	1.32913			6
2025.08.05	01:21:02.604	1.32908	1.32910			6
2025.08.05	01:21:02.908	1.32905	1.32908			6
2025.08.05	01:21:04.439	1.32906	1.32909			6
2025.08.05	01:21:04.747	1.32904	1.32907			6
2025.08.05	01:21:05.358	1.32905				2
2025.08.05	01:21:06.283		1.32908			4
2025.08.05	01:21:06.895	1.32906	1.32909			6
2025.08.05	01:21:07.201	1.32905	1.32908			6
2025.08.05	01:21:11.829	1.32904	1.32907			6
2025.08.05	01:21:12.793	1.32905	1.32908			6
2025.08.05	01:21:13.159	1.32904	1.32907			6
2025.08.05	01:21:16.461		1.32906			4
2025.08.05	01:21:19.657		1.32907			4
2025.08.05	01:21:20.298	1.32905				2
2025.08.05	01:21:20.602	1.32904				2
2025.08.05	01:21:20.916	1.32905	1.32906			6
2025.08.05	01:21:23.168		1.32907			4
2025.08.05	01:21:24.132		1.32908			4
2025.08.05	01:21:25.086	1.32906	1.32909			6
2025.08.05	01:21:31.041	1.32909	1.32912			6
2025.08.05	01:21:31.971	1.32908	1.32911			6
2025.08.05	01:21:40.014	1.32909	1.32912			6
2025.08.05	01:21:42.472	1.32910	1.32913			6
2025.08.05	01:21:42.779	1.32909	1.32912			6
2025.08.05	01:21:43.706	1.32910	1.32913			6
2025.08.05	01:21:44.010	1.32909	1.32912			6
2025.08.05	01:21:44.429	1.32910	1.32913			6
2025.08.05	01:21:45.360	1.32909	1.32912			6
2025.08.05	01:21:48.284	1.32910	1.32913			6
2025.08.05	01:21:51.164	1.32911	1.32914			6
2025.08.05	01:21:51.479	1.32909	1.32912			6
2025.08.05	01:21:53.715	1.32910	1.32913			6
2025.08.05	01:21:56.274	1.32911	1.32914			6
2025.08.05	01:21:59.385	1.32910	1.32913			6
2025.08.05	01:22:00.000	1.32910				2
2025.08.05	01:22:00.307	1.32911	1.32914			6
2025.08.05	01:22:01.232	1.32910	1.32913			6
2025.08.05	01:22:02.777	1.32911	1.32914			6
2025.08.05	01:22:04.307	1.32910	1.32913			6
2025.08.05	01:22:06.552	1.32911	1.32914			6
2025.08.05	01:22:06.904	1.32910	1.32913			6
2025.08.05	01:22:09.171	1.32911	1.32914			6
2025.08.05	01:22:09.837	1.32910	1.32913			6
2025.08.05	01:22:10.162	1.32911	1.32914			6
2025.08.05	01:22:11.102	1.32910	1.32913			6
2025.08.05	01:22:29.479	1.32911	1.32914			6
2025.08.05	01:22:43.464	1.32909	1.32912			6
2025.08.05	01:22:43.776	1.32910	1.32913			6
2025.08.05	01:22:49.240	1.32911	1.32914			6
2025.08.05	01:22:50.493	1.32910	1.32913			6
2025.08.05	01:22:51.421	1.32909	1.32912			6
2025.08.05	01:22:52.963	1.32910	1.32913			6
2025.08.05	01:22:53.584	1.32906	1.32909			6
2025.08.05	01:22:53.890	1.32905	1.32908			6
2025.08.05	01:22:54.817	1.32907	1.32910			6
2025.08.05	01:22:55.749	1.32908	1.32911			6
2025.08.05	01:22:59.759	1.32907	1.32910			6
2025.08.05	01:23:00.067	1.32907				2
2025.08.05	01:23:00.415	1.32906	1.32909			6
2025.08.05	01:23:01.660	1.32905	1.32908			6
2025.08.05	01:23:05.043	1.32903	1.32906			6
2025.08.05	01:23:12.142		1.32905			4
2025.08.05	01:23:16.127	1.32898	1.32901			6
2025.08.05	01:23:17.358	1.32900	1.32903			6
2025.08.05	01:23:17.970	1.32901	1.32904			6
2025.08.05	01:23:20.132	1.32900	1.32903			6
2025.08.05	01:23:25.070	1.32899	1.32902			6
2025.08.05	01:23:25.371	1.32901	1.32904			6
2025.08.05	01:23:25.679	1.32900	1.32903			6
2025.08.05	01:23:26.605	1.32901	1.32904			6
2025.08.05	01:23:29.082	1.32902	1.32905			6
2025.08.05	01:23:29.390	1.32901	1.32904			6
2025.08.05	01:23:30.316	1.32900	1.32903			6
2025.08.05	01:23:31.550	1.32901	1.32904			6
2025.08.05	01:23:33.404	1.32900	1.32903			6
2025.08.05	01:23:39.625	1.32901	1.32904			6
2025.08.05	01:23:39.929	1.32900	1.32903			6
2025.08.05	01:23:40.242	1.32901	1.32904			6
2025.08.05	01:23:40.552	1.32900	1.32903			6
2025.08.05	01:23:49.774	1.32901	1.32904			6
2025.08.05	01:23:50.081	1.32900	1.32903			6
2025.08.05	01:23:56.218	1.32901	1.32904			6
2025.08.05	01:23:56.829	1.32900	1.32903			6
2025.08.05	01:24:00.202	1.32900				2
2025.08.05	01:24:03.580	1.32901	1.32904			6
2025.08.05	01:24:03.892	1.32900	1.32903			6
2025.08.05	01:24:05.730	1.32901	1.32904			6
2025.08.05	01:24:06.646	1.32903	1.32906			6
2025.08.05	01:24:06.951	1.32901	1.32904			6
2025.08.05	01:24:07.568	1.32900	1.32903			6
2025.08.05	01:24:07.873	1.32901	1.32904			6
2025.08.05	01:24:09.101	1.32902	1.32905			6
2025.08.05	01:24:10.013	1.32905	1.32908			6
2025.08.05	01:24:10.623		1.32907			4
2025.08.05	01:24:10.937	1.32906	1.32909			6
2025.08.05	01:24:12.195	1.32908	1.32911			6
2025.08.05	01:24:14.337	1.32907	1.32910			6
2025.08.05	01:24:14.642	1.32909	1.32912			6
2025.08.05	01:24:17.724	1.32910	1.32913			6
2025.08.05	01:24:18.648	1.32909	1.32912			6
2025.08.05	01:24:19.265	1.32910	1.32913			6
2025.08.05	01:24:20.190	1.32909	1.32912			6
2025.08.05	01:24:29.729	1.32910	1.32913			6
2025.08.05	01:24:30.653	1.32909	1.32912			6
2025.08.05	01:24:35.546	1.32910	1.32913			6
2025.08.05	01:24:35.853	1.32911	1.32914			6
2025.08.05	01:24:37.442	1.32910	1.32913			6
2025.08.05	01:24:42.267	1.32909	1.32912			6
2025.08.05	01:24:48.339	1.32910	1.32913			6
2025.08.05	01:24:48.660		1.32912			4
2025.08.05	01:24:48.961		1.32913			4
2025.08.05	01:24:52.499	1.32909	1.32912			6
2025.08.05	01:24:55.342	1.32908	1.32911			6
2025.08.05	01:24:55.691	1.32909	1.32912			6
2025.08.05	01:24:57.291	1.32910	1.32913			6
2025.08.05	01:25:00.169	1.32910				2
2025.08.05	01:25:00.806	1.32909	1.32912			6
2025.08.05	01:25:01.752	1.32908	1.32911			6
2025.08.05	01:25:02.877	1.32909	1.32912			6
2025.08.05	01:25:06.379	1.32910	1.32913			6
2025.08.05	01:25:12.964	1.32909	1.32912			6
2025.08.05	01:25:13.283	1.32910	1.32913			6
2025.08.05	01:25:16.143	1.32909	1.32912			6
2025.08.05	01:25:17.935	1.32910	1.32913			6
2025.08.05	01:25:18.257	1.32909	1.32912			6
2025.08.05	01:25:18.575	1.32910	1.32913			6
2025.08.05	01:25:25.257	1.32909	1.32912			6
2025.08.05	01:25:31.297	1.32910	1.32913			6
2025.08.05	01:25:46.997	1.32913	1.32914			6
2025.08.05	01:25:47.308	1.32910	1.32913			6
2025.08.05	01:25:47.633	1.32913	1.32914			6
2025.08.05	01:25:48.586	1.32910	1.32913			6
2025.08.05	01:25:48.905	1.32913	1.32914			6
2025.08.05	01:25:49.237	1.32910	1.32913			6
2025.08.05	01:25:49.541	1.32913	1.32914			6
2025.08.05	01:25:50.666	1.32909	1.32912			6
2025.08.05	01:25:51.304	1.32910	1.32913			6
2025.08.05	01:26:00.094	1.32910				2
2025.08.05	01:26:03.996	1.32909	1.32912			6
2025.08.05	01:26:07.827	1.32910	1.32913			6
2025.08.05	01:26:10.710	1.32909	1.32912			6
2025.08.05	01:26:13.750	1.32910	1.32913			6
2025.08.05	01:26:20.944	1.32909	1.32912			6
2025.08.05	01:26:23.502	1.32910	1.32913			6
2025.08.05	01:26:24.776	1.32909	1.32912			6
2025.08.05	01:26:27.974	1.32910	1.32913			6
2025.08.05	01:26:30.213	1.32909	1.32912			6
2025.08.05	01:26:30.858	1.32910	1.32913			6
2025.08.05	01:26:31.169	1.32909	1.32912			6
2025.08.05	01:26:31.496	1.32910	1.32913			6
2025.08.05	01:26:33.092	1.32909	1.32912			6
2025.08.05	01:26:33.416	1.32910	1.32913			6
2025.08.05	01:26:33.731	1.32909	1.32912			6
2025.08.05	01:26:37.411	1.32910	1.32913			6
2025.08.05	01:26:42.155	1.32909	1.32912			6
2025.08.05	01:26:43.426	1.32910	1.32913			6
2025.08.05	01:26:51.094	1.32909	1.32912			6
2025.08.05	01:26:52.694	1.32910	1.32913			6
2025.08.05	01:26:53.012	1.32909	1.32912			6
2025.08.05	01:26:56.212	1.32910	1.32913			6
2025.08.05	01:26:59.118	1.32913	1.32914			6
2025.08.05	01:26:59.432		1.32915			4
2025.08.05	01:26:59.756		1.32916			4
2025.08.05	01:27:00.078	1.32913				2
2025.08.05	01:27:03.267	1.32914				2
2025.08.05	01:27:05.192		1.32917			4
2025.08.05	01:27:07.751	1.32915	1.32918			6
2025.08.05	01:27:10.309	1.32914	1.32917			6
2025.08.05	01:27:10.631	1.32915	1.32918			6
2025.08.05	01:27:10.950	1.32914	1.32917			6
2025.08.05	01:27:15.738		1.32916			4
2025.08.05	01:27:17.340		1.32917			4
2025.08.05	01:27:31.303		1.32916			4
2025.08.05	01:27:34.500	1.32913				2
2025.08.05	01:27:34.817	1.32914				2
2025.08.05	01:27:36.671	1.32913				2
2025.08.05	01:27:36.977	1.32914				2
2025.08.05	01:27:38.829	1.32913				2
2025.08.05	01:27:41.331	1.32914				2
2025.08.05	01:27:41.639	1.32916	1.32918			6
2025.08.05	01:27:41.953	1.32917	1.32920			6
2025.08.05	01:27:42.896	1.32919	1.32922			6
2025.08.05	01:27:53.651	1.32918	1.32921			6
2025.08.05	01:27:53.958	1.32915	1.32918			6
2025.08.05	01:27:54.267	1.32918	1.32921			6
2025.08.05	01:27:56.129	1.32917	1.32920			6
2025.08.05	01:27:56.745	1.32916	1.32919			6
2025.08.05	01:27:57.960	1.32917				2
2025.08.05	01:27:59.200		1.32920			4
2025.08.05	01:28:00.169	1.32917				2
2025.08.05	01:28:02.221	1.32918				2
2025.08.05	01:28:02.714	1.32919	1.32922			6
2025.08.05	01:28:04.306	1.32918	1.32921			6
2025.08.05	01:28:07.175	1.32921	1.32924			6
2025.08.05	01:28:07.511	1.32918	1.32921			6
2025.08.05	01:28:10.553	1.32919				2
2025.08.05	01:28:11.830		1.32920			4
2025.08.05	01:28:12.470	1.32917				2
2025.08.05	01:28:18.219	1.32919				2
2025.08.05	01:28:18.544		1.32921			4
2025.08.05	01:28:21.101	1.32916	1.32919			6
2025.08.05	01:28:21.418	1.32915	1.32918			6
2025.08.05	01:28:23.337	1.32914	1.32917			6
2025.08.05	01:28:27.489	1.32915	1.32918			6
2025.08.05	01:28:27.812	1.32914	1.32917			6
2025.08.05	01:28:28.126	1.32916	1.32919			6
2025.08.05	01:28:28.446	1.32914	1.32916			6
2025.08.05	01:28:28.768		1.32917			4
2025.08.05	01:28:29.087	1.32915	1.32918			6
2025.08.05	01:28:29.402	1.32914	1.32917			6
2025.08.05	01:28:30.042		1.32916			4
2025.08.05	01:28:30.362		1.32917			4
2025.08.05	01:28:32.612	1.32915				2
2025.08.05	01:28:32.932	1.32914				2
2025.08.05	01:28:41.566	1.32915	1.32918			6
2025.08.05	01:28:42.206	1.32914	1.32917			6
2025.08.05	01:28:44.770		1.32916			4
2025.08.05	01:28:48.284		1.32917			4
2025.08.05	01:28:52.119	1.32915	1.32918			6
2025.08.05	01:28:52.768	1.32914	1.32917			6
2025.08.05	01:28:58.501	1.32913	1.32916			6
2025.08.05	01:28:59.454	1.32914	1.32917			6
2025.08.05	01:29:00.080	1.32914				2
2025.08.05	01:29:08.157	1.32915				2
2025.08.05	01:29:09.761		1.32916			4
2025.08.05	01:29:10.399		1.32918			4
2025.08.05	01:29:19.880	1.32916	1.32919			6
2025.08.05	01:29:23.346	1.32917	1.32920			6
2025.08.05	01:29:23.658	1.32916	1.32919			6
2025.08.05	01:29:26.577	1.32917	1.32920			6
2025.08.05	01:29:32.480	1.32916	1.32919			6
2025.08.05	01:29:33.095	1.32917	1.32920			6
2025.08.05	01:29:34.335	1.32918	1.32921			6
2025.08.05	01:29:34.640	1.32917	1.32920			6
2025.08.05	01:29:35.874	1.32916	1.32919			6
2025.08.05	01:29:36.802	1.32917	1.32920			6
2025.08.05	01:29:37.104	1.32918	1.32921			6
2025.08.05	01:29:38.023	1.32919	1.32922			6
2025.08.05	01:29:40.511	1.32920	1.32923			6
2025.08.05	01:29:43.291	1.32919	1.32922			6
2025.08.05	01:29:45.468	1.32920	1.32923			6
2025.08.05	01:29:48.913	1.32919	1.32922			6
2025.08.05	01:29:52.294	1.32921	1.32924			6
2025.08.05	01:29:52.604	1.32919	1.32922			6
2025.08.05	01:29:59.595	1.32920	1.32923			6
2025.08.05	01:30:00.230	1.32920	1.32921			6
2025.08.05	01:30:00.550		1.32922			4
2025.08.05	01:30:00.870		1.32921			4
2025.08.05	01:30:01.940		1.32923			4
2025.08.05	01:30:05.186	1.32918	1.32921			6
2025.08.05	01:30:05.503	1.32917	1.32920			6
2025.08.05	01:30:06.782	1.32918				2
2025.08.05	01:30:08.072		1.32921			4
2025.08.05	01:30:10.630		1.32920			4
2025.08.05	01:30:18.146	1.32921	1.32924			6
2025.08.05	01:30:18.471	1.32918	1.32921			6
2025.08.05	01:30:20.698		1.32920			4
2025.08.05	01:30:21.344		1.32921			4
2025.08.05	01:30:26.297	1.32921	1.32922			6
2025.08.05	01:30:26.600	1.32922	1.32923			6
2025.08.05	01:30:28.220	1.32923	1.32924			6
2025.08.05	01:30:32.690	1.32924	1.32927			6
2025.08.05	01:30:36.847		1.32926			4
2025.08.05	01:30:37.803		1.32927			4
2025.08.05	01:30:38.107		1.32926			4
2025.08.05	01:30:42.466	1.32916	1.32919			6
2025.08.05	01:30:42.767	1.32915	1.32918			6
2025.08.05	01:30:43.074	1.32916	1.32919			6
2025.08.05	01:30:43.383	1.32915	1.32918			6
2025.08.05	01:30:46.772		1.32917			4
2025.08.05	01:30:48.309		1.32918			4
2025.08.05	01:30:50.162	1.32916	1.32919			6
2025.08.05	01:30:52.387	1.32917	1.32920			6
2025.08.05	01:30:56.259	1.32916	1.32919			6
2025.08.05	01:30:57.189	1.32917	1.32920			6
2025.08.05	01:31:00.317	1.32917				2
2025.08.05	01:31:00.703	1.32916	1.32919			6
2025.08.05	01:31:01.020	1.32915	1.32918			6
2025.08.05	01:31:01.341	1.32916	1.32919			6
2025.08.05	01:31:01.663	1.32915	1.32918			6
2025.08.05	01:31:02.302	1.32916	1.32919			6
2025.08.05	01:31:04.218	1.32915	1.32918			6
2025.08.05	01:31:04.539	1.32916	1.32919			6
2025.08.05	01:31:04.856	1.32915	1.32918			6
2025.08.05	01:31:05.177	1.32917	1.32920			6
2025.08.05	01:31:05.497	1.32916	1.32919			6
2025.08.05	01:31:05.821	1.32915	1.32918			6
2025.08.05	01:31:07.733	1.32916	1.32919			6
2025.08.05	01:31:11.849	1.32917	1.32920			6
2025.08.05	01:31:13.693	1.32916	1.32919			6
2025.08.05	01:31:18.018	1.32917	1.32920			6
2025.08.05	01:31:24.221	1.32916	1.32919			6
2025.08.05	01:31:24.538	1.32917	1.32920			6
2025.08.05	01:31:25.817	1.32916	1.32919			6
2025.08.05	01:31:29.134	1.32915	1.32918			6
2025.08.05	01:31:29.449	1.32916	1.32919			6
2025.08.05	01:31:32.010	1.32915	1.32918			6
2025.08.05	01:31:47.160	1.32916	1.32919			6
2025.08.05	01:31:50.371	1.32915	1.32918			6
2025.08.05	01:31:50.691	1.32916	1.32919			6
2025.08.05	01:32:00.055	1.32916				2
2025.08.05	01:32:07.696	1.32915	1.32918			6
2025.08.05	01:32:18.406	1.32916	1.32919			6
2025.08.05	01:32:37.765	1.32919	1.32920			6
2025.08.05	01:32:38.408	1.32916	1.32919			6
2025.08.05	01:32:47.008	1.32915	1.32918			6
2025.08.05	01:32:51.204	1.32916	1.32919			6
2025.08.05	01:32:52.793	1.32915	1.32918			6
2025.08.05	01:32:55.899	1.32916	1.32919			6
2025.08.05	01:32:57.752	1.32915	1.32918			6
2025.08.05	01:33:00.218	1.32915				2
2025.08.05	01:33:03.310	1.32916	1.32919			6
2025.08.05	01:33:03.617	1.32915	1.32918			6
2025.08.05	01:33:14.499	1.32916	1.32919			6
2025.08.05	01:33:25.899	1.32915	1.32918			6
2025.08.05	01:33:29.303		1.32917			4
2025.08.05	01:33:34.295		1.32918			4
2025.08.05	01:33:34.604	1.32916	1.32919			6
2025.08.05	01:33:37.997	1.32915	1.32918			6
2025.08.05	01:33:38.302		1.32917			4
2025.08.05	01:33:38.610		1.32918			4
2025.08.05	01:33:46.650		1.32917			4
2025.08.05	01:33:47.271		1.32918			4
2025.08.05	01:33:50.187	1.32916	1.32919			6
2025.08.05	01:34:00.163	1.32916				2
2025.08.05	01:34:00.468	1.32915	1.32917			6
2025.08.05	01:34:00.780	1.32916	1.32919			6
2025.08.05	01:34:12.424	1.32917	1.32920			6
2025.08.05	01:34:15.190	1.32916	1.32919			6
2025.08.05	01:34:15.496	1.32915	1.32918			6
2025.08.05	01:34:17.350	1.32916	1.32919			6
2025.08.05	01:34:21.697	1.32914	1.32917			6
2025.08.05	01:34:22.011	1.32916	1.32919			6
2025.08.05	01:34:24.513	1.32918	1.32921			6
2025.08.05	01:34:24.814	1.32916	1.32919			6
2025.08.05	01:34:28.918	1.32918				2
2025.08.05	01:34:29.223		1.32921			4
2025.08.05	01:34:29.556	1.32920	1.32923			6
2025.08.05	01:34:36.077	1.32924	1.32927			6
2025.08.05	01:34:42.855	1.32923	1.32926			6
2025.08.05	01:34:43.163	1.32924	1.32927			6
2025.08.05	01:34:47.463	1.32925	1.32928			6
2025.08.05	01:34:47.771	1.32926	1.32929			6
2025.08.05	01:34:50.226	1.32925	1.32928			6
2025.08.05	01:34:50.531	1.32926	1.32929			6
2025.08.05	01:34:56.352	1.32927	1.32930			6
2025.08.05	01:34:59.429		1.32929			4
2025.08.05	01:34:59.734		1.32930			4
2025.08.05	01:35:00.040	1.32927				2
2025.08.05	01:35:00.647	1.32925	1.32928			6
2025.08.05	01:35:00.957	1.32924	1.32927			6
2025.08.05	01:35:01.267	1.32925	1.32928			6
2025.08.05	01:35:02.180	1.32924	1.32927			6
2025.08.05	01:35:02.486	1.32923	1.32926			6
2025.08.05	01:35:03.412	1.32924	1.32927			6
2025.08.05	01:35:03.718	1.32925	1.32928			6
2025.08.05	01:35:06.806	1.32926	1.32929			6
2025.08.05	01:35:32.547	1.32925	1.32928			6
2025.08.05	01:35:34.786	1.32926				2
2025.08.05	01:35:35.119	1.32929	1.32930			6
2025.08.05	01:35:37.036	1.32931	1.32934			6
2025.08.05	01:35:38.305	1.32932	1.32935			6
2025.08.05	01:35:38.956	1.32931	1.32934			6
2025.08.05	01:35:39.262	1.32930	1.32933			6
2025.08.05	01:35:40.478	1.32929	1.32932			6
2025.08.05	01:35:40.785		1.32930			4
2025.08.05	01:35:41.399	1.32933	1.32936			6
2025.08.05	01:35:42.025	1.32934	1.32937			6
2025.08.05	01:36:00.193	1.32934				2
2025.08.05	01:36:00.500	1.32931	1.32933			6
2025.08.05	01:36:00.833		1.32932			4
2025.08.05	01:36:02.073		1.32933			4
2025.08.05	01:36:13.459		1.32934			4
2025.08.05	01:36:14.389	1.32932	1.32935			6
2025.08.05	01:36:15.317	1.32931	1.32934			6
2025.08.05	01:36:16.242	1.32932	1.32935			6
2025.08.05	01:36:16.552	1.32931	1.32934			6
2025.08.05	01:36:20.283	1.32932	1.32935			6
2025.08.05	01:36:20.588	1.32931	1.32934			6
2025.08.05	01:36:22.128	1.32932	1.32935			6
2025.08.05	01:36:22.746	1.32931	1.32934			6
2025.08.05	01:36:26.757	1.32932				2
2025.08.05	01:36:29.824	1.32935	1.32938			6
2025.08.05	01:36:30.141	1.32934	1.32937			6
2025.08.05	01:36:30.445	1.32935				2
2025.08.05	01:36:33.210	1.32934				2
2025.08.05	01:36:33.820	1.32935				2
2025.08.05	01:36:35.679		1.32938			4
2025.08.05	01:36:38.203	1.32937	1.32939			6
2025.08.05	01:36:38.511	1.32938	1.32941			6
2025.08.05	01:36:39.436	1.32937	1.32940			6
2025.08.05	01:36:39.754		1.32939			4
2025.08.05	01:36:40.710	1.32935	1.32938			6
2025.08.05	01:36:41.012	1.32934	1.32937			6
2025.08.05	01:36:49.899	1.32937	1.32939			6
2025.08.05	01:36:50.204	1.32934	1.32937			6
2025.08.05	01:36:57.981	1.32936	1.32938			6
2025.08.05	01:36:59.211		1.32939			4
2025.08.05	01:37:00.121	1.32936				2
2025.08.05	01:37:01.659	1.32935	1.32937			6
2025.08.05	01:37:01.971		1.32938			4
2025.08.05	01:37:04.687		1.32937			4
2025.08.05	01:37:05.648	1.32934				2
2025.08.05	01:37:06.280	1.32933	1.32936			6
2025.08.05	01:37:17.704	1.32934	1.32937			6
2025.08.05	01:37:19.860	1.32927	1.32930			6
2025.08.05	01:37:20.182	1.32931	1.32932			6
2025.08.05	01:37:20.485	1.32933	1.32936			6
2025.08.05	01:37:20.789	1.32932	1.32935			6
2025.08.05	01:37:28.299	1.32933	1.32936			6
2025.08.05	01:37:36.588	1.32934	1.32937			6
2025.08.05	01:37:38.131	1.32935	1.32938			6
2025.08.05	01:37:38.437	1.32936	1.32939			6
2025.08.05	01:37:41.202	1.32938	1.32941			6
2025.08.05	01:37:41.508	1.32936	1.32939			6
2025.08.05	01:37:57.334	1.32937	1.32938			6
2025.08.05	01:37:57.657	1.32934	1.32937			6
2025.08.05	01:37:59.569	1.32933	1.32936			6
2025.08.05	01:38:00.206	1.32933				2
2025.08.05	01:38:16.053	1.32932	1.32935			6
2025.08.05	01:38:17.282	1.32935	1.32938			6
2025.08.05	01:38:18.814	1.32934	1.32937			6
2025.08.05	01:38:19.794	1.32935	1.32938			6
2025.08.05	01:38:20.109	1.32933	1.32936			6
2025.08.05	01:38:21.958	1.32934	1.32937			6
2025.08.05	01:38:25.131	1.32933	1.32936			6
2025.08.05	01:38:26.971	1.32934	1.32937			6
2025.08.05	01:38:27.282	1.32933	1.32936			6
2025.08.05	01:38:29.259	1.32932	1.32935			6
2025.08.05	01:38:32.344	1.32933	1.32936			6
2025.08.05	01:38:43.109	1.32932	1.32935			6
2025.08.05	01:38:48.339	1.32933	1.32936			6
2025.08.05	01:38:53.268	1.32932	1.32935			6
2025.08.05	01:38:56.356	1.32933	1.32936			6
2025.08.05	01:38:58.814	1.32932	1.32935			6
2025.08.05	01:39:00.057	1.32932				2
2025.08.05	01:39:02.840	1.32931	1.32934			6
2025.08.05	01:39:03.455	1.32932	1.32935			6
2025.08.05	01:39:06.864	1.32933	1.32936			6
2025.08.05	01:39:10.888	1.32931	1.32933			6
2025.08.05	01:39:11.192	1.32933	1.32936			6
2025.08.05	01:39:12.742	1.32932	1.32935			6
2025.08.05	01:39:13.049	1.32928	1.32931			6
2025.08.05	01:39:20.784	1.32927	1.32930			6
2025.08.05	01:39:23.263	1.32928	1.32931			6
2025.08.05	01:39:27.275	1.32931	1.32934			6
2025.08.05	01:39:30.363	1.32930	1.32933			6
2025.08.05	01:39:33.142	1.32929	1.32931			6
2025.08.05	01:39:36.345		1.32930			4
2025.08.05	01:39:39.377		1.32931			4
2025.08.05	01:39:44.832		1.32930			4
2025.08.05	01:39:52.443	1.32927				2
2025.08.05	01:39:55.537		1.32929			4
2025.08.05	01:39:56.150	1.32926				2
2025.08.05	01:39:58.619	1.32917	1.32919			6
2025.08.05	01:39:59.854		1.32920			4
2025.08.05	01:40:00.169	1.32917				2
2025.08.05	01:40:09.423	1.32918	1.32921			6
2025.08.05	01:40:14.676	1.32917	1.32920			6
2025.08.05	01:40:15.601	1.32918	1.32921			6
2025.08.05	01:40:19.613	1.32916	1.32919			6
2025.08.05	01:40:19.920	1.32918	1.32921			6
2025.08.05	01:40:30.088	1.32917	1.32920			6
2025.08.05	01:40:53.068	1.32916	1.32919			6
2025.08.05	01:40:53.373	1.32918	1.32921			6
2025.08.05	01:40:54.001	1.32917	1.32920			6
2025.08.05	01:40:57.832	1.32918	1.32921			6
2025.08.05	01:40:58.777	1.32917	1.32920			6
2025.08.05	01:40:59.752	1.32914	1.32915			6
2025.08.05	01:41:00.060	1.32912	1.32913			6
2025.08.05	01:41:02.423	1.32910	1.32911			6
2025.08.05	01:41:02.745	1.32905	1.32907			6
2025.08.05	01:41:03.063	1.32904				2
2025.08.05	01:41:03.398	1.32901	1.32904			6
2025.08.05	01:41:03.706	1.32902	1.32905			6
2025.08.05	01:41:04.344	1.32901				2
2025.08.05	01:41:08.495	1.32902				2
2025.08.05	01:41:09.144		1.32904			4
2025.08.05	01:41:10.415	1.32900	1.32903			6
2025.08.05	01:41:11.053	1.32901	1.32904			6
2025.08.05	01:41:11.676	1.32902	1.32905			6
2025.08.05	01:41:12.013	1.32901	1.32904			6
2025.08.05	01:41:20.438	1.32900	1.32903			6
2025.08.05	01:41:26.865	1.32901	1.32904			6
2025.08.05	01:41:27.184	1.32900	1.32903			6
2025.08.05	01:41:28.765	1.32902	1.32905			6
2025.08.05	01:41:29.096	1.32901	1.32904			6
2025.08.05	01:41:35.304	1.32902	1.32905			6
2025.08.05	01:41:41.338	1.32901	1.32904			6
2025.08.05	01:41:45.496	1.32902	1.32905			6
2025.08.05	01:41:45.812	1.32901	1.32904			6
2025.08.05	01:41:46.770	1.32902	1.32905			6
2025.08.05	01:41:47.406	1.32901	1.32904			6
2025.08.05	01:41:49.008	1.32902	1.32905			6
2025.08.05	01:41:49.628	1.32901	1.32904			6
2025.08.05	01:41:51.472	1.32902	1.32905			6
2025.08.05	01:41:57.039	1.32901	1.32904			6
2025.08.05	01:42:00.242	1.32901				2
2025.08.05	01:42:00.876	1.32903	1.32906			6
2025.08.05	01:42:01.197	1.32901	1.32904			6
2025.08.05	01:42:02.255	1.32902	1.32905			6
2025.08.05	01:42:02.574		1.32904			4
2025.08.05	01:42:02.899		1.32905			4
2025.08.05	01:42:03.530	1.32901	1.32904			6
2025.08.05	01:42:04.172	1.32900	1.32903			6
2025.08.05	01:42:09.926	1.32901	1.32904			6
2025.08.05	01:42:10.243	1.32900	1.32903			6
2025.08.05	01:42:14.717	1.32901	1.32904			6
2025.08.05	01:42:15.683	1.32900	1.32903			6
2025.08.05	01:42:15.998	1.32901	1.32904			6
2025.08.05	01:42:16.317	1.32900	1.32903			6
2025.08.05	01:42:16.942	1.32901	1.32904			6
2025.08.05	01:42:19.103	1.32900	1.32903			6
2025.08.05	01:42:24.619	1.32901	1.32904			6
2025.08.05	01:42:24.935	1.32900	1.32903			6
2025.08.05	01:42:25.894	1.32901	1.32904			6
2025.08.05	01:42:26.212	1.32899	1.32901			6
2025.08.05	01:42:26.542	1.32901	1.32904			6
2025.08.05	01:42:29.015	1.32898	1.32901			6
2025.08.05	01:42:29.321	1.32897	1.32900			6
2025.08.05	01:42:33.016	1.32898	1.32901			6
2025.08.05	01:42:33.324	1.32897	1.32900			6
2025.08.05	01:42:33.634	1.32898	1.32901			6
2025.08.05	01:42:33.940	1.32897	1.32900			6
2025.08.05	01:42:34.243	1.32898	1.32901			6
2025.08.05	01:42:34.550	1.32897	1.32900			6
2025.08.05	01:42:34.864	1.32898	1.32901			6
2025.08.05	01:42:35.173	1.32897	1.32900			6
2025.08.05	01:42:35.479	1.32898	1.32901			6
2025.08.05	01:42:35.786	1.32897	1.32900			6
2025.08.05	01:42:42.692	1.32896	1.32899			6
2025.08.05	01:42:43.068	1.32897	1.32900			6
2025.08.05	01:42:43.389	1.32898	1.32901			6
2025.08.05	01:42:43.708	1.32897	1.32900			6
2025.08.05	01:42:48.180	1.32898	1.32901			6
2025.08.05	01:42:48.816	1.32897	1.32900			6
2025.08.05	01:42:49.141	1.32898	1.32901			6
2025.08.05	01:42:49.456	1.32897	1.32900			6
2025.08.05	01:43:00.338	1.32897				2
2025.08.05	01:43:13.792	1.32899				2
2025.08.05	01:43:16.033		1.32907			4
2025.08.05	01:43:17.790	1.32900	1.32908			6
2025.08.05	01:43:18.320	1.32898	1.32907			6
2025.08.05	01:43:21.226	1.32900	1.32908			6
2025.08.05	01:43:22.023	1.32902	1.32905			6
2025.08.05	01:43:22.986	1.32903	1.32906			6
2025.08.05	01:43:23.294	1.32902	1.32905			6
2025.08.05	01:43:23.621	1.32903	1.32906			6
2025.08.05	01:43:23.943	1.32902	1.32905			6
2025.08.05	01:43:32.700	1.32903	1.32906			6
2025.08.05	01:43:33.728	1.32902	1.32905			6
2025.08.05	01:43:45.081	1.32903				2
2025.08.05	01:43:45.400	1.32902				2
2025.08.05	01:43:46.366	1.32905	1.32908			6
2025.08.05	01:43:50.830	1.32906	1.32909			6
2025.08.05	01:43:52.107	1.32905	1.32908			6
2025.08.05	01:43:52.433	1.32906	1.32909			6
2025.08.05	01:43:57.235	1.32905	1.32908			6
2025.08.05	01:43:58.482	1.32906	1.32909			6
2025.08.05	01:44:00.022	1.32906				2
2025.08.05	01:44:02.248	1.32908	1.32911			6
2025.08.05	01:44:02.568	1.32907	1.32910			6
2025.08.05	01:44:03.193	1.32908	1.32911			6
2025.08.05	01:44:03.510	1.32907	1.32910			6
2025.08.05	01:44:04.544	1.32908	1.32911			6
2025.08.05	01:44:05.839	1.32911	1.32912			6
2025.08.05	01:44:06.158	1.32908	1.32911			6
2025.08.05	01:44:06.797	1.32907	1.32910			6
2025.08.05	01:44:08.073	1.32908	1.32911			6
2025.08.05	01:44:08.397	1.32907	1.32910			6
2025.08.05	01:44:19.284	1.32906	1.32909			6
2025.08.05	01:44:21.149	1.32911	1.32914			6
2025.08.05	01:44:21.770	1.32910	1.32913			6
2025.08.05	01:44:22.993	1.32911	1.32914			6
2025.08.05	01:44:25.454	1.32912	1.32915			6
2025.08.05	01:44:28.232	1.32911	1.32914			6
2025.08.05	01:44:30.391	1.32912	1.32915			6
2025.08.05	01:44:32.244	1.32911	1.32914			6
2025.08.05	01:44:35.392	1.32909	1.32912			6
2025.08.05	01:44:36.025	1.32911	1.32914			6
2025.08.05	01:44:38.875	1.32912	1.32915			6
2025.08.05	01:44:43.109	1.32911	1.32914			6
2025.08.05	01:44:43.426	1.32912	1.32915			6
2025.08.05	01:44:50.473	1.32913	1.32916			6
2025.08.05	01:44:56.848	1.32915	1.32918			6
2025.08.05	01:45:00.042	1.32915				2
2025.08.05	01:45:01.317	1.32916	1.32919			6
2025.08.05	01:45:04.411	1.32917	1.32920			6
2025.08.05	01:45:10.795	1.32921	1.32922			6
2025.08.05	01:45:11.121	1.32917	1.32920			6
2025.08.05	01:45:15.271		1.32919			4
2025.08.05	01:45:15.591	1.32920	1.32921			6
2025.08.05	01:45:15.915	1.32917	1.32919			6
2025.08.05	01:45:16.232	1.32920	1.32921			6
2025.08.05	01:45:16.551	1.32917	1.32919			6
2025.08.05	01:45:16.871	1.32920	1.32921			6
2025.08.05	01:45:17.191	1.32917	1.32919			6
2025.08.05	01:45:17.517	1.32920	1.32921			6
2025.08.05	01:45:17.830	1.32917	1.32919			6
2025.08.05	01:45:18.156	1.32920	1.32921			6
2025.08.05	01:45:18.468	1.32917	1.32919			6
2025.08.05	01:45:18.787	1.32920	1.32921			6
2025.08.05	01:45:19.429	1.32917	1.32920			6
2025.08.05	01:45:29.498	1.32918	1.32921			6
2025.08.05	01:45:30.140	1.32917	1.32920			6
2025.08.05	01:45:31.735	1.32916	1.32919			6
2025.08.05	01:45:32.708	1.32917	1.32920			6
2025.08.05	01:45:33.012	1.32918	1.32921			6
2025.08.05	01:45:36.885	1.32917	1.32920			6
2025.08.05	01:45:37.196	1.32918	1.32921			6
2025.08.05	01:45:37.505	1.32917	1.32920			6
2025.08.05	01:45:38.434	1.32918	1.32921			6
2025.08.05	01:45:38.736	1.32917	1.32920			6
2025.08.05	01:45:39.368	1.32918	1.32921			6
2025.08.05	01:45:39.675	1.32917	1.32920			6
2025.08.05	01:45:53.823	1.32918	1.32921			6
2025.08.05	01:46:00.104	1.32919	1.32922			6
2025.08.05	01:46:00.421	1.32918	1.32921			6
2025.08.05	01:46:07.926	1.32917	1.32920			6
2025.08.05	01:46:08.538	1.32918	1.32921			6
2025.08.05	01:46:13.151	1.32921	1.32922			6
2025.08.05	01:46:13.463	1.32918	1.32921			6
2025.08.05	01:46:21.368	1.32919	1.32922			6
2025.08.05	01:46:21.676	1.32918	1.32921			6
2025.08.05	01:46:22.295	1.32919	1.32922			6
2025.08.05	01:46:30.457	1.32918	1.32921			6
2025.08.05	01:46:31.094	1.32919	1.32922			6
2025.08.05	01:46:39.792	1.32918	1.32921			6
2025.08.05	01:46:41.060	1.32919	1.32922			6
2025.08.05	01:46:43.699	1.32924	1.32925			6
2025.08.05	01:46:53.612	1.32928	1.32931			6
2025.08.05	01:46:57.756	1.32929	1.32932			6
2025.08.05	01:46:58.717	1.32928	1.32931			6
2025.08.05	01:47:00.013	1.32928				2
2025.08.05	01:47:04.577	1.32929	1.32932			6
2025.08.05	01:47:04.896	1.32928	1.32931			6
2025.08.05	01:47:05.531	1.32929	1.32932			6
2025.08.05	01:47:10.896	1.32928	1.32931			6
2025.08.05	01:47:11.199	1.32929	1.32932			6
2025.08.05	01:47:16.304	1.32928	1.32931			6
2025.08.05	01:47:16.608	1.32929	1.32932			6
2025.08.05	01:47:17.835	1.32928	1.32931			6
2025.08.05	01:47:22.604	1.32929	1.32932			6
2025.08.05	01:47:32.062	1.32928	1.32931			6
2025.08.05	01:47:36.496	1.32931	1.32932			6
2025.08.05	01:47:36.801	1.32928	1.32931			6
2025.08.05	01:47:38.643	1.32929	1.32932			6
2025.08.05	01:47:46.302	1.32928	1.32931			6
2025.08.05	01:47:48.829	1.32929	1.32932			6
2025.08.05	01:47:52.528	1.32928	1.32931			6
2025.08.05	01:47:54.076	1.32929	1.32932			6
2025.08.05	01:47:57.813	1.32928	1.32931			6
2025.08.05	01:48:00.050	1.32928				2
2025.08.05	01:48:32.476	1.32927	1.32930			6
2025.08.05	01:48:37.202	1.32926	1.32929			6
2025.08.05	01:48:38.835	1.32925	1.32926			6
2025.08.05	01:48:39.151	1.32926	1.32929			6
2025.08.05	01:48:39.461	1.32927	1.32930			6
2025.08.05	01:48:39.789	1.32928	1.32931			6
2025.08.05	01:48:42.021	1.32927	1.32930			6
2025.08.05	01:48:45.429	1.32928	1.32931			6
2025.08.05	01:48:47.297	1.32927	1.32930			6
2025.08.05	01:48:49.165	1.32928	1.32931			6
2025.08.05	01:48:49.466	1.32927	1.32930			6
2025.08.05	01:48:53.066	1.32928	1.32931			6
2025.08.05	01:48:53.706	1.32927	1.32930			6
2025.08.05	01:49:00.107	1.32927				2
2025.08.05	01:49:01.687	1.32928	1.32931			6
2025.08.05	01:49:04.475	1.32927	1.32930			6
2025.08.05	01:49:16.179	1.32926	1.32929			6
2025.08.05	01:49:19.969	1.32927	1.32930			6
2025.08.05	01:49:57.526	1.32926	1.32929			6
2025.08.05	01:50:00.112	1.32926				2
2025.08.05	01:50:07.453	1.32927	1.32930			6
2025.08.05	01:50:10.009	1.32924	1.32925			6
2025.08.05	01:50:10.322	1.32923	1.32924			6
2025.08.05	01:50:12.243	1.32921	1.32922			6
2025.08.05	01:50:12.558	1.32916	1.32919			6
2025.08.05	01:50:13.210	1.32913	1.32916			6
2025.08.05	01:50:13.514	1.32915				2
2025.08.05	01:50:13.841	1.32914	1.32915			6
2025.08.05	01:50:14.167	1.32915	1.32916			6
2025.08.05	01:50:14.486	1.32909	1.32912			6
2025.08.05	01:50:15.451	1.32911	1.32914			6
2025.08.05	01:50:18.331	1.32910	1.32913			6
2025.08.05	01:50:25.522	1.32914	1.32915			6
2025.08.05	01:50:25.834	1.32910	1.32913			6
2025.08.05	01:50:26.156	1.32914	1.32915			6
2025.08.05	01:50:26.472	1.32910	1.32913			6
2025.08.05	01:50:26.800	1.32914	1.32915			6
2025.08.05	01:50:27.109	1.32910	1.32913			6
2025.08.05	01:50:27.427	1.32914	1.32915			6
2025.08.05	01:50:27.754	1.32910	1.32913			6
2025.08.05	01:50:28.065	1.32914	1.32915			6
2025.08.05	01:50:28.394	1.32910	1.32913			6
2025.08.05	01:50:28.706	1.32914	1.32915			6
2025.08.05	01:50:29.026	1.32910	1.32913			6
2025.08.05	01:50:36.758	1.32911	1.32914			6
2025.08.05	01:50:51.555	1.32912	1.32915			6
2025.08.05	01:50:53.728	1.32911	1.32914			6
2025.08.05	01:51:00.032	1.32911				2
2025.08.05	01:51:18.430	1.32912	1.32915			6
2025.08.05	01:51:18.751	1.32911	1.32914			6
2025.08.05	01:51:20.996	1.32912	1.32915			6
2025.08.05	01:51:21.954	1.32911	1.32914			6
2025.08.05	01:51:26.924	1.32912	1.32915			6
2025.08.05	01:51:30.928	1.32911	1.32914			6
2025.08.05	01:51:31.856	1.32912	1.32915			6
2025.08.05	01:51:32.167	1.32911	1.32914			6
2025.08.05	01:51:32.477	1.32912				2
2025.08.05	01:51:33.090	1.32911				2
2025.08.05	01:51:33.400	1.32912				2
2025.08.05	01:51:35.869		1.32915			4
2025.08.05	01:51:36.800	1.32911	1.32914			6
2025.08.05	01:51:42.507	1.32912	1.32915			6
2025.08.05	01:51:44.366	1.32914				2
2025.08.05	01:51:44.703	1.32915	1.32918			6
2025.08.05	01:51:45.994	1.32916	1.32919			6
2025.08.05	01:52:00.225	1.32916				2
2025.08.05	01:52:02.787	1.32915	1.32918			6
2025.08.05	01:52:03.741	1.32916	1.32919			6
2025.08.05	01:52:48.736	1.32917	1.32920			6
2025.08.05	01:53:00.281	1.32917				2
2025.08.05	01:53:02.751	1.32919	1.32921			6
2025.08.05	01:53:03.063	1.32917	1.32920			6
2025.08.05	01:53:17.271	1.32916	1.32919			6
2025.08.05	01:53:48.801	1.32917	1.32920			6
2025.08.05	01:53:53.752	1.32918	1.32921			6
2025.08.05	01:53:54.059	1.32917	1.32920			6
2025.08.05	01:53:56.525	1.32918	1.32921			6
2025.08.05	01:53:59.908	1.32919	1.32922			6
2025.08.05	01:54:00.221	1.32919				2
2025.08.05	01:54:02.984	1.32918	1.32921			6
2025.08.05	01:54:06.199	1.32920				2
2025.08.05	01:54:06.843	1.32921	1.32924			6
2025.08.05	01:54:07.164	1.32923	1.32926			6
2025.08.05	01:54:07.481	1.32921	1.32924			6
2025.08.05	01:54:14.507	1.32920	1.32922			6
2025.08.05	01:54:14.834	1.32921	1.32924			6
2025.08.05	01:54:15.150	1.32922	1.32925			6
2025.08.05	01:54:23.692	1.32921	1.32924			6
2025.08.05	01:54:24.650	1.32922	1.32925			6
2025.08.05	01:54:25.899	1.32921	1.32924			6
2025.08.05	01:54:31.837	1.32922	1.32925			6
2025.08.05	01:54:34.955	1.32924				2
2025.08.05	01:54:35.278	1.32927	1.32930			6
2025.08.05	01:54:35.594	1.32928	1.32931			6
2025.08.05	01:54:36.551	1.32930	1.32933			6
2025.08.05	01:54:51.517	1.32929	1.32932			6
2025.08.05	01:54:51.822	1.32930	1.32933			6
2025.08.05	01:55:00.011	1.32930				2
2025.08.05	01:55:14.617	1.32927	1.32930			6
2025.08.05	01:55:50.903	1.32925	1.32927			6
2025.08.05	01:55:51.213	1.32927	1.32930			6
2025.08.05	01:55:52.440	1.32919	1.32922			6
2025.08.05	01:55:53.718	1.32920	1.32923			6
2025.08.05	01:55:55.232	1.32921	1.32924			6
2025.08.05	01:56:00.185	1.32921				2
2025.08.05	01:56:01.139	1.32920	1.32923			6
2025.08.05	01:56:15.573	1.32921	1.32924			6
2025.08.05	01:56:25.053	1.32920	1.32923			6
2025.08.05	01:56:27.228	1.32921	1.32924			6
2025.08.05	01:56:27.535	1.32920	1.32923			6
2025.08.05	01:56:30.663	1.32921	1.32924			6
2025.08.05	01:56:34.362	1.32920	1.32923			6
2025.08.05	01:56:35.123	1.32921	1.32924			6
2025.08.05	01:56:37.381	1.32920	1.32923			6
2025.08.05	01:56:43.114	1.32921	1.32924			6
2025.08.05	01:56:46.470		1.32923			4
2025.08.05	01:56:47.425		1.32922			4
2025.08.05	01:56:53.494	1.32920	1.32921			6
2025.08.05	01:56:56.057	1.32921	1.32922			6
2025.08.05	01:56:57.335	1.32917	1.32920			6
2025.08.05	01:57:00.205	1.32917				2
2025.08.05	01:57:07.175	1.32918	1.32921			6
2025.08.05	01:57:07.791	1.32917	1.32920			6
2025.08.05	01:57:14.826	1.32916	1.32921			6
2025.08.05	01:57:15.782	1.32917				2
2025.08.05	01:57:16.084		1.32918			4
2025.08.05	01:57:16.397	1.32913				2
2025.08.05	01:57:16.699	1.32912	1.32915			6
2025.08.05	01:57:17.026	1.32913	1.32916			6
2025.08.05	01:57:18.915	1.32912	1.32915			6
2025.08.05	01:57:23.671	1.32914	1.32917			6
2025.08.05	01:57:23.981	1.32912	1.32915			6
2025.08.05	01:57:41.230	1.32911	1.32914			6
2025.08.05	01:57:45.564	1.32910	1.32913			6
2025.08.05	01:57:51.729	1.32911	1.32914			6
2025.08.05	01:57:58.860	1.32913				2
2025.08.05	01:57:59.168	1.32911				2
2025.08.05	01:57:59.782	1.32912	1.32915			6
2025.08.05	01:58:00.168	1.32912				2
2025.08.05	01:58:07.215	1.32913	1.32916			6
2025.08.05	01:58:09.128	1.32912	1.32915			6
2025.08.05	01:58:10.406	1.32913				2
2025.08.05	01:58:11.366		1.32916			4
2025.08.05	01:58:12.003		1.32915			4
2025.08.05	01:58:12.326		1.32916			4
2025.08.05	01:58:13.282	1.32914	1.32917			6
2025.08.05	01:58:14.877	1.32913	1.32916			6
2025.08.05	01:58:15.515		1.32914			4
2025.08.05	01:58:15.846		1.32916			4
2025.08.05	01:58:18.114	1.32915	1.32918			6
2025.08.05	01:58:20.595	1.32916	1.32919			6
2025.08.05	01:58:55.206	1.32917	1.32920			6
2025.08.05	01:58:55.522	1.32916	1.32919			6
2025.08.05	01:58:56.802	1.32917	1.32920			6
2025.08.05	01:59:00.157	1.32920	1.32923			6
2025.08.05	01:59:01.764	1.32921	1.32924			6
2025.08.05	01:59:04.052	1.32922	1.32925			6
2025.08.05	01:59:08.734	1.32923	1.32926			6
2025.08.05	01:59:14.085	1.32922	1.32925			6
2025.08.05	01:59:26.960	1.32924				2
2025.08.05	01:59:27.267	1.32926	1.32928			6
2025.08.05	01:59:27.599	1.32925				2
2025.08.05	01:59:29.857		1.32927			4
2025.08.05	01:59:30.493	1.32926				2
2025.08.05	01:59:35.143	1.32925				2
2025.08.05	01:59:40.570		1.32928			4
2025.08.05	01:59:41.201	1.32923	1.32926			6
2025.08.05	01:59:42.158	1.32922	1.32925			6
2025.08.05	01:59:43.119	1.32924	1.32927			6
2025.08.05	01:59:43.759	1.32922	1.32925			6
2025.08.05	01:59:44.716	1.32925	1.32928			6
2025.08.05	01:59:50.672	1.32928	1.32929			6
2025.08.05	01:59:50.978	1.32925	1.32928			6
2025.08.05	02:00:00.294	1.32932	1.32935			6
2025.08.05	02:00:02.142	1.32936	1.32937			6
2025.08.05	02:00:03.117	1.32935	1.32936			6
