<DATE>	<TIME>	<BID>	<ASK>	<LAST>	<VOLUME>	<FLAGS>
2025.03.18	00:00:00.224	1.29872	1.29962			6
2025.03.18	00:00:00.548	1.29860	1.29970			6
2025.03.18	00:00:00.861	1.29871	1.29961			6
2025.03.18	00:00:07.313	1.29870	1.29977			6
2025.03.18	00:00:31.570	1.29897				2
2025.03.18	00:00:47.263	1.29896	1.29976			6
2025.03.18	00:00:47.574		1.29969			4
2025.03.18	00:01:00.229	1.29896				2
2025.03.18	00:01:29.209	1.29894				2
2025.03.18	00:01:29.825		1.29971			4
2025.03.18	00:01:30.132	1.29892				2
2025.03.18	00:01:31.056	1.29894				2
2025.03.18	00:01:37.503	1.29896				2
2025.03.18	00:01:40.263	1.29894				2
2025.03.18	00:01:41.188	1.29896				2
2025.03.18	00:01:41.502	1.29894				2
2025.03.18	00:01:42.117	1.29896				2
2025.03.18	00:01:43.037	1.29894				2
2025.03.18	00:01:43.653	1.29896				2
2025.03.18	00:01:46.112	1.29901				2
2025.03.18	00:01:46.420	1.29899				2
2025.03.18	00:01:47.336		1.29973			4
2025.03.18	00:02:00.297	1.29899				2
2025.03.18	00:02:41.243	1.29892				2
2025.03.18	00:02:41.557		1.29977			4
2025.03.18	00:02:47.394		1.29978			4
2025.03.18	00:03:00.014	1.29892				2
2025.03.18	00:03:40.767		1.29976			4
2025.03.18	00:03:43.219	1.29894				2
2025.03.18	00:03:51.173	1.29892				2
2025.03.18	00:03:52.398	1.29894				2
2025.03.18	00:03:53.933	1.29892				2
2025.03.18	00:03:56.384	1.29894				2
2025.03.18	00:03:56.996	1.29892				2
2025.03.18	00:04:00.054	1.29892				2
2025.03.18	00:04:00.359	1.29894				2
2025.03.18	00:04:40.817		1.29976			4
2025.03.18	00:04:42.669		1.29978			4
2025.03.18	00:04:42.976		1.29976			4
2025.03.18	00:04:46.058		1.29978			4
2025.03.18	00:04:47.595		1.29976			4
2025.03.18	00:04:48.526		1.29978			4
2025.03.18	00:04:50.057		1.29976			4
2025.03.18	00:04:50.675		1.29979			4
2025.03.18	00:04:51.903		1.29977			4
2025.03.18	00:04:55.606		1.29978			4
2025.03.18	00:04:56.216		1.29977			4
2025.03.18	00:05:00.230	1.29894				2
2025.03.18	00:05:00.539		1.29978			4
2025.03.18	00:05:02.066		1.29979			4
2025.03.18	00:05:02.371		1.29980			4
2025.03.18	00:05:03.169		1.29979			4
2025.03.18	00:05:04.084	1.29892				2
2025.03.18	00:05:08.996	1.29894				2
2025.03.18	00:05:16.978	1.29892				2
2025.03.18	00:05:17.600	1.29894				2
2025.03.18	00:05:17.900	1.29892				2
2025.03.18	00:05:19.131	1.29894				2
2025.03.18	00:05:24.961	1.29896				2
2025.03.18	00:05:35.098	1.29899				2
2025.03.18	00:05:39.072		1.29980			4
2025.03.18	00:05:43.182	1.29896				2
2025.03.18	00:05:46.202	1.29899				2
2025.03.18	00:05:52.264	1.29898	1.29977			6
2025.03.18	00:06:00.923	1.29898				2
2025.03.18	00:06:10.370	1.29896				2
2025.03.18	00:06:20.226	1.29898				2
2025.03.18	00:07:00.566	1.29898	1.29977			6
2025.03.18	00:07:04.581		1.29976			4
2025.03.18	00:07:04.934	1.29892				2
2025.03.18	00:07:24.326	1.29897				2
2025.03.18	00:08:00.582	1.29895				2
2025.03.18	00:08:10.579		1.29976			4
2025.03.18	00:08:56.530	1.29899				2
2025.03.18	00:09:14.329	1.29899	1.29976			6
2025.03.18	00:10:00.308	1.29899				2
2025.03.18	00:10:08.939		1.29970			4
2025.03.18	00:10:11.990	1.29880				2
2025.03.18	00:10:15.958	1.29891	1.29981			6
2025.03.18	00:10:18.702	1.29890	1.29980			6
2025.03.18	00:10:20.224	1.29877	1.29967			6
2025.03.18	00:10:29.090	1.29869	1.29959			6
2025.03.18	00:10:30.922	1.29870	1.29960			6
2025.03.18	00:10:39.498	1.29881	1.29971			6
2025.03.18	00:11:00.014	1.29881				2
2025.03.18	00:11:06.130	1.29895	1.29967			6
2025.03.18	00:11:07.185	1.29897	1.29958			6
2025.03.18	00:11:08.480	1.29881	1.29971			6
2025.03.18	00:11:09.094	1.29897	1.29958			6
2025.03.18	00:11:15.304	1.29883	1.29973			6
2025.03.18	00:11:15.919	1.29897	1.29958			6
2025.03.18	00:11:21.939	1.29883	1.29973			6
2025.03.18	00:11:22.545	1.29897	1.29958			6
2025.03.18	00:11:28.594	1.29883	1.29973			6
2025.03.18	00:11:29.212	1.29897	1.29958			6
2025.03.18	00:11:35.280	1.29883	1.29973			6
2025.03.18	00:11:35.885	1.29897	1.29958			6
2025.03.18	00:12:00.268	1.29897				2
2025.03.18	00:12:40.773		1.29958			4
2025.03.18	00:13:00.577	1.29897				2
2025.03.18	00:13:34.199	1.29895	1.29950			6
2025.03.18	00:14:00.873	1.29895				2
2025.03.18	00:14:35.375		1.29950			4
2025.03.18	00:15:00.304	1.29892	1.29955			6
2025.03.18	00:16:20.487	1.29846	1.29919			6
2025.03.18	00:16:27.690	1.29845				2
2025.03.18	00:16:39.452	1.29838	1.29927			6
2025.03.18	00:16:39.764	1.29839				2
2025.03.18	00:16:42.539	1.29841	1.29929			6
2025.03.18	00:16:45.927	1.29842				2
2025.03.18	00:16:54.235		1.29928			4
2025.03.18	00:16:54.854		1.29929			4
2025.03.18	00:17:00.081	1.29842				2
2025.03.18	00:17:25.384	1.29838	1.29927			6
2025.03.18	00:17:25.687	1.29833	1.29929			6
2025.03.18	00:17:26.058	1.29830				2
2025.03.18	00:18:00.405	1.29830	1.29928			6
2025.03.18	00:18:26.285	1.29828	1.29906			6
2025.03.18	00:18:27.520	1.29834				2
2025.03.18	00:19:00.151	1.29834				2
2025.03.18	00:19:26.328		1.29906			4
2025.03.18	00:19:57.102		1.29907			4
2025.03.18	00:20:00.175	1.29834				2
2025.03.18	00:20:07.560	1.29837				2
2025.03.18	00:20:14.927		1.29904			4
2025.03.18	00:20:25.887	1.29839	1.29922			6
2025.03.18	00:20:53.077	1.29840	1.29920			6
2025.03.18	00:21:00.153	1.29840				2
2025.03.18	00:21:00.461	1.29845	1.29912			6
2025.03.18	00:21:00.770		1.29911			4
2025.03.18	00:21:22.315		1.29909			4
2025.03.18	00:21:34.937		1.29903			4
2025.03.18	00:22:00.763	1.29845				2
2025.03.18	00:22:07.756	1.29837	1.29896			6
2025.03.18	00:22:10.576	1.29841				2
2025.03.18	00:22:47.737	1.29849	1.29904			6
2025.03.18	00:23:00.579	1.29849				2
2025.03.18	00:23:17.550		1.29910			4
2025.03.18	00:23:29.860		1.29906			4
2025.03.18	00:23:48.370	1.29850	1.29909			6
2025.03.18	00:24:00.362	1.29850				2
2025.03.18	00:24:08.353	1.29845				2
2025.03.18	00:24:09.103	1.29848				2
2025.03.18	00:24:21.032	1.29859	1.29915			6
2025.03.18	00:24:41.920	1.29862	1.29917			6
2025.03.18	00:25:00.346	1.29852	1.29910			6
2025.03.18	00:25:05.859	1.29833	1.29903			6
2025.03.18	00:26:00.369	1.29833				2
2025.03.18	00:26:00.855		1.29906			4
2025.03.18	00:27:01.172	1.29833	1.29906			6
2025.03.18	00:27:09.280	1.29830				2
2025.03.18	00:27:21.950	1.29832				2
2025.03.18	00:28:00.571	1.29832				2
2025.03.18	00:28:02.672		1.29906			4
2025.03.18	00:28:17.149	1.29828				2
2025.03.18	00:28:39.094		1.29914			4
2025.03.18	00:29:01.022	1.29828				2
2025.03.18	00:29:13.641	1.29829				2
2025.03.18	00:29:13.952	1.29830				2
2025.03.18	00:29:17.653	1.29829				2
2025.03.18	00:29:17.963	1.29830				2
2025.03.18	00:29:23.804	1.29831				2
2025.03.18	00:29:24.731	1.29832				2
2025.03.18	00:29:34.577	1.29831				2
2025.03.18	00:29:34.889	1.29832				2
2025.03.18	00:29:35.503	1.29833				2
2025.03.18	00:29:35.814	1.29832				2
2025.03.18	00:29:39.195	1.29830	1.29913			6
2025.03.18	00:29:49.940	1.29832				2
2025.03.18	00:29:52.129	1.29837	1.29914			6
2025.03.18	00:30:00.377	1.29837				2
2025.03.18	00:30:22.666	1.29848	1.29920			6
2025.03.18	00:30:41.554	1.29862	1.29921			6
2025.03.18	00:30:43.242	1.29860				2
2025.03.18	00:30:50.576	1.29861				2
2025.03.18	00:30:56.240	1.29863	1.29925			6
2025.03.18	00:30:56.541	1.29871	1.29930			6
2025.03.18	00:30:56.846		1.29931			4
2025.03.18	00:30:59.892	1.29880	1.29942			6
2025.03.18	00:31:00.234	1.29880				2
2025.03.18	00:31:01.927	1.29878				2
2025.03.18	00:31:03.616	1.29868				2
2025.03.18	00:31:05.020	1.29858	1.29944			6
2025.03.18	00:31:06.873	1.29859				2
2025.03.18	00:31:07.178	1.29858	1.29946			6
2025.03.18	00:31:09.333	1.29860	1.29948			6
2025.03.18	00:31:13.645	1.29859				2
2025.03.18	00:31:16.112	1.29860				2
2025.03.18	00:31:17.957		1.29949			4
2025.03.18	00:31:21.045	1.29856	1.29946			6
2025.03.18	00:31:32.109	1.29855	1.29945			6
2025.03.18	00:31:34.897	1.29856	1.29946			6
2025.03.18	00:31:40.132	1.29855	1.29945			6
2025.03.18	00:31:41.981	1.29856	1.29946			6
2025.03.18	00:31:45.359	1.29855	1.29945			6
2025.03.18	00:31:49.660	1.29856	1.29946			6
2025.03.18	00:31:58.275	1.29855	1.29945			6
2025.03.18	00:32:00.115	1.29855				2
2025.03.18	00:32:22.282	1.29856	1.29946			6
2025.03.18	00:32:22.902	1.29855	1.29945			6
2025.03.18	00:32:46.281	1.29856				2
2025.03.18	00:32:46.586	1.29858	1.29944			6
2025.03.18	00:33:01.619	1.29858				2
2025.03.18	00:33:06.963	1.29868	1.29942			6
2025.03.18	00:34:00.576	1.29868				2
2025.03.18	00:34:07.474		1.29942			4
2025.03.18	00:34:49.060	1.29888	1.29948			6
2025.03.18	00:34:51.449	1.29880				2
2025.03.18	00:34:59.238	1.29882				2
2025.03.18	00:35:00.175	1.29882				2
2025.03.18	00:35:03.245	1.29883				2
2025.03.18	00:35:08.878	1.29884				2
2025.03.18	00:35:12.356	1.29883				2
2025.03.18	00:35:14.013	1.29884				2
2025.03.18	00:35:19.240	1.29885				2
2025.03.18	00:35:21.084	1.29883				2
2025.03.18	00:35:31.417		1.29962			4
2025.03.18	00:35:36.525	1.29887				2
2025.03.18	00:35:39.350	1.29885				2
2025.03.18	00:35:40.885		1.29967			4
2025.03.18	00:35:45.992		1.29964			4
2025.03.18	00:35:46.360	1.29886				2
2025.03.18	00:35:47.897	1.29887				2
2025.03.18	00:35:51.597	1.29891				2
2025.03.18	00:35:51.944		1.29963			4
2025.03.18	00:35:53.072	1.29889				2
2025.03.18	00:36:00.574	1.29889				2
2025.03.18	00:36:02.915	1.29890				2
2025.03.18	00:36:03.218	1.29891				2
2025.03.18	00:36:32.881	1.29889				2
2025.03.18	00:36:52.352	1.29891	1.29963			6
2025.03.18	00:36:52.881	1.29889				2
2025.03.18	00:36:55.894		1.29965			4
2025.03.18	00:37:00.575	1.29889				2
2025.03.18	00:37:05.978	1.29890				2
2025.03.18	00:37:07.536	1.29897	1.29972			6
2025.03.18	00:37:07.897		1.29975			4
2025.03.18	00:37:10.575	1.29893	1.29968			6
2025.03.18	00:37:10.890	1.29890				2
2025.03.18	00:38:00.016	1.29890				2
2025.03.18	00:38:10.786	1.29889	1.29968			6
2025.03.18	00:39:00.053	1.29889				2
2025.03.18	00:39:07.449	1.29890				2
2025.03.18	00:39:07.757	1.29891				2
2025.03.18	00:39:10.834		1.29968			4
2025.03.18	00:39:12.376	1.29890				2
2025.03.18	00:39:41.323	1.29889				2
2025.03.18	00:39:41.626	1.29888				2
2025.03.18	00:40:00.825	1.29888				2
2025.03.18	00:40:12.690		1.29968			4
2025.03.18	00:41:03.702	1.29888				2
2025.03.18	00:41:13.424		1.29968			4
2025.03.18	00:41:40.617	1.29886				2
2025.03.18	00:41:51.391	1.29884				2
2025.03.18	00:41:51.771	1.29885				2
2025.03.18	00:42:00.087	1.29885				2
2025.03.18	00:42:06.249	1.29887				2
2025.03.18	00:42:13.639		1.29968			4
2025.03.18	00:42:17.029	1.29888				2
2025.03.18	00:42:36.430		1.29975			4
2025.03.18	00:42:58.004	1.29887	1.29977			6
2025.03.18	00:43:00.156	1.29887				2
2025.03.18	00:43:07.237	1.29889				2
2025.03.18	00:43:07.850	1.29887				2
2025.03.18	00:43:16.782	1.29892	1.29979			6
2025.03.18	00:43:17.092		1.29980			4
2025.03.18	00:43:36.476	1.29891	1.29976			6
2025.03.18	00:43:39.153	1.29890	1.29975			6
2025.03.18	00:43:40.992	1.29889				2
2025.03.18	00:43:43.453	1.29888				2
2025.03.18	00:43:50.541	1.29887				2
2025.03.18	00:43:53.314	1.29889				2
2025.03.18	00:43:57.312	1.29890				2
2025.03.18	00:43:57.621	1.29889				2
2025.03.18	00:44:00.086	1.29889				2
2025.03.18	00:44:10.238	1.29888				2
2025.03.18	00:44:38.239	1.29886				2
2025.03.18	00:44:39.166	1.29888	1.29975			6
2025.03.18	00:44:40.400	1.29887				2
2025.03.18	00:44:42.247	1.29889				2
2025.03.18	00:44:57.299	1.29888				2
2025.03.18	00:44:57.915	1.29889				2
2025.03.18	00:45:00.066	1.29889				2
2025.03.18	00:45:01.910		1.29979			4
2025.03.18	00:45:04.369		1.29975			4
2025.03.18	00:45:08.979	1.29905	1.29959			6
2025.03.18	00:45:16.026	1.29904				2
2025.03.18	00:45:40.647	1.29905				2
2025.03.18	00:45:42.491		1.29954			4
2025.03.18	00:45:49.845	1.29904	1.29950			6
2025.03.18	00:45:50.149	1.29902	1.29946			6
2025.03.18	00:45:50.770	1.29901				2
2025.03.18	00:45:51.074	1.29900				2
2025.03.18	00:45:59.073		1.29944			4
2025.03.18	00:45:59.376	1.29899				2
2025.03.18	00:46:00.293	1.29899				2
2025.03.18	00:46:10.443		1.29943			4
2025.03.18	00:46:32.606		1.29941			4
2025.03.18	00:47:00.289	1.29899				2
2025.03.18	00:47:01.823	1.29894	1.29952			6
2025.03.18	00:47:04.283	1.29899	1.29941			6
2025.03.18	00:47:59.970	1.29896				2
2025.03.18	00:48:00.276	1.29896				2
2025.03.18	00:48:04.590		1.29941			4
2025.03.18	00:48:34.091	1.29897				2
2025.03.18	00:48:50.366		1.29940			4
2025.03.18	00:49:00.210	1.29897				2
2025.03.18	00:49:14.368	1.29907				2
2025.03.18	00:49:50.635		1.29940			4
2025.03.18	00:50:00.178	1.29907				2
2025.03.18	00:50:29.432	1.29910				2
2025.03.18	00:50:50.672		1.29940			4
2025.03.18	00:51:00.185	1.29910				2
2025.03.18	00:51:50.682		1.29940			4
2025.03.18	00:52:00.254	1.29910				2
2025.03.18	00:52:30.081	1.29897				2
2025.03.18	00:52:50.974		1.29940			4
2025.03.18	00:53:00.191	1.29909				2
2025.03.18	00:53:51.266		1.29940			4
2025.03.18	00:54:00.185	1.29909				2
2025.03.18	00:54:51.292		1.29940			4
2025.03.18	00:55:00.222	1.29909				2
2025.03.18	00:55:01.142	1.29900				2
2025.03.18	00:55:33.133	1.29898				2
2025.03.18	00:55:33.744	1.29896	1.29927			6
2025.03.18	00:55:34.045	1.29890	1.29925			6
2025.03.18	00:55:45.135		1.29920			4
2025.03.18	00:55:53.438	1.29870	1.29916			6
2025.03.18	00:55:57.124		1.29917			4
2025.03.18	00:55:59.894		1.29913			4
2025.03.18	00:56:00.209	1.29870				2
2025.03.18	00:56:10.971	1.29861	1.29906			6
2025.03.18	00:56:11.896		1.29907			4
2025.03.18	00:56:12.206		1.29906			4
2025.03.18	00:56:14.359		1.29905			4
2025.03.18	00:56:16.520		1.29907			4
2025.03.18	00:56:17.759		1.29905			4
2025.03.18	00:56:21.141		1.29906			4
2025.03.18	00:56:24.837	1.29860				2
2025.03.18	00:56:26.374		1.29907			4
2025.03.18	00:56:27.598		1.29906			4
2025.03.18	00:56:28.220		1.29907			4
2025.03.18	00:56:29.759		1.29906			4
2025.03.18	00:56:30.382		1.29905			4
2025.03.18	00:56:31.919		1.29907			4
2025.03.18	00:56:32.843		1.29900			4
2025.03.18	00:56:36.852		1.29904			4
2025.03.18	00:56:37.162		1.29907			4
2025.03.18	00:56:37.469		1.29908			4
2025.03.18	00:56:39.009		1.29909			4
2025.03.18	00:56:55.012	1.29863				2
2025.03.18	00:56:57.785	1.29862				2
2025.03.18	00:56:59.019	1.29861				2
2025.03.18	00:57:00.249	1.29861				2
2025.03.18	00:57:03.950	1.29880	1.29911			6
2025.03.18	00:57:14.096		1.29929			4
2025.03.18	00:57:18.102		1.29925			4
2025.03.18	00:57:18.721		1.29924			4
2025.03.18	00:57:19.027		1.29927			4
2025.03.18	00:57:19.953		1.29928			4
2025.03.18	00:57:26.727	1.29887	1.29931			6
2025.03.18	00:57:27.029	1.29890				2
2025.03.18	00:57:35.015	1.29886				2
2025.03.18	00:57:56.580	1.29891				2
2025.03.18	00:57:59.045	1.29890				2
2025.03.18	00:58:00.275	1.29890				2
2025.03.18	00:58:03.345	1.29891				2
2025.03.18	00:58:12.888	1.29897	1.29945			6
2025.03.18	00:58:13.195	1.29902				2
2025.03.18	00:58:13.508	1.29904				2
2025.03.18	00:58:14.132	1.29903				2
2025.03.18	00:58:15.052	1.29904				2
2025.03.18	00:58:31.052	1.29903				2
2025.03.18	00:58:34.131	1.29902				2
2025.03.18	00:58:34.747	1.29903				2
2025.03.18	00:58:35.051	1.29902				2
2025.03.18	00:58:40.599	1.29901				2
2025.03.18	00:58:43.978	1.29902				2
2025.03.18	00:58:46.758	1.29903				2
2025.03.18	00:58:59.373	1.29902				2
2025.03.18	00:59:00.296	1.29902				2
2025.03.18	00:59:12.926		1.29945			4
2025.03.18	00:59:18.154	1.29903				2
2025.03.18	00:59:18.462	1.29904				2
2025.03.18	00:59:18.774	1.29903				2
2025.03.18	00:59:34.468	1.29904				2
2025.03.18	00:59:38.163	1.29903				2
2025.03.18	00:59:38.472	1.29904				2
2025.03.18	00:59:39.706	1.29901	1.29944			6
2025.03.18	00:59:40.620	1.29900				2
2025.03.18	00:59:43.390	1.29891	1.29938			6
2025.03.18	00:59:44.005		1.29937			4
2025.03.18	00:59:46.160		1.29936			4
2025.03.18	00:59:52.307	1.29887	1.29934			6
2025.03.18	00:59:58.155	1.29877				2
2025.03.18	00:59:58.463	1.29871	1.29921			6
2025.03.18	00:59:58.769	1.29859	1.29919			6
2025.03.18	00:59:59.070	1.29857	1.29915			6
2025.03.18	00:59:59.382	1.29861	1.29919			6
2025.03.18	00:59:59.689	1.29857	1.29918			6
2025.03.18	00:59:59.991	1.29868	1.29920			6
2025.03.18	01:00:00.303	1.29852	1.29918			6
2025.03.18	01:00:00.608	1.29849	1.29925			6
2025.03.18	01:00:00.911	1.29851	1.29920			6
2025.03.18	01:00:01.224	1.29853	1.29923			6
2025.03.18	01:00:01.529		1.29927			4
2025.03.18	01:00:01.837	1.29856	1.29929			6
2025.03.18	01:00:02.142	1.29853	1.29926			6
2025.03.18	01:00:02.460	1.29872	1.29930			6
2025.03.18	01:00:02.767	1.29871	1.29929			6
2025.03.18	01:00:03.076	1.29873	1.29930			6
2025.03.18	01:00:03.378	1.29874				2
2025.03.18	01:00:03.683	1.29876	1.29931			6
2025.03.18	01:00:04.288		1.29930			4
2025.03.18	01:00:04.595	1.29877	1.29919			6
2025.03.18	01:00:04.905	1.29879				2
2025.03.18	01:00:05.211	1.29877	1.29924			6
2025.03.18	01:00:05.826	1.29887	1.29920			6
2025.03.18	01:00:06.128	1.29888	1.29922			6
2025.03.18	01:00:06.433		1.29921			4
2025.03.18	01:00:06.734		1.29922			4
2025.03.18	01:00:07.043		1.29921			4
2025.03.18	01:00:07.345		1.29922			4
2025.03.18	01:00:07.649	1.29891	1.29921			6
2025.03.18	01:00:08.263		1.29922			4
2025.03.18	01:00:08.564		1.29924			4
2025.03.18	01:00:09.179	1.29892				2
2025.03.18	01:00:09.483	1.29891				2
2025.03.18	01:00:09.791	1.29892				2
2025.03.18	01:00:10.092		1.29922			4
2025.03.18	01:00:10.396		1.29921			4
2025.03.18	01:00:10.699		1.29922			4
2025.03.18	01:00:11.008		1.29927			4
2025.03.18	01:00:11.624	1.29893	1.29925			6
2025.03.18	01:00:11.930	1.29894	1.29926			6
2025.03.18	01:00:12.236	1.29890	1.29928			6
2025.03.18	01:00:12.538	1.29891	1.29931			6
2025.03.18	01:00:12.844	1.29892				2
2025.03.18	01:00:13.149	1.29891				2
2025.03.18	01:00:13.455	1.29893	1.29932			6
2025.03.18	01:00:13.761	1.29894				2
2025.03.18	01:00:14.370	1.29890	1.29928			6
2025.03.18	01:00:14.673	1.29893				2
2025.03.18	01:00:15.286	1.29894				2
2025.03.18	01:00:15.593	1.29895				2
2025.03.18	01:00:15.897	1.29893	1.29934			6
2025.03.18	01:00:16.206	1.29894	1.29927			6
2025.03.18	01:00:16.821	1.29893				2
2025.03.18	01:00:18.347	1.29895	1.29926			6
2025.03.18	01:00:25.097	1.29896	1.29927			6
2025.03.18	01:00:26.953		1.29924			4
2025.03.18	01:00:27.257		1.29927			4
2025.03.18	01:00:27.559	1.29894	1.29915			6
2025.03.18	01:00:27.863	1.29895	1.29916			6
2025.03.18	01:00:28.166	1.29897	1.29913			6
2025.03.18	01:00:28.470		1.29911			4
2025.03.18	01:00:29.382	1.29895	1.29913			6
2025.03.18	01:00:30.308	1.29896				2
2025.03.18	01:00:31.232	1.29895	1.29916			6
2025.03.18	01:00:32.149	1.29893				2
2025.03.18	01:00:32.458	1.29894	1.29913			6
2025.03.18	01:00:33.074	1.29896	1.29915			6
2025.03.18	01:00:33.376		1.29916			4
2025.03.18	01:00:33.683		1.29915			4
2025.03.18	01:00:33.985		1.29917			4
2025.03.18	01:00:34.593		1.29916			4
2025.03.18	01:00:34.895		1.29920			4
2025.03.18	01:00:35.202	1.29895	1.29915			6
2025.03.18	01:00:35.504	1.29896	1.29916			6
2025.03.18	01:00:35.817	1.29897	1.29918			6
2025.03.18	01:00:36.425	1.29895				2
2025.03.18	01:00:36.733	1.29897	1.29914			6
2025.03.18	01:00:37.036	1.29895	1.29916			6
2025.03.18	01:00:38.262		1.29915			4
2025.03.18	01:00:39.179	1.29887	1.29918			6
2025.03.18	01:00:39.484	1.29885	1.29916			6
2025.03.18	01:00:39.789	1.29887	1.29918			6
2025.03.18	01:00:40.090	1.29890				2
2025.03.18	01:00:40.399	1.29891	1.29915			6
2025.03.18	01:00:40.705	1.29893				2
2025.03.18	01:00:41.329	1.29905	1.29910			6
2025.03.18	01:00:41.642	1.29894	1.29911			6
2025.03.18	01:00:42.569	1.29895	1.29912			6
2025.03.18	01:00:43.185	1.29893				2
2025.03.18	01:00:43.491	1.29887	1.29899			6
2025.03.18	01:00:44.110	1.29897	1.29912			6
2025.03.18	01:00:44.424		1.29913			4
2025.03.18	01:00:44.733	1.29896	1.29908			6
2025.03.18	01:00:46.262	1.29897	1.29909			6
2025.03.18	01:00:48.105		1.29913			4
2025.03.18	01:00:48.407	1.29893				2
2025.03.18	01:00:51.189	1.29897				2
2025.03.18	01:00:52.116	1.29899				2
2025.03.18	01:00:53.046		1.29914			4
2025.03.18	01:00:53.353		1.29913			4
2025.03.18	01:00:53.667	1.29897	1.29908			6
2025.03.18	01:00:53.970	1.29900	1.29905			6
2025.03.18	01:00:54.280	1.29889				2
2025.03.18	01:00:54.588	1.29900				2
2025.03.18	01:00:56.119	1.29901				2
2025.03.18	01:00:57.331	1.29900				2
2025.03.18	01:00:58.559	1.29901				2
2025.03.18	01:00:59.169		1.29902			4
2025.03.18	01:00:59.774		1.29903			4
2025.03.18	01:01:00.075	1.29901				2
2025.03.18	01:01:00.378	1.29903	1.29908			6
2025.03.18	01:01:02.524	1.29904	1.29909			6
2025.03.18	01:01:04.363	1.29905	1.29910			6
2025.03.18	01:01:04.674	1.29906	1.29911			6
2025.03.18	01:01:05.282	1.29905	1.29910			6
2025.03.18	01:01:05.894	1.29906	1.29911			6
2025.03.18	01:01:06.517	1.29905	1.29910			6
2025.03.18	01:01:08.655	1.29906	1.29911			6
2025.03.18	01:01:09.261	1.29905	1.29910			6
2025.03.18	01:01:10.174	1.29906	1.29911			6
2025.03.18	01:01:10.477	1.29905	1.29910			6
2025.03.18	01:01:10.777	1.29906	1.29911			6
2025.03.18	01:01:15.050	1.29907	1.29912			6
2025.03.18	01:01:15.357	1.29906	1.29911			6
2025.03.18	01:01:16.579	1.29907	1.29912			6
2025.03.18	01:01:17.194		1.29911			4
2025.03.18	01:01:17.507	1.29906	1.29910			6
2025.03.18	01:01:22.098	1.29905	1.29909			6
2025.03.18	01:01:22.704	1.29907	1.29911			6
2025.03.18	01:01:25.144	1.29906	1.29910			6
2025.03.18	01:01:29.104	1.29907	1.29911			6
2025.03.18	01:01:31.244	1.29906	1.29910			6
2025.03.18	01:01:32.466	1.29907	1.29911			6
2025.03.18	01:01:33.379	1.29906	1.29910			6
2025.03.18	01:01:35.214	1.29907	1.29911			6
2025.03.18	01:01:37.339	1.29908				2
2025.03.18	01:01:39.162		1.29912			4
2025.03.18	01:01:40.389	1.29907	1.29911			6
2025.03.18	01:01:45.560	1.29906	1.29910			6
2025.03.18	01:01:47.093	1.29907	1.29911			6
2025.03.18	01:01:48.323	1.29906	1.29910			6
2025.03.18	01:01:48.930	1.29907	1.29911			6
2025.03.18	01:01:50.156	1.29906	1.29910			6
2025.03.18	01:01:51.368	1.29907	1.29911			6
2025.03.18	01:01:53.202	1.29906	1.29910			6
2025.03.18	01:01:58.399	1.29907	1.29911			6
2025.03.18	01:02:00.236	1.29907				2
2025.03.18	01:02:11.333	1.29906	1.29910			6
2025.03.18	01:02:14.417	1.29907	1.29911			6
2025.03.18	01:02:22.432	1.29906	1.29910			6
2025.03.18	01:02:23.053	1.29907	1.29911			6
2025.03.18	01:02:25.521	1.29906	1.29910			6
2025.03.18	01:02:38.185	1.29907	1.29911			6
2025.03.18	01:02:50.513	1.29903	1.29904			6
2025.03.18	01:02:51.441	1.29902	1.29903			6
2025.03.18	01:02:56.384	1.29903	1.29904			6
2025.03.18	01:02:57.609	1.29902	1.29903			6
2025.03.18	01:02:59.463	1.29903	1.29904			6
2025.03.18	01:03:00.082	1.29904	1.29906			6
2025.03.18	01:03:00.386	1.29906	1.29908			6
2025.03.18	01:03:01.009	1.29902	1.29906			6
2025.03.18	01:03:16.770	1.29901	1.29905			6
2025.03.18	01:03:17.392	1.29903	1.29907			6
2025.03.18	01:03:18.309	1.29902	1.29906			6
2025.03.18	01:03:21.396	1.29903	1.29907			6
2025.03.18	01:03:24.475	1.29902	1.29906			6
2025.03.18	01:03:30.352	1.29900	1.29901			6
2025.03.18	01:03:30.653	1.29899	1.29903			6
2025.03.18	01:03:31.584	1.29898	1.29902			6
2025.03.18	01:03:36.216	1.29897	1.29901			6
2025.03.18	01:03:38.384	1.29898	1.29902			6
2025.03.18	01:03:40.235	1.29899	1.29903			6
2025.03.18	01:03:40.538		1.29902			4
2025.03.18	01:03:41.157	1.29898				2
2025.03.18	01:03:41.779	1.29899				2
2025.03.18	01:03:42.396	1.29898				2
2025.03.18	01:03:46.408	1.29899				2
2025.03.18	01:03:46.722		1.29903			4
2025.03.18	01:03:47.337		1.29902			4
2025.03.18	01:03:47.643		1.29903			4
2025.03.18	01:03:51.972	1.29900	1.29904			6
2025.03.18	01:03:52.284	1.29901	1.29905			6
2025.03.18	01:03:57.525	1.29900	1.29904			6
2025.03.18	01:04:00.314	1.29900				2
2025.03.18	01:04:04.017	1.29901	1.29905			6
2025.03.18	01:04:06.180	1.29900	1.29904			6
2025.03.18	01:04:11.440	1.29901	1.29905			6
2025.03.18	01:04:50.589	1.29899	1.29903			6
2025.03.18	01:05:00.148	1.29899				2
2025.03.18	01:05:05.700	1.29900				2
2025.03.18	01:05:06.935	1.29899				2
2025.03.18	01:05:10.327	1.29900				2
2025.03.18	01:05:10.630	1.29901	1.29905			6
2025.03.18	01:05:11.565	1.29900	1.29904			6
2025.03.18	01:05:11.869		1.29903			4
2025.03.18	01:05:15.264	1.29897	1.29901			6
2025.03.18	01:05:16.195	1.29896	1.29900			6
2025.03.18	01:05:23.933	1.29897	1.29901			6
2025.03.18	01:05:43.394	1.29896	1.29900			6
2025.03.18	01:05:43.699	1.29897	1.29901			6
2025.03.18	01:05:45.251	1.29898	1.29902			6
2025.03.18	01:05:45.867	1.29897	1.29901			6
2025.03.18	01:05:55.712		1.29899			4
2025.03.18	01:05:56.022	1.29895				2
2025.03.18	01:05:56.640	1.29894	1.29898			6
2025.03.18	01:05:59.108	1.29893	1.29897			6
2025.03.18	01:06:00.028	1.29893				2
2025.03.18	01:06:01.266	1.29894	1.29898			6
2025.03.18	01:06:03.430	1.29893	1.29897			6
2025.03.18	01:06:04.354	1.29894	1.29898			6
2025.03.18	01:06:10.822	1.29889	1.29893			6
2025.03.18	01:06:12.359		1.29894			4
2025.03.18	01:06:14.208		1.29893			4
2025.03.18	01:06:15.137	1.29890				2
2025.03.18	01:06:15.446	1.29889				2
2025.03.18	01:06:18.526	1.29888	1.29892			6
2025.03.18	01:06:19.151	1.29892	1.29896			6
2025.03.18	01:06:19.452	1.29894	1.29898			6
2025.03.18	01:06:20.386		1.29899			4
2025.03.18	01:06:21.307	1.29886	1.29891			6
2025.03.18	01:06:23.160	1.29885				2
2025.03.18	01:06:27.184	1.29886	1.29892			6
2025.03.18	01:06:27.794	1.29885	1.29891			6
2025.03.18	01:06:34.293	1.29886				2
2025.03.18	01:06:38.002	1.29887	1.29892			6
2025.03.18	01:06:40.475	1.29886	1.29891			6
2025.03.18	01:06:42.329	1.29887	1.29892			6
2025.03.18	01:06:53.127	1.29886	1.29891			6
2025.03.18	01:06:56.843	1.29885	1.29890			6
2025.03.18	01:06:57.770	1.29886	1.29891			6
2025.03.18	01:07:00.236	1.29886				2
2025.03.18	01:07:01.162	1.29885	1.29890			6
2025.03.18	01:07:02.390	1.29886	1.29891			6
2025.03.18	01:07:03.937	1.29885	1.29890			6
2025.03.18	01:07:04.246	1.29886	1.29891			6
2025.03.18	01:07:09.492	1.29885	1.29890			6
2025.03.18	01:07:11.963	1.29886	1.29891			6
2025.03.18	01:07:13.190	1.29885	1.29890			6
2025.03.18	01:07:28.921	1.29886	1.29891			6
2025.03.18	01:07:29.229	1.29885	1.29890			6
2025.03.18	01:07:34.166	1.29886	1.29891			6
2025.03.18	01:07:40.033	1.29885	1.29890			6
2025.03.18	01:07:40.342		1.29889			4
2025.03.18	01:07:43.728	1.29887	1.29891			6
2025.03.18	01:07:48.052	1.29888				2
2025.03.18	01:07:48.975		1.29889			4
2025.03.18	01:07:49.284		1.29891			4
2025.03.18	01:07:49.591		1.29889			4
2025.03.18	01:07:49.899		1.29891			4
2025.03.18	01:07:50.208		1.29889			4
2025.03.18	01:07:50.518	1.29887	1.29891			6
2025.03.18	01:07:50.828		1.29889			4
2025.03.18	01:07:51.135		1.29891			4
2025.03.18	01:07:51.444	1.29888	1.29889			6
2025.03.18	01:07:51.761		1.29891			4
2025.03.18	01:07:52.068		1.29889			4
2025.03.18	01:07:52.379		1.29892			4
2025.03.18	01:07:54.538	1.29889	1.29893			6
2025.03.18	01:07:57.625		1.29892			4
2025.03.18	01:07:58.853	1.29888				2
2025.03.18	01:08:00.091	1.29888				2
2025.03.18	01:08:00.398	1.29889				2
2025.03.18	01:08:01.319		1.29893			4
2025.03.18	01:08:03.482		1.29891			4
2025.03.18	01:08:05.331	1.29888				2
2025.03.18	01:08:05.939	1.29889	1.29892			6
2025.03.18	01:08:06.246	1.29888				2
2025.03.18	01:08:06.555	1.29889				2
2025.03.18	01:08:23.533	1.29887	1.29890			6
2025.03.18	01:08:23.853	1.29886				2
2025.03.18	01:08:24.159	1.29887				2
2025.03.18	01:08:28.794	1.29886				2
2025.03.18	01:08:29.417	1.29887				2
2025.03.18	01:08:34.980		1.29891			4
2025.03.18	01:08:39.611	1.29886	1.29890			6
2025.03.18	01:08:50.745	1.29885	1.29889			6
2025.03.18	01:08:56.291	1.29886	1.29890			6
2025.03.18	01:08:57.221	1.29885	1.29889			6
2025.03.18	01:09:00.306	1.29881	1.29885			6
2025.03.18	01:09:00.617	1.29879	1.29883			6
2025.03.18	01:09:01.549	1.29880				2
2025.03.18	01:09:04.010		1.29885			4
2025.03.18	01:09:04.936		1.29883			4
2025.03.18	01:09:05.858		1.29885			4
2025.03.18	01:09:06.788	1.29882	1.29887			6
2025.03.18	01:09:07.093	1.29884	1.29889			6
2025.03.18	01:09:17.284	1.29883	1.29884			6
2025.03.18	01:09:17.587	1.29880	1.29883			6
2025.03.18	01:09:18.211	1.29879				2
2025.03.18	01:09:19.133	1.29880				2
2025.03.18	01:09:20.063	1.29879				2
2025.03.18	01:09:23.147	1.29880				2
2025.03.18	01:09:40.035	1.29879				2
2025.03.18	01:09:45.244	1.29882	1.29885			6
2025.03.18	01:09:45.548		1.29887			4
2025.03.18	01:09:56.563	1.29883	1.29888			6
2025.03.18	01:09:56.869	1.29884	1.29889			6
2025.03.18	01:09:57.783	1.29883	1.29888			6
2025.03.18	01:10:00.243	1.29888	1.29893			6
2025.03.18	01:10:00.860		1.29892			4
2025.03.18	01:10:05.459	1.29882	1.29888			6
2025.03.18	01:10:05.760	1.29883	1.29889			6
2025.03.18	01:10:15.895	1.29884	1.29890			6
2025.03.18	01:10:17.441	1.29885				2
2025.03.18	01:10:17.751	1.29884				2
2025.03.18	01:10:19.596	1.29883	1.29889			6
2025.03.18	01:10:28.233	1.29882	1.29888			6
2025.03.18	01:10:30.382	1.29883	1.29889			6
2025.03.18	01:10:33.170	1.29884				2
2025.03.18	01:10:36.241	1.29885	1.29890			6
2025.03.18	01:10:39.323	1.29884	1.29889			6
2025.03.18	01:10:45.802	1.29885	1.29890			6
2025.03.18	01:10:46.721	1.29884	1.29889			6
2025.03.18	01:10:55.665	1.29885	1.29890			6
2025.03.18	01:10:58.741	1.29884	1.29889			6
2025.03.18	01:11:00.281	1.29885	1.29890			6
2025.03.18	01:11:03.363	1.29884	1.29889			6
2025.03.18	01:11:04.603	1.29886	1.29890			6
2025.03.18	01:11:07.990	1.29885				2
2025.03.18	01:11:09.224	1.29886				2
2025.03.18	01:11:11.068	1.29885				2
2025.03.18	01:11:13.534	1.29884	1.29889			6
2025.03.18	01:11:13.847	1.29881	1.29886			6
2025.03.18	01:11:14.154	1.29885	1.29890			6
2025.03.18	01:11:15.381	1.29884				2
2025.03.18	01:11:15.691	1.29885	1.29891			6
2025.03.18	01:11:25.240	1.29884	1.29890			6
2025.03.18	01:11:26.475	1.29885	1.29891			6
2025.03.18	01:11:26.781		1.29890			4
2025.03.18	01:11:27.091	1.29884				2
2025.03.18	01:11:27.400	1.29885				2
2025.03.18	01:11:28.635		1.29891			4
2025.03.18	01:11:29.248	1.29886				2
2025.03.18	01:11:32.954	1.29885	1.29890			6
2025.03.18	01:11:39.429	1.29884	1.29889			6
2025.03.18	01:11:39.736	1.29885	1.29890			6
2025.03.18	01:11:56.084	1.29884	1.29889			6
2025.03.18	01:12:00.099	1.29884				2
2025.03.18	01:12:01.334	1.29885	1.29890			6
2025.03.18	01:12:12.141		1.29889			4
2025.03.18	01:12:16.106	1.29884	1.29888			6
2025.03.18	01:12:17.323	1.29885	1.29889			6
2025.03.18	01:12:18.540	1.29884	1.29888			6
2025.03.18	01:12:24.674	1.29885	1.29889			6
2025.03.18	01:12:27.143	1.29884	1.29888			6
2025.03.18	01:12:28.380	1.29877	1.29881			6
2025.03.18	01:12:28.689	1.29875	1.29879			6
2025.03.18	01:12:29.001	1.29874	1.29878			6
2025.03.18	01:12:29.315	1.29873	1.29880			6
2025.03.18	01:12:37.030	1.29872	1.29879			6
2025.03.18	01:12:38.262	1.29873	1.29880			6
2025.03.18	01:12:41.962	1.29874				2
2025.03.18	01:12:44.120	1.29873				2
2025.03.18	01:12:50.272	1.29872	1.29878			6
2025.03.18	01:12:55.821	1.29873	1.29879			6
2025.03.18	01:13:00.136	1.29873				2
2025.03.18	01:13:04.150	1.29872	1.29878			6
2025.03.18	01:13:05.077	1.29873	1.29879			6
2025.03.18	01:13:05.694	1.29872	1.29878			6
2025.03.18	01:13:10.324	1.29873	1.29879			6
2025.03.18	01:13:11.863	1.29872	1.29878			6
2025.03.18	01:13:17.428	1.29873	1.29879			6
2025.03.18	01:13:18.044	1.29872	1.29878			6
2025.03.18	01:13:19.594	1.29873	1.29879			6
2025.03.18	01:13:26.383	1.29874				2
2025.03.18	01:13:28.858	1.29873	1.29878			6
2025.03.18	01:13:55.370		1.29877			4
2025.03.18	01:14:00.280	1.29873				2
2025.03.18	01:14:01.805	1.29866	1.29870			6
2025.03.18	01:14:02.111	1.29865	1.29871			6
2025.03.18	01:14:02.431	1.29866	1.29872			6
2025.03.18	01:14:03.975		1.29871			4
2025.03.18	01:14:10.754	1.29865				2
2025.03.18	01:14:15.694	1.29866				2
2025.03.18	01:14:18.169	1.29865				2
2025.03.18	01:14:19.095	1.29866				2
2025.03.18	01:14:20.331	1.29867				2
2025.03.18	01:14:22.487		1.29872			4
2025.03.18	01:14:25.268	1.29868				2
2025.03.18	01:14:28.047	1.29867				2
2025.03.18	01:14:34.222	1.29868				2
2025.03.18	01:14:55.705	1.29866	1.29870			6
2025.03.18	01:14:56.316	1.29865	1.29869			6
2025.03.18	01:14:57.234		1.29870			4
2025.03.18	01:14:58.160		1.29869			4
2025.03.18	01:15:00.003	1.29865				2
2025.03.18	01:15:00.922	1.29870	1.29874			6
2025.03.18	01:15:01.225	1.29872	1.29875			6
2025.03.18	01:15:01.526	1.29875	1.29879			6
2025.03.18	01:15:02.136	1.29874	1.29880			6
2025.03.18	01:15:02.457	1.29873	1.29879			6
2025.03.18	01:15:03.384		1.29880			4
2025.03.18	01:15:04.621		1.29879			4
2025.03.18	01:15:05.550		1.29880			4
2025.03.18	01:15:06.165		1.29879			4
2025.03.18	01:15:08.634	1.29876	1.29881			6
2025.03.18	01:15:09.866	1.29874	1.29880			6
2025.03.18	01:15:12.328		1.29879			4
2025.03.18	01:15:13.253	1.29876				2
2025.03.18	01:15:13.557	1.29874				2
2025.03.18	01:15:14.480		1.29878			4
2025.03.18	01:15:15.405		1.29879			4
2025.03.18	01:15:22.806		1.29880			4
2025.03.18	01:15:26.507	1.29875	1.29881			6
2025.03.18	01:15:27.124	1.29874	1.29880			6
2025.03.18	01:15:27.435	1.29876				2
2025.03.18	01:15:27.746		1.29881			4
2025.03.18	01:15:28.669		1.29880			4
2025.03.18	01:15:29.283		1.29881			4
2025.03.18	01:15:29.591		1.29880			4
2025.03.18	01:15:29.901		1.29881			4
2025.03.18	01:15:34.211		1.29880			4
2025.03.18	01:15:34.523		1.29881			4
2025.03.18	01:15:35.445		1.29882			4
2025.03.18	01:15:43.152	1.29877				2
2025.03.18	01:15:47.164	1.29878	1.29883			6
2025.03.18	01:15:47.477	1.29877	1.29882			6
2025.03.18	01:15:47.783	1.29878	1.29883			6
2025.03.18	01:15:48.408	1.29877	1.29882			6
2025.03.18	01:15:48.712	1.29878	1.29883			6
2025.03.18	01:15:49.021	1.29877	1.29882			6
2025.03.18	01:15:49.336	1.29876	1.29881			6
2025.03.18	01:15:49.956	1.29877	1.29882			6
2025.03.18	01:15:52.429	1.29876	1.29881			6
2025.03.18	01:15:54.266	1.29877	1.29882			6
2025.03.18	01:16:00.121	1.29877				2
2025.03.18	01:16:03.511	1.29876	1.29881			6
2025.03.18	01:16:03.825	1.29877	1.29882			6
2025.03.18	01:16:04.134	1.29876	1.29881			6
2025.03.18	01:16:04.438	1.29877	1.29882			6
2025.03.18	01:16:05.055	1.29879	1.29883			6
2025.03.18	01:16:05.362	1.29881	1.29886			6
2025.03.18	01:16:06.288	1.29880				2
2025.03.18	01:16:06.908	1.29879	1.29884			6
2025.03.18	01:16:10.303	1.29878				2
2025.03.18	01:16:11.227	1.29879				2
2025.03.18	01:16:12.160	1.29878				2
2025.03.18	01:16:12.461	1.29879				2
2025.03.18	01:16:12.766	1.29878				2
2025.03.18	01:16:13.390	1.29879				2
2025.03.18	01:16:13.691	1.29878	1.29883			6
2025.03.18	01:16:14.629	1.29879	1.29884			6
2025.03.18	01:16:15.866		1.29883			4
2025.03.18	01:16:18.945		1.29884			4
2025.03.18	01:16:20.493		1.29883			4
2025.03.18	01:16:20.800		1.29884			4
2025.03.18	01:16:22.031	1.29878	1.29883			6
2025.03.18	01:16:23.577	1.29879	1.29884			6
2025.03.18	01:16:23.885	1.29878	1.29883			6
2025.03.18	01:16:24.191	1.29879	1.29884			6
2025.03.18	01:16:25.118	1.29878	1.29883			6
2025.03.18	01:16:25.421	1.29879	1.29884			6
2025.03.18	01:16:32.497	1.29878	1.29883			6
2025.03.18	01:16:32.812	1.29879	1.29884			6
2025.03.18	01:16:35.899	1.29878	1.29883			6
2025.03.18	01:16:36.201	1.29879	1.29884			6
2025.03.18	01:16:38.364		1.29883			4
2025.03.18	01:16:46.026	1.29877	1.29881			6
2025.03.18	01:16:48.787	1.29878	1.29882			6
2025.03.18	01:17:00.159	1.29878				2
2025.03.18	01:17:00.464	1.29877	1.29881			6
2025.03.18	01:17:02.626	1.29878	1.29882			6
2025.03.18	01:17:14.360	1.29879				2
2025.03.18	01:17:21.389	1.29881	1.29884			6
2025.03.18	01:17:21.695	1.29880	1.29883			6
2025.03.18	01:17:23.534		1.29882			4
2025.03.18	01:17:23.835		1.29883			4
2025.03.18	01:17:24.440	1.29881	1.29884			6
2025.03.18	01:17:27.803	1.29880	1.29883			6
2025.03.18	01:17:29.020	1.29881	1.29884			6
2025.03.18	01:17:30.245	1.29880	1.29883			6
2025.03.18	01:17:32.087	1.29879	1.29882			6
2025.03.18	01:17:33.924	1.29877	1.29880			6
2025.03.18	01:17:34.235	1.29878	1.29881			6
2025.03.18	01:17:34.542	1.29877	1.29880			6
2025.03.18	01:17:35.159	1.29878	1.29881			6
2025.03.18	01:17:35.462	1.29877	1.29880			6
2025.03.18	01:17:35.765	1.29878	1.29881			6
2025.03.18	01:17:36.068	1.29877	1.29880			6
2025.03.18	01:17:36.375	1.29878	1.29881			6
2025.03.18	01:17:36.992	1.29877	1.29880			6
2025.03.18	01:17:37.298	1.29878	1.29881			6
2025.03.18	01:17:37.602	1.29877	1.29880			6
2025.03.18	01:17:37.912	1.29878	1.29881			6
2025.03.18	01:17:39.439	1.29877	1.29880			6
2025.03.18	01:17:39.744	1.29878	1.29881			6
2025.03.18	01:17:40.052	1.29877	1.29880			6
2025.03.18	01:17:41.591	1.29878	1.29881			6
2025.03.18	01:17:41.898	1.29877	1.29880			6
2025.03.18	01:17:44.348	1.29878	1.29881			6
2025.03.18	01:17:44.652	1.29877	1.29880			6
2025.03.18	01:17:45.266	1.29878	1.29881			6
2025.03.18	01:17:45.572	1.29877	1.29880			6
2025.03.18	01:17:45.879	1.29878	1.29881			6
2025.03.18	01:17:48.014	1.29877	1.29880			6
2025.03.18	01:17:49.534	1.29878	1.29881			6
2025.03.18	01:17:49.835	1.29877	1.29880			6
2025.03.18	01:17:50.143	1.29878	1.29881			6
2025.03.18	01:17:51.056	1.29877	1.29880			6
2025.03.18	01:17:51.369	1.29878	1.29881			6
2025.03.18	01:17:56.240	1.29877	1.29880			6
2025.03.18	01:17:56.861	1.29878	1.29881			6
2025.03.18	01:17:57.169	1.29877	1.29880			6
2025.03.18	01:17:57.476	1.29878	1.29881			6
2025.03.18	01:17:58.991	1.29880	1.29883			6
2025.03.18	01:17:59.291	1.29879	1.29882			6
2025.03.18	01:18:00.203	1.29879				2
2025.03.18	01:18:00.509	1.29878	1.29881			6
2025.03.18	01:18:05.397	1.29877	1.29880			6
2025.03.18	01:18:05.708	1.29878	1.29881			6
2025.03.18	01:18:16.516	1.29880	1.29883			6
2025.03.18	01:18:21.132	1.29878	1.29881			6
2025.03.18	01:18:34.406	1.29877	1.29880			6
2025.03.18	01:18:35.638	1.29878	1.29881			6
2025.03.18	01:18:40.263	1.29879	1.29882			6
2025.03.18	01:18:43.968	1.29878	1.29881			6
2025.03.18	01:19:00.004	1.29878				2
2025.03.18	01:19:09.825	1.29879	1.29882			6
2025.03.18	01:19:14.724	1.29878	1.29881			6
2025.03.18	01:19:18.396	1.29877	1.29880			6
2025.03.18	01:19:19.938	1.29878	1.29881			6
2025.03.18	01:19:20.548	1.29879	1.29882			6
2025.03.18	01:19:25.139	1.29878	1.29881			6
2025.03.18	01:19:34.020	1.29879	1.29882			6
2025.03.18	01:19:36.779	1.29878	1.29881			6
2025.03.18	01:19:43.527	1.29877	1.29880			6
2025.03.18	01:19:43.838	1.29878	1.29881			6
2025.03.18	01:19:50.329	1.29879				2
2025.03.18	01:19:54.023	1.29878				2
2025.03.18	01:20:00.189	1.29878				2
2025.03.18	01:20:03.603	1.29877	1.29880			6
2025.03.18	01:20:03.910	1.29876	1.29879			6
2025.03.18	01:20:05.143	1.29877	1.29880			6
2025.03.18	01:20:05.448	1.29876	1.29879			6
2025.03.18	01:20:06.379	1.29877	1.29880			6
2025.03.18	01:20:11.619	1.29875	1.29878			6
2025.03.18	01:20:14.083	1.29876	1.29879			6
2025.03.18	01:20:16.547	1.29875	1.29878			6
2025.03.18	01:20:16.857	1.29876	1.29879			6
2025.03.18	01:20:21.179	1.29877	1.29880			6
2025.03.18	01:20:27.963	1.29876	1.29879			6
2025.03.18	01:20:32.582	1.29875	1.29878			6
2025.03.18	01:20:33.197	1.29876	1.29879			6
2025.03.18	01:20:35.662	1.29878	1.29880			6
2025.03.18	01:20:35.969	1.29879	1.29882			6
2025.03.18	01:20:36.279	1.29877	1.29881			6
2025.03.18	01:20:36.897	1.29876	1.29880			6
2025.03.18	01:20:37.201	1.29877	1.29881			6
2025.03.18	01:20:37.508	1.29876	1.29880			6
2025.03.18	01:20:39.358	1.29877	1.29881			6
2025.03.18	01:20:40.281	1.29876	1.29880			6
2025.03.18	01:20:43.069	1.29875	1.29879			6
2025.03.18	01:20:43.379	1.29876	1.29880			6
2025.03.18	01:20:47.702	1.29875	1.29879			6
2025.03.18	01:20:49.550	1.29876	1.29880			6
2025.03.18	01:20:52.331	1.29872	1.29876			6
2025.03.18	01:20:53.261		1.29877			4
2025.03.18	01:20:55.417	1.29871	1.29876			6
2025.03.18	01:20:56.342	1.29875	1.29879			6
2025.03.18	01:20:58.804	1.29874				2
2025.03.18	01:20:59.110	1.29875				2
2025.03.18	01:21:00.041	1.29875				2
2025.03.18	01:21:01.584	1.29874	1.29876			6
2025.03.18	01:21:01.888	1.29872	1.29877			6
2025.03.18	01:21:02.510	1.29873				2
2025.03.18	01:21:05.929	1.29872				2
2025.03.18	01:21:12.107	1.29875	1.29880			6
2025.03.18	01:21:13.028	1.29874				2
2025.03.18	01:21:13.336		1.29881			4
2025.03.18	01:21:14.256	1.29872	1.29879			6
2025.03.18	01:21:15.167	1.29873				2
2025.03.18	01:21:18.872	1.29872				2
2025.03.18	01:21:20.108	1.29873				2
2025.03.18	01:21:20.728	1.29872				2
2025.03.18	01:21:21.961	1.29873				2
2025.03.18	01:21:22.269	1.29874				2
2025.03.18	01:21:22.579	1.29875				2
2025.03.18	01:21:22.885	1.29874				2
2025.03.18	01:21:23.192	1.29875				2
2025.03.18	01:21:23.504	1.29873	1.29880			6
2025.03.18	01:21:25.978	1.29874				2
2025.03.18	01:21:26.281	1.29873				2
2025.03.18	01:21:26.898	1.29874				2
2025.03.18	01:21:27.210	1.29873				2
2025.03.18	01:21:27.511	1.29874	1.29881			6
2025.03.18	01:21:28.129	1.29873	1.29880			6
2025.03.18	01:21:28.438	1.29874	1.29881			6
2025.03.18	01:21:28.748	1.29873	1.29880			6
2025.03.18	01:21:31.229	1.29874	1.29881			6
2025.03.18	01:21:35.552	1.29873	1.29880			6
2025.03.18	01:21:36.166	1.29876	1.29881			6
2025.03.18	01:21:36.473		1.29882			4
2025.03.18	01:21:53.776	1.29874	1.29879			6
2025.03.18	01:21:54.395		1.29880			4
2025.03.18	01:21:58.416	1.29875				2
2025.03.18	01:21:59.654	1.29874				2
2025.03.18	01:22:00.277	1.29874				2
2025.03.18	01:22:07.386	1.29875				2
2025.03.18	01:22:13.248	1.29874				2
2025.03.18	01:22:16.077	1.29875	1.29881			6
2025.03.18	01:22:17.304	1.29874	1.29879			6
2025.03.18	01:22:19.154		1.29880			4
2025.03.18	01:22:20.699	1.29872	1.29878			6
2025.03.18	01:22:26.258	1.29871	1.29877			6
2025.03.18	01:22:27.498	1.29872	1.29878			6
2025.03.18	01:22:28.720	1.29871	1.29877			6
2025.03.18	01:22:30.565	1.29872	1.29878			6
2025.03.18	01:22:34.245	1.29873				2
2025.03.18	01:22:36.388	1.29872	1.29877			6
2025.03.18	01:22:41.293	1.29873	1.29878			6
2025.03.18	01:22:41.906	1.29872	1.29877			6
2025.03.18	01:22:45.891	1.29873	1.29878			6
2025.03.18	01:22:46.508	1.29872	1.29877			6
2025.03.18	01:22:53.253		1.29876			4
2025.03.18	01:22:55.704	1.29874	1.29878			6
2025.03.18	01:22:56.318		1.29879			4
2025.03.18	01:22:58.151	1.29876	1.29881			6
2025.03.18	01:22:58.761		1.29880			4
2025.03.18	01:22:59.071		1.29881			4
2025.03.18	01:23:00.302	1.29876				2
2025.03.18	01:23:02.437	1.29875	1.29880			6
2025.03.18	01:23:02.745	1.29872	1.29877			6
2025.03.18	01:23:03.355	1.29871				2
2025.03.18	01:23:03.662	1.29873	1.29879			6
2025.03.18	01:23:03.975	1.29874	1.29880			6
2025.03.18	01:23:04.283	1.29876	1.29881			6
2025.03.18	01:23:04.905		1.29880			4
2025.03.18	01:23:05.213	1.29874	1.29881			6
2025.03.18	01:23:06.445		1.29880			4
2025.03.18	01:23:06.746	1.29872	1.29879			6
2025.03.18	01:23:07.681	1.29873	1.29880			6
2025.03.18	01:23:08.917	1.29874	1.29881			6
2025.03.18	01:23:09.218	1.29875				2
2025.03.18	01:23:09.838	1.29874	1.29880			6
2025.03.18	01:23:10.146	1.29875				2
2025.03.18	01:23:10.454		1.29881			4
2025.03.18	01:23:11.999	1.29874				2
2025.03.18	01:23:12.306		1.29880			4
2025.03.18	01:23:15.087	1.29875	1.29881			6
2025.03.18	01:23:15.395	1.29874				2
2025.03.18	01:23:15.702	1.29875				2
2025.03.18	01:23:16.010		1.29879			4
2025.03.18	01:23:16.319		1.29881			4
2025.03.18	01:23:16.632	1.29874	1.29879			6
2025.03.18	01:23:17.862		1.29881			4
2025.03.18	01:23:18.480		1.29879			4
2025.03.18	01:23:19.100	1.29872				2
2025.03.18	01:23:19.406	1.29873				2
2025.03.18	01:23:19.711	1.29874				2
2025.03.18	01:23:24.357		1.29881			4
2025.03.18	01:23:24.976		1.29879			4
2025.03.18	01:23:26.819		1.29881			4
2025.03.18	01:23:27.746	1.29875				2
2025.03.18	01:23:31.451	1.29874	1.29879			6
2025.03.18	01:23:32.063	1.29875				2
2025.03.18	01:23:35.459	1.29874				2
2025.03.18	01:23:36.081	1.29875				2
2025.03.18	01:23:38.854	1.29874				2
2025.03.18	01:23:42.247		1.29880			4
2025.03.18	01:23:42.553		1.29879			4
2025.03.18	01:23:45.334		1.29880			4
2025.03.18	01:23:47.795		1.29879			4
2025.03.18	01:23:48.106	1.29875				2
2025.03.18	01:23:53.368		1.29880			4
2025.03.18	01:23:53.984		1.29879			4
2025.03.18	01:23:55.219	1.29874				2
2025.03.18	01:23:56.760	1.29875				2
2025.03.18	01:23:57.080	1.29874				2
2025.03.18	01:23:57.687	1.29875				2
2025.03.18	01:23:59.848		1.29880			4
2025.03.18	01:24:00.152	1.29875				2
2025.03.18	01:24:01.082	1.29874	1.29879			6
2025.03.18	01:24:01.385	1.29875				2
2025.03.18	01:24:02.933	1.29876				2
2025.03.18	01:24:03.864	1.29875	1.29880			6
2025.03.18	01:24:07.876	1.29876	1.29879			6
2025.03.18	01:24:08.502		1.29880			4
2025.03.18	01:24:08.809	1.29875	1.29879			6
2025.03.18	01:24:09.114	1.29877	1.29882			6
2025.03.18	01:24:10.344		1.29881			4
2025.03.18	01:24:30.470	1.29878	1.29882			6
2025.03.18	01:24:32.903	1.29877	1.29881			6
2025.03.18	01:24:33.210	1.29878				2
2025.03.18	01:24:35.341	1.29879	1.29882			6
2025.03.18	01:24:35.647	1.29878	1.29881			6
2025.03.18	01:24:36.253	1.29879	1.29882			6
2025.03.18	01:24:36.555	1.29878	1.29881			6
2025.03.18	01:24:40.839	1.29879	1.29882			6
2025.03.18	01:24:44.499	1.29878	1.29881			6
2025.03.18	01:24:45.727	1.29882	1.29885			6
2025.03.18	01:24:46.031	1.29886	1.29888			6
2025.03.18	01:24:46.641	1.29887	1.29890			6
2025.03.18	01:24:46.945	1.29889	1.29892			6
2025.03.18	01:24:47.250	1.29887				2
2025.03.18	01:24:47.559	1.29886				2
2025.03.18	01:24:48.792	1.29885				2
2025.03.18	01:24:49.408	1.29884	1.29891			6
2025.03.18	01:24:49.720	1.29885	1.29892			6
2025.03.18	01:24:50.335	1.29884	1.29891			6
2025.03.18	01:24:53.106	1.29885	1.29892			6
2025.03.18	01:25:00.183	1.29885				2
2025.03.18	01:25:05.426	1.29884	1.29891			6
2025.03.18	01:25:06.039	1.29885	1.29892			6
2025.03.18	01:25:07.284	1.29884	1.29891			6
2025.03.18	01:25:09.135	1.29885	1.29892			6
2025.03.18	01:25:10.683	1.29886				2
2025.03.18	01:25:13.762	1.29885				2
2025.03.18	01:25:20.244		1.29891			4
2025.03.18	01:25:25.803	1.29884	1.29890			6
2025.03.18	01:25:26.112	1.29885	1.29891			6
2025.03.18	01:25:32.592	1.29884	1.29890			6
2025.03.18	01:25:33.210	1.29885				2
2025.03.18	01:25:34.441	1.29884				2
2025.03.18	01:25:37.222	1.29885				2
2025.03.18	01:25:37.524	1.29886				2
2025.03.18	01:25:37.832	1.29885				2
2025.03.18	01:25:38.457	1.29886				2
2025.03.18	01:25:38.762	1.29885				2
2025.03.18	01:25:40.308	1.29886	1.29891			6
2025.03.18	01:25:40.617	1.29885	1.29890			6
2025.03.18	01:25:43.394		1.29886			4
2025.03.18	01:25:43.704	1.29886	1.29891			6
2025.03.18	01:25:44.021	1.29885	1.29886			6
2025.03.18	01:25:45.248		1.29890			4
2025.03.18	01:25:46.184		1.29886			4
2025.03.18	01:25:46.490	1.29886	1.29891			6
2025.03.18	01:25:46.797	1.29885	1.29886			6
2025.03.18	01:25:47.103		1.29890			4
2025.03.18	01:25:49.258		1.29889			4
2025.03.18	01:26:00.273	1.29885				2
2025.03.18	01:26:01.190	1.29886	1.29890			6
2025.03.18	01:26:01.499	1.29885	1.29889			6
2025.03.18	01:26:01.802	1.29886	1.29890			6
2025.03.18	01:26:02.105	1.29885	1.29889			6
2025.03.18	01:26:04.242	1.29886	1.29890			6
2025.03.18	01:26:05.157	1.29885	1.29889			6
2025.03.18	01:26:06.373	1.29886	1.29890			6
2025.03.18	01:26:09.423	1.29885	1.29889			6
2025.03.18	01:26:11.245	1.29886				2
2025.03.18	01:26:15.210	1.29887	1.29890			6
2025.03.18	01:26:15.827	1.29886	1.29889			6
2025.03.18	01:26:16.755	1.29887	1.29890			6
2025.03.18	01:26:21.041	1.29886	1.29889			6
2025.03.18	01:26:21.968	1.29885	1.29888			6
2025.03.18	01:26:22.882	1.29886	1.29889			6
2025.03.18	01:26:23.183	1.29885	1.29888			6
2025.03.18	01:26:24.097	1.29886	1.29889			6
2025.03.18	01:26:28.987	1.29885	1.29888			6
2025.03.18	01:26:29.894	1.29886	1.29889			6
2025.03.18	01:26:33.251	1.29887	1.29890			6
2025.03.18	01:26:34.766	1.29886	1.29889			6
2025.03.18	01:26:35.976	1.29887	1.29890			6
2025.03.18	01:26:36.583	1.29886	1.29889			6
2025.03.18	01:26:36.886	1.29887	1.29890			6
2025.03.18	01:26:37.191	1.29886	1.29889			6
2025.03.18	01:26:38.413	1.29888	1.29891			6
2025.03.18	01:26:38.722	1.29887	1.29890			6
2025.03.18	01:26:39.336	1.29888	1.29891			6
2025.03.18	01:26:39.637	1.29887	1.29890			6
2025.03.18	01:26:40.557	1.29886	1.29889			6
2025.03.18	01:26:42.096	1.29887	1.29890			6
2025.03.18	01:26:43.007	1.29886	1.29889			6
2025.03.18	01:26:43.622	1.29887	1.29890			6
2025.03.18	01:26:43.923	1.29886	1.29889			6
2025.03.18	01:26:44.226	1.29887	1.29890			6
2025.03.18	01:26:44.529	1.29886	1.29889			6
2025.03.18	01:26:46.374	1.29887	1.29890			6
2025.03.18	01:26:47.285	1.29886	1.29889			6
2025.03.18	01:26:57.084	1.29887	1.29890			6
2025.03.18	01:26:58.304	1.29886	1.29889			6
2025.03.18	01:26:58.910	1.29887	1.29890			6
2025.03.18	01:26:59.211	1.29886	1.29889			6
2025.03.18	01:27:00.119	1.29887	1.29890			6
2025.03.18	01:27:00.731	1.29889	1.29892			6
2025.03.18	01:27:11.675	1.29888	1.29891			6
2025.03.18	01:27:22.425	1.29890				2
2025.03.18	01:27:22.731		1.29892			4
2025.03.18	01:27:23.032	1.29889				2
2025.03.18	01:27:24.585	1.29888	1.29891			6
2025.03.18	01:27:27.356	1.29889	1.29892			6
2025.03.18	01:27:29.206	1.29888	1.29891			6
2025.03.18	01:27:39.708	1.29886	1.29889			6
2025.03.18	01:27:40.013	1.29887	1.29890			6
2025.03.18	01:27:40.941	1.29886	1.29889			6
2025.03.18	01:27:41.254	1.29887	1.29890			6
2025.03.18	01:27:41.868	1.29886	1.29889			6
2025.03.18	01:27:44.329	1.29876	1.29879			6
2025.03.18	01:27:45.262	1.29875	1.29880			6
2025.03.18	01:27:46.492		1.29881			4
2025.03.18	01:27:47.733	1.29876				2
2025.03.18	01:27:49.280		1.29880			4
2025.03.18	01:27:50.822	1.29875				2
2025.03.18	01:27:51.143	1.29876				2
2025.03.18	01:27:51.450	1.29875				2
2025.03.18	01:27:51.772	1.29876				2
2025.03.18	01:27:52.383		1.29881			4
2025.03.18	01:27:54.231		1.29882			4
2025.03.18	01:27:54.534		1.29881			4
2025.03.18	01:27:55.155		1.29882			4
2025.03.18	01:27:55.474		1.29881			4
2025.03.18	01:27:56.700	1.29882	1.29888			6
2025.03.18	01:27:57.622	1.29881				2
2025.03.18	01:28:00.092	1.29881				2
2025.03.18	01:28:00.404	1.29882				2
2025.03.18	01:28:06.278		1.29889			4
2025.03.18	01:28:07.822		1.29888			4
2025.03.18	01:28:09.678		1.29889			4
2025.03.18	01:28:09.981		1.29888			4
2025.03.18	01:28:15.552	1.29883	1.29890			6
2025.03.18	01:28:16.481	1.29884				2
2025.03.18	01:28:17.715		1.29889			4
2025.03.18	01:28:18.021		1.29890			4
2025.03.18	01:28:18.334		1.29889			4
2025.03.18	01:28:18.642	1.29883				2
2025.03.18	01:28:19.252	1.29884				2
2025.03.18	01:28:19.563	1.29883				2
2025.03.18	01:28:24.504		1.29888			4
2025.03.18	01:28:26.675		1.29889			4
2025.03.18	01:28:31.591		1.29890			4
2025.03.18	01:28:37.148		1.29889			4
2025.03.18	01:28:38.375	1.29882				2
2025.03.18	01:28:39.605	1.29883				2
2025.03.18	01:28:47.929		1.29890			4
2025.03.18	01:28:49.463	1.29882	1.29889			6
2025.03.18	01:28:58.040	1.29883	1.29890			6
2025.03.18	01:29:00.178	1.29880	1.29887			6
2025.03.18	01:29:03.246		1.29886			4
2025.03.18	01:29:03.551	1.29884	1.29891			6
2025.03.18	01:29:04.473	1.29885	1.29892			6
2025.03.18	01:29:05.085	1.29881	1.29888			6
2025.03.18	01:29:12.885	1.29880	1.29887			6
2025.03.18	01:29:14.428	1.29881	1.29888			6
2025.03.18	01:29:25.505	1.29880	1.29887			6
2025.03.18	01:29:27.657	1.29881	1.29888			6
2025.03.18	01:29:28.584	1.29880	1.29887			6
2025.03.18	01:29:31.047	1.29881	1.29888			6
2025.03.18	01:29:32.588	1.29879	1.29886			6
2025.03.18	01:29:33.207	1.29880	1.29887			6
2025.03.18	01:29:33.517	1.29879	1.29886			6
2025.03.18	01:29:38.758	1.29880	1.29887			6
2025.03.18	01:29:39.062	1.29879	1.29886			6
2025.03.18	01:29:39.679	1.29880	1.29887			6
2025.03.18	01:29:40.604	1.29879	1.29886			6
2025.03.18	01:29:41.217	1.29880	1.29887			6
2025.03.18	01:29:45.218	1.29879	1.29886			6
2025.03.18	01:29:45.828	1.29880	1.29887			6
2025.03.18	01:29:50.115	1.29879	1.29886			6
2025.03.18	01:29:50.422	1.29880	1.29887			6
2025.03.18	01:29:55.038	1.29879	1.29886			6
2025.03.18	01:29:55.344		1.29885			4
2025.03.18	01:29:56.271	1.29880	1.29887			6
2025.03.18	01:29:57.196	1.29881	1.29888			6
2025.03.18	01:29:59.980	1.29882				2
2025.03.18	01:30:00.282	1.29882	1.29887			6
2025.03.18	01:30:00.591		1.29886			4
2025.03.18	01:30:01.207		1.29887			4
2025.03.18	01:30:02.130	1.29880				2
2025.03.18	01:30:03.365		1.29886			4
2025.03.18	01:30:04.285	1.29882				2
2025.03.18	01:30:11.068	1.29881	1.29887			6
2025.03.18	01:30:11.684	1.29884	1.29888			6
2025.03.18	01:30:12.305	1.29881				2
2025.03.18	01:30:12.615	1.29880	1.29887			6
2025.03.18	01:30:13.544	1.29881	1.29888			6
2025.03.18	01:30:14.462	1.29879	1.29886			6
2025.03.18	01:30:16.923	1.29880				2
2025.03.18	01:30:17.232	1.29885	1.29892			6
2025.03.18	01:30:19.087		1.29891			4
2025.03.18	01:30:19.395		1.29892			4
2025.03.18	01:30:21.237		1.29891			4
2025.03.18	01:30:21.545		1.29892			4
2025.03.18	01:30:22.473	1.29886	1.29891			6
2025.03.18	01:30:23.402	1.29885	1.29892			6
2025.03.18	01:30:24.323	1.29891	1.29898			6
2025.03.18	01:30:24.942	1.29892				2
2025.03.18	01:30:25.562	1.29890	1.29897			6
2025.03.18	01:30:27.108	1.29891	1.29898			6
2025.03.18	01:30:32.349	1.29892	1.29899			6
2025.03.18	01:30:32.653	1.29891	1.29898			6
2025.03.18	01:30:32.959	1.29890	1.29897			6
2025.03.18	01:30:33.884	1.29891	1.29898			6
2025.03.18	01:30:37.880	1.29894	1.29900			6
2025.03.18	01:30:38.185	1.29895				2
2025.03.18	01:30:41.572	1.29898	1.29904			6
2025.03.18	01:30:42.187		1.29902			4
2025.03.18	01:30:42.500	1.29897	1.29903			6
2025.03.18	01:30:44.355		1.29902			4
2025.03.18	01:30:44.664		1.29903			4
2025.03.18	01:30:47.122		1.29902			4
2025.03.18	01:30:47.739		1.29903			4
2025.03.18	01:30:48.650	1.29898				2
2025.03.18	01:30:49.581		1.29902			4
2025.03.18	01:30:49.890		1.29903			4
2025.03.18	01:30:50.509		1.29902			4
2025.03.18	01:30:50.814		1.29903			4
2025.03.18	01:30:57.593	1.29895	1.29901			6
2025.03.18	01:30:57.903		1.29900			4
2025.03.18	01:30:58.211	1.29893				2
2025.03.18	01:30:58.515	1.29895				2
2025.03.18	01:30:59.128	1.29893				2
2025.03.18	01:30:59.744	1.29895				2
2025.03.18	01:31:00.049	1.29895				2
2025.03.18	01:31:02.809	1.29894				2
2025.03.18	01:31:03.732	1.29895	1.29902			6
2025.03.18	01:31:04.357		1.29901			4
2025.03.18	01:31:04.660		1.29902			4
2025.03.18	01:31:07.430	1.29892	1.29898			6
2025.03.18	01:31:09.901		1.29899			4
2025.03.18	01:31:11.438	1.29891	1.29898			6
2025.03.18	01:31:11.746	1.29892	1.29899			6
2025.03.18	01:31:12.365	1.29891	1.29898			6
2025.03.18	01:31:13.286	1.29892	1.29899			6
2025.03.18	01:31:14.828	1.29891	1.29898			6
2025.03.18	01:31:15.137	1.29892	1.29899			6
2025.03.18	01:31:16.994		1.29898			4
2025.03.18	01:31:17.616	1.29895	1.29900			6
2025.03.18	01:31:17.924	1.29894				2
2025.03.18	01:31:18.245	1.29895				2
2025.03.18	01:31:19.473	1.29891	1.29898			6
2025.03.18	01:31:19.777	1.29892				2
2025.03.18	01:31:20.394	1.29891				2
2025.03.18	01:31:21.945		1.29897			4
2025.03.18	01:31:22.251		1.29898			4
2025.03.18	01:31:23.174	1.29890	1.29897			6
2025.03.18	01:31:23.785	1.29891				2
2025.03.18	01:31:24.716	1.29890				2
2025.03.18	01:31:27.508	1.29888	1.29895			6
2025.03.18	01:31:29.669	1.29889	1.29896			6
2025.03.18	01:31:39.571	1.29888	1.29895			6
2025.03.18	01:31:40.192	1.29889	1.29896			6
2025.03.18	01:31:41.733	1.29890	1.29897			6
2025.03.18	01:31:43.273		1.29896			4
2025.03.18	01:31:45.435	1.29891	1.29897			6
2025.03.18	01:31:46.048	1.29892				2
2025.03.18	01:31:46.356	1.29893	1.29898			6
2025.03.18	01:31:47.293	1.29891	1.29897			6
2025.03.18	01:31:57.778	1.29892	1.29898			6
2025.03.18	01:31:58.086	1.29889	1.29895			6
2025.03.18	01:31:59.323	1.29890	1.29896			6
2025.03.18	01:31:59.635	1.29891	1.29897			6
2025.03.18	01:32:00.253	1.29891				2
2025.03.18	01:32:01.177	1.29890	1.29896			6
2025.03.18	01:32:03.643	1.29891	1.29897			6
2025.03.18	01:32:04.870	1.29890	1.29896			6
2025.03.18	01:32:06.099	1.29891	1.29897			6
2025.03.18	01:32:07.952	1.29892	1.29898			6
2025.03.18	01:32:10.738	1.29891	1.29897			6
2025.03.18	01:32:16.294	1.29892				2
2025.03.18	01:32:16.901	1.29890	1.29895			6
2025.03.18	01:32:17.203	1.29889				2
2025.03.18	01:32:18.125	1.29890	1.29896			6
2025.03.18	01:32:18.432	1.29889	1.29895			6
2025.03.18	01:32:19.362	1.29890				2
2025.03.18	01:32:20.884	1.29891	1.29896			6
2025.03.18	01:32:22.723	1.29890	1.29895			6
2025.03.18	01:32:25.167	1.29891	1.29896			6
2025.03.18	01:32:33.776	1.29890	1.29895			6
2025.03.18	01:32:35.319	1.29891				2
2025.03.18	01:32:45.690	1.29890	1.29894			6
2025.03.18	01:32:49.346	1.29891	1.29895			6
2025.03.18	01:32:49.650	1.29890	1.29894			6
2025.03.18	01:32:49.952	1.29891	1.29895			6
2025.03.18	01:32:55.171	1.29892				2
2025.03.18	01:32:55.788	1.29891	1.29894			6
2025.03.18	01:32:56.100	1.29887	1.29891			6
2025.03.18	01:33:00.083	1.29887				2
2025.03.18	01:33:00.688	1.29886	1.29890			6
2025.03.18	01:33:03.123	1.29882	1.29886			6
2025.03.18	01:33:04.038	1.29881	1.29885			6
2025.03.18	01:33:04.349		1.29886			4
2025.03.18	01:33:06.510	1.29882	1.29887			6
2025.03.18	01:33:06.816	1.29881	1.29886			6
2025.03.18	01:33:07.122		1.29885			4
2025.03.18	01:33:08.036	1.29882	1.29886			6
2025.03.18	01:33:12.637	1.29881	1.29885			6
2025.03.18	01:33:12.944	1.29882	1.29886			6
2025.03.18	01:33:17.534	1.29881	1.29885			6
2025.03.18	01:33:22.767	1.29882	1.29886			6
2025.03.18	01:33:23.390	1.29883	1.29887			6
2025.03.18	01:33:24.313	1.29882	1.29886			6
2025.03.18	01:33:28.638	1.29885				2
2025.03.18	01:33:28.941	1.29882	1.29885			6
2025.03.18	01:33:29.558	1.29885	1.29886			6
2025.03.18	01:33:29.870	1.29881	1.29885			6
2025.03.18	01:33:30.175	1.29885	1.29886			6
2025.03.18	01:33:30.479	1.29883	1.29885			6
2025.03.18	01:33:30.789	1.29885	1.29887			6
2025.03.18	01:33:31.096	1.29883	1.29885			6
2025.03.18	01:33:31.404	1.29885	1.29886			6
2025.03.18	01:33:31.711	1.29882	1.29884			6
2025.03.18	01:33:32.029	1.29885	1.29886			6
2025.03.18	01:33:32.335		1.29887			4
2025.03.18	01:33:32.643	1.29883				2
2025.03.18	01:33:34.500	1.29882	1.29886			6
2025.03.18	01:33:34.806	1.29883	1.29887			6
2025.03.18	01:33:38.208	1.29882	1.29886			6
2025.03.18	01:33:38.518	1.29880	1.29884			6
2025.03.18	01:33:39.136	1.29881	1.29885			6
2025.03.18	01:33:39.751	1.29882	1.29886			6
2025.03.18	01:33:44.376	1.29883				2
2025.03.18	01:34:00.261	1.29883				2
2025.03.18	01:34:12.768	1.29884	1.29887			6
2025.03.18	01:34:13.389	1.29883	1.29886			6
2025.03.18	01:34:21.967	1.29882	1.29885			6
2025.03.18	01:34:23.198	1.29883	1.29886			6
2025.03.18	01:34:29.915	1.29885	1.29888			6
2025.03.18	01:35:00.086	1.29885				2
2025.03.18	01:35:01.626	1.29883	1.29886			6
2025.03.18	01:35:02.244	1.29884	1.29887			6
2025.03.18	01:35:03.164	1.29883	1.29886			6
2025.03.18	01:35:13.630	1.29881	1.29884			6
2025.03.18	01:35:13.936	1.29880	1.29883			6
2025.03.18	01:35:14.851	1.29881	1.29884			6
2025.03.18	01:35:22.515	1.29880	1.29883			6
2025.03.18	01:35:22.820	1.29881	1.29884			6
2025.03.18	01:35:23.437	1.29880	1.29883			6
2025.03.18	01:35:24.050	1.29881	1.29884			6
2025.03.18	01:35:26.828	1.29880	1.29883			6
2025.03.18	01:35:34.843	1.29881	1.29884			6
2025.03.18	01:35:35.150	1.29880	1.29883			6
2025.03.18	01:35:36.694	1.29881	1.29884			6
2025.03.18	01:35:41.313	1.29882	1.29885			6
2025.03.18	01:35:43.160	1.29880	1.29883			6
2025.03.18	01:35:44.082	1.29881	1.29884			6
2025.03.18	01:35:44.389	1.29880	1.29883			6
2025.03.18	01:35:51.158	1.29881	1.29884			6
2025.03.18	01:35:51.463	1.29880	1.29883			6
2025.03.18	01:35:53.304	1.29881	1.29884			6
2025.03.18	01:35:56.062	1.29880	1.29883			6
2025.03.18	01:35:58.214	1.29881	1.29884			6
2025.03.18	01:36:00.058	1.29881				2
2025.03.18	01:36:01.584	1.29880	1.29883			6
2025.03.18	01:36:02.192	1.29881	1.29884			6
2025.03.18	01:36:16.304	1.29882	1.29885			6
2025.03.18	01:36:16.917	1.29885	1.29888			6
2025.03.18	01:36:17.834	1.29886	1.29889			6
2025.03.18	01:36:23.981	1.29887	1.29890			6
2025.03.18	01:36:34.700	1.29886	1.29889			6
2025.03.18	01:36:48.867	1.29887	1.29890			6
2025.03.18	01:36:49.173	1.29886	1.29889			6
2025.03.18	01:36:55.355	1.29887	1.29890			6
2025.03.18	01:36:55.665	1.29886	1.29889			6
2025.03.18	01:36:57.206	1.29887	1.29890			6
2025.03.18	01:36:57.514	1.29886	1.29889			6
2025.03.18	01:36:57.816	1.29887	1.29890			6
2025.03.18	01:36:58.437	1.29886	1.29889			6
2025.03.18	01:36:58.742	1.29887	1.29890			6
2025.03.18	01:36:59.047	1.29886	1.29889			6
2025.03.18	01:36:59.667	1.29887	1.29890			6
2025.03.18	01:36:59.974	1.29886	1.29889			6
2025.03.18	01:37:00.282	1.29886				2
2025.03.18	01:37:00.594		1.29888			4
2025.03.18	01:37:00.900		1.29889			4
2025.03.18	01:37:01.213	1.29887	1.29890			6
2025.03.18	01:37:01.523	1.29886	1.29889			6
2025.03.18	01:37:01.836	1.29887	1.29890			6
2025.03.18	01:37:02.149	1.29886	1.29889			6
2025.03.18	01:37:02.763	1.29887	1.29890			6
2025.03.18	01:37:03.070	1.29886	1.29889			6
2025.03.18	01:37:03.688	1.29887	1.29890			6
2025.03.18	01:37:03.996	1.29886	1.29889			6
2025.03.18	01:37:04.303	1.29887	1.29890			6
2025.03.18	01:37:07.694	1.29886	1.29889			6
2025.03.18	01:37:08.616	1.29887	1.29890			6
2025.03.18	01:37:14.160	1.29886	1.29889			6
2025.03.18	01:37:14.466	1.29887	1.29890			6
2025.03.18	01:37:16.622	1.29886	1.29889			6
2025.03.18	01:37:35.423	1.29885	1.29888			6
2025.03.18	01:37:40.677	1.29884	1.29887			6
2025.03.18	01:37:40.986	1.29885	1.29888			6
2025.03.18	01:37:41.914	1.29886	1.29889			6
2025.03.18	01:37:45.614	1.29887	1.29890			6
2025.03.18	01:37:49.007	1.29886	1.29889			6
2025.03.18	01:37:51.477	1.29887	1.29890			6
2025.03.18	01:38:00.135	1.29887				2
2025.03.18	01:38:06.931	1.29884	1.29887			6
2025.03.18	01:38:25.135	1.29885	1.29888			6
2025.03.18	01:38:26.367	1.29884	1.29887			6
2025.03.18	01:38:28.850	1.29883	1.29886			6
2025.03.18	01:38:34.092	1.29884	1.29887			6
2025.03.18	01:38:49.219	1.29883	1.29886			6
2025.03.18	01:38:52.010	1.29884	1.29887			6
2025.03.18	01:38:56.314	1.29886	1.29888			6
2025.03.18	01:38:56.629	1.29885				2
2025.03.18	01:38:56.938	1.29886				2
2025.03.18	01:38:58.170		1.29889			4
2025.03.18	01:38:58.481	1.29885	1.29888			6
2025.03.18	01:38:58.790	1.29886				2
2025.03.18	01:39:00.025	1.29886				2
2025.03.18	01:39:00.945	1.29885				2
2025.03.18	01:39:01.253	1.29886	1.29889			6
2025.03.18	01:39:01.565		1.29888			4
2025.03.18	01:39:02.797		1.29889			4
2025.03.18	01:39:03.106	1.29887	1.29890			6
2025.03.18	01:39:11.761	1.29886	1.29889			6
2025.03.18	01:39:19.481	1.29887				2
2025.03.18	01:39:22.258	1.29886				2
2025.03.18	01:39:22.568	1.29887				2
2025.03.18	01:39:25.039	1.29886				2
2025.03.18	01:39:27.815	1.29887				2
2025.03.18	01:39:29.672	1.29886				2
2025.03.18	01:39:34.909	1.29887				2
2025.03.18	01:39:36.445	1.29886				2
2025.03.18	01:39:38.613	1.29887				2
2025.03.18	01:39:38.919	1.29886				2
2025.03.18	01:39:39.851	1.29887				2
2025.03.18	01:39:40.160	1.29886				2
2025.03.18	01:39:40.469	1.29887				2
2025.03.18	01:39:41.697	1.29886				2
2025.03.18	01:39:43.545	1.29884	1.29887			6
2025.03.18	01:39:46.330	1.29883	1.29886			6
2025.03.18	01:39:49.117	1.29884	1.29887			6
2025.03.18	01:39:56.826	1.29883	1.29886			6
2025.03.18	01:40:00.224	1.29883				2
2025.03.18	01:40:01.462	1.29886	1.29888			6
2025.03.18	01:40:02.393	1.29885	1.29889			6
2025.03.18	01:40:02.698		1.29888			4
2025.03.18	01:40:03.330		1.29889			4
2025.03.18	01:40:03.637		1.29888			4
2025.03.18	01:40:03.950		1.29889			4
2025.03.18	01:40:04.878	1.29884	1.29888			6
2025.03.18	01:40:08.294	1.29885	1.29889			6
2025.03.18	01:40:18.448	1.29884	1.29888			6
2025.03.18	01:40:18.756	1.29885	1.29889			6
2025.03.18	01:40:19.680	1.29883	1.29887			6
2025.03.18	01:40:19.985	1.29882	1.29886			6
2025.03.18	01:40:20.907	1.29883	1.29887			6
2025.03.18	01:40:21.215		1.29888			4
2025.03.18	01:40:27.351		1.29887			4
2025.03.18	01:40:35.025	1.29886	1.29890			6
2025.03.18	01:40:35.334	1.29883	1.29887			6
2025.03.18	01:40:35.647	1.29884	1.29888			6
2025.03.18	01:40:40.920	1.29885	1.29889			6
2025.03.18	01:40:44.610	1.29884	1.29888			6
2025.03.18	01:41:00.036	1.29884				2
2025.03.18	01:41:00.349	1.29885	1.29889			6
2025.03.18	01:41:01.268	1.29884	1.29888			6
2025.03.18	01:41:04.359	1.29883	1.29887			6
2025.03.18	01:41:26.260	1.29884				2
2025.03.18	01:41:30.220	1.29885	1.29888			6
2025.03.18	01:41:31.144	1.29884				2
2025.03.18	01:41:32.381	1.29885	1.29889			6
2025.03.18	01:41:38.243	1.29886				2
2025.03.18	01:41:39.777	1.29880	1.29883			6
2025.03.18	01:41:40.403	1.29879	1.29886			6
2025.03.18	01:41:43.485	1.29878	1.29885			6
2025.03.18	01:41:52.154		1.29884			4
2025.03.18	01:42:00.180	1.29878				2
2025.03.18	01:42:00.488	1.29879	1.29885			6
2025.03.18	01:42:00.796	1.29883	1.29889			6
2025.03.18	01:42:01.720		1.29890			4
2025.03.18	01:42:02.026	1.29884				2
2025.03.18	01:42:02.336	1.29885	1.29891			6
2025.03.18	01:42:04.184	1.29884	1.29890			6
2025.03.18	01:42:27.910	1.29883				2
2025.03.18	01:42:32.229	1.29884				2
2025.03.18	01:42:41.482	1.29883				2
2025.03.18	01:42:42.093		1.29889			4
2025.03.18	01:42:42.403		1.29890			4
2025.03.18	01:42:43.645	1.29884				2
2025.03.18	01:42:44.578	1.29883				2
2025.03.18	01:42:44.883	1.29884				2
2025.03.18	01:42:45.203	1.29883	1.29889			6
2025.03.18	01:42:45.811		1.29890			4
2025.03.18	01:42:50.137		1.29889			4
2025.03.18	01:42:53.237	1.29884	1.29890			6
2025.03.18	01:42:53.861	1.29883	1.29889			6
2025.03.18	01:42:54.162	1.29884	1.29890			6
2025.03.18	01:43:00.027	1.29884				2
2025.03.18	01:43:00.330	1.29885				2
2025.03.18	01:43:01.866		1.29891			4
2025.03.18	01:43:02.492	1.29884	1.29890			6
2025.03.18	01:43:03.725	1.29885				2
2025.03.18	01:43:04.339		1.29891			4
2025.03.18	01:43:04.959		1.29890			4
2025.03.18	01:43:05.262	1.29884				2
2025.03.18	01:43:10.821	1.29885	1.29891			6
2025.03.18	01:43:12.045	1.29884	1.29890			6
2025.03.18	01:43:15.129	1.29885				2
2025.03.18	01:43:19.145	1.29886	1.29891			6
2025.03.18	01:43:19.449	1.29885	1.29890			6
2025.03.18	01:43:23.150	1.29886	1.29891			6
2025.03.18	01:43:24.697	1.29885	1.29890			6
2025.03.18	01:43:25.006	1.29886	1.29891			6
2025.03.18	01:43:30.241	1.29885	1.29890			6
2025.03.18	01:43:32.072	1.29886	1.29891			6
2025.03.18	01:43:32.387	1.29885	1.29890			6
2025.03.18	01:43:32.694	1.29886	1.29891			6
2025.03.18	01:43:33.307	1.29885	1.29890			6
2025.03.18	01:43:34.237		1.29889			4
2025.03.18	01:43:36.362	1.29884	1.29888			6
2025.03.18	01:43:39.096	1.29885	1.29889			6
2025.03.18	01:43:40.309	1.29884	1.29888			6
2025.03.18	01:43:40.613	1.29885	1.29889			6
2025.03.18	01:43:41.833	1.29884	1.29888			6
2025.03.18	01:43:42.135	1.29885	1.29889			6
2025.03.18	01:43:50.976	1.29884	1.29888			6
2025.03.18	01:43:53.124	1.29885	1.29889			6
2025.03.18	01:43:54.336	1.29884	1.29888			6
2025.03.18	01:44:00.103	1.29884				2
2025.03.18	01:44:05.602	1.29885	1.29889			6
2025.03.18	01:44:09.314	1.29886				2
2025.03.18	01:44:11.754	1.29885	1.29888			6
2025.03.18	01:44:19.982	1.29884	1.29887			6
2025.03.18	01:44:20.587	1.29885	1.29888			6
2025.03.18	01:44:21.196	1.29884	1.29887			6
2025.03.18	01:44:21.509	1.29885	1.29888			6
2025.03.18	01:44:22.418	1.29884	1.29887			6
2025.03.18	01:44:22.732	1.29885	1.29888			6
2025.03.18	01:44:34.029	1.29884	1.29887			6
2025.03.18	01:44:35.571	1.29885	1.29888			6
2025.03.18	01:44:37.406	1.29886	1.29889			6
2025.03.18	01:44:37.709	1.29885	1.29888			6
2025.03.18	01:44:38.012	1.29886	1.29889			6
2025.03.18	01:44:41.357	1.29885	1.29888			6
2025.03.18	01:44:41.663	1.29886	1.29889			6
2025.03.18	01:44:42.275	1.29885	1.29888			6
2025.03.18	01:44:44.416	1.29886	1.29889			6
2025.03.18	01:44:44.721	1.29885	1.29888			6
2025.03.18	01:44:52.670	1.29884	1.29887			6
2025.03.18	01:44:54.503	1.29885	1.29888			6
2025.03.18	01:44:58.191	1.29884	1.29887			6
2025.03.18	01:44:58.498	1.29885	1.29888			6
2025.03.18	01:45:00.033	1.29885				2
2025.03.18	01:45:23.662	1.29886	1.29889			6
2025.03.18	01:45:28.561	1.29885	1.29888			6
2025.03.18	01:45:38.375	1.29884	1.29887			6
2025.03.18	01:45:40.219	1.29885	1.29888			6
2025.03.18	01:46:00.223	1.29885				2
2025.03.18	01:46:16.599	1.29886	1.29889			6
2025.03.18	01:46:17.216	1.29884	1.29887			6
2025.03.18	01:46:18.453	1.29885	1.29888			6
2025.03.18	01:46:21.231	1.29884	1.29887			6
2025.03.18	01:46:22.166	1.29885	1.29888			6
2025.03.18	01:46:25.857	1.29886	1.29889			6
2025.03.18	01:46:33.893	1.29885	1.29888			6
2025.03.18	01:46:48.403	1.29884	1.29887			6
2025.03.18	01:46:48.709	1.29885	1.29888			6
2025.03.18	01:46:49.016	1.29884	1.29887			6
2025.03.18	01:46:54.279	1.29885	1.29888			6
2025.03.18	01:46:55.203	1.29884	1.29887			6
2025.03.18	01:46:59.843	1.29885	1.29888			6
2025.03.18	01:47:00.151	1.29885				2
2025.03.18	01:47:03.246	1.29883	1.29886			6
2025.03.18	01:47:04.799	1.29884	1.29887			6
2025.03.18	01:47:05.413	1.29886	1.29889			6
2025.03.18	01:47:06.340	1.29885	1.29890			6
2025.03.18	01:47:11.281		1.29889			4
2025.03.18	01:47:12.205	1.29886	1.29890			6
2025.03.18	01:47:13.131		1.29891			4
2025.03.18	01:47:14.363	1.29885	1.29889			6
2025.03.18	01:47:15.294		1.29890			4
2025.03.18	01:47:15.605	1.29886	1.29891			6
2025.03.18	01:47:19.312		1.29890			4
2025.03.18	01:47:33.756	1.29885	1.29889			6
2025.03.18	01:47:34.066	1.29886	1.29890			6
2025.03.18	01:47:39.900	1.29887	1.29891			6
2025.03.18	01:47:40.211	1.29892	1.29896			6
2025.03.18	01:47:40.822	1.29893	1.29897			6
2025.03.18	01:47:41.130	1.29891	1.29898			6
2025.03.18	01:47:42.361	1.29894	1.29900			6
2025.03.18	01:47:43.900		1.29901			4
2025.03.18	01:47:46.653	1.29893	1.29900			6
2025.03.18	01:47:53.097		1.29899			4
2025.03.18	01:47:53.403		1.29900			4
2025.03.18	01:47:54.021		1.29899			4
2025.03.18	01:47:54.936		1.29900			4
2025.03.18	01:47:58.619	1.29892	1.29899			6
2025.03.18	01:48:00.151	1.29892				2
2025.03.18	01:48:03.216	1.29891	1.29898			6
2025.03.18	01:48:16.715	1.29890	1.29897			6
2025.03.18	01:48:20.724	1.29891	1.29898			6
2025.03.18	01:48:26.259	1.29890	1.29897			6
2025.03.18	01:48:28.107	1.29891	1.29898			6
2025.03.18	01:48:30.253	1.29892	1.29899			6
2025.03.18	01:48:30.865	1.29891	1.29898			6
2025.03.18	01:48:33.025	1.29892	1.29899			6
2025.03.18	01:48:34.253	1.29891	1.29898			6
2025.03.18	01:48:34.566	1.29892	1.29899			6
2025.03.18	01:48:35.174	1.29891	1.29898			6
2025.03.18	01:48:37.942	1.29892	1.29899			6
2025.03.18	01:48:38.550	1.29891	1.29898			6
2025.03.18	01:48:38.856	1.29892	1.29899			6
2025.03.18	01:48:40.708	1.29891	1.29898			6
2025.03.18	01:48:44.395	1.29892	1.29899			6
2025.03.18	01:48:44.701	1.29891	1.29898			6
2025.03.18	01:48:47.162	1.29892	1.29899			6
2025.03.18	01:48:49.331		1.29898			4
2025.03.18	01:48:50.871	1.29891	1.29897			6
2025.03.18	01:48:54.576	1.29890	1.29896			6
2025.03.18	01:48:55.185	1.29891	1.29897			6
2025.03.18	01:48:56.116		1.29898			4
2025.03.18	01:48:57.976	1.29890	1.29897			6
2025.03.18	01:48:59.208	1.29891	1.29898			6
2025.03.18	01:49:00.135	1.29891				2
2025.03.18	01:49:02.294	1.29886	1.29891			6
2025.03.18	01:49:03.220		1.29892			4
2025.03.18	01:49:08.163		1.29893			4
2025.03.18	01:49:08.469	1.29885	1.29892			6
2025.03.18	01:49:11.562	1.29886				2
2025.03.18	01:49:12.185		1.29893			4
2025.03.18	01:49:22.063	1.29885	1.29892			6
2025.03.18	01:49:22.371	1.29886				2
2025.03.18	01:49:23.607	1.29885				2
2025.03.18	01:49:23.915	1.29886				2
2025.03.18	01:49:28.240		1.29893			4
2025.03.18	01:49:28.555	1.29888	1.29895			6
2025.03.18	01:49:31.334	1.29889				2
2025.03.18	01:49:31.651	1.29890	1.29897			6
2025.03.18	01:49:33.813	1.29891	1.29898			6
2025.03.18	01:49:34.126	1.29892	1.29899			6
2025.03.18	01:49:47.353	1.29891	1.29898			6
2025.03.18	01:49:48.885	1.29890	1.29897			6
2025.03.18	01:49:49.198	1.29891	1.29898			6
2025.03.18	01:49:52.583	1.29890	1.29897			6
2025.03.18	01:49:53.812	1.29891	1.29898			6
2025.03.18	01:50:00.253	1.29891				2
2025.03.18	01:50:00.561	1.29890	1.29897			6
2025.03.18	01:50:01.171	1.29891	1.29898			6
2025.03.18	01:50:02.719	1.29890	1.29897			6
2025.03.18	01:50:06.399	1.29889	1.29896			6
2025.03.18	01:50:06.710	1.29890	1.29897			6
2025.03.18	01:50:08.257	1.29889	1.29896			6
2025.03.18	01:50:10.725	1.29886	1.29891			6
2025.03.18	01:50:11.030	1.29884				2
2025.03.18	01:50:17.221	1.29885				2
2025.03.18	01:50:18.454	1.29890	1.29897			6
2025.03.18	01:50:18.765	1.29889	1.29896			6
2025.03.18	01:50:21.236	1.29890	1.29897			6
2025.03.18	01:50:21.849	1.29889	1.29896			6
2025.03.18	01:50:23.392	1.29890				2
2025.03.18	01:50:25.236		1.29897			4
2025.03.18	01:50:34.510	1.29889	1.29896			6
2025.03.18	01:50:52.765		1.29895			4
2025.03.18	01:51:00.160	1.29889				2
2025.03.18	01:51:00.465	1.29890	1.29897			6
2025.03.18	01:51:02.624	1.29891	1.29898			6
2025.03.18	01:51:07.235	1.29890	1.29897			6
2025.03.18	01:51:19.216		1.29896			4
2025.03.18	01:51:21.057	1.29889	1.29895			6
2025.03.18	01:51:24.723	1.29891	1.29897			6
2025.03.18	01:51:25.334		1.29896			4
2025.03.18	01:51:25.646		1.29897			4
2025.03.18	01:51:29.631		1.29896			4
2025.03.18	01:51:32.404	1.29892				2
2025.03.18	01:51:33.938	1.29891				2
2025.03.18	01:51:36.081	1.29890				2
2025.03.18	01:51:36.702	1.29891				2
2025.03.18	01:51:38.537		1.29897			4
2025.03.18	01:51:39.452	1.29890	1.29896			6
2025.03.18	01:51:39.755	1.29891	1.29897			6
2025.03.18	01:51:41.290	1.29890	1.29896			6
2025.03.18	01:51:41.599	1.29891	1.29897			6
2025.03.18	01:51:42.515		1.29896			4
2025.03.18	01:51:44.977		1.29897			4
2025.03.18	01:51:45.282		1.29896			4
2025.03.18	01:51:45.587		1.29897			4
2025.03.18	01:51:47.131	1.29892				2
2025.03.18	01:51:56.904	1.29894	1.29898			6
2025.03.18	01:51:57.206		1.29899			4
2025.03.18	01:51:57.519	1.29893	1.29898			6
2025.03.18	01:51:57.822	1.29894	1.29899			6
2025.03.18	01:51:58.126	1.29893	1.29898			6
2025.03.18	01:51:59.964	1.29892	1.29897			6
2025.03.18	01:52:00.274	1.29892				2
2025.03.18	01:52:09.182		1.29896			4
2025.03.18	01:52:17.425	1.29895				2
2025.03.18	01:52:18.338	1.29892				2
2025.03.18	01:52:19.259	1.29895				2
2025.03.18	01:52:19.562	1.29892				2
2025.03.18	01:52:19.868	1.29895				2
2025.03.18	01:52:20.178	1.29892				2
2025.03.18	01:52:20.796	1.29895				2
2025.03.18	01:52:21.102	1.29892				2
2025.03.18	01:52:28.128	1.29893				2
2025.03.18	01:52:54.417	1.29892	1.29895			6
2025.03.18	01:52:55.338	1.29893	1.29896			6
2025.03.18	01:53:00.231	1.29893				2
2025.03.18	01:53:06.992	1.29895	1.29898			6
2025.03.18	01:53:07.905	1.29894	1.29897			6
2025.03.18	01:53:08.210	1.29895	1.29898			6
2025.03.18	01:53:10.051	1.29894	1.29897			6
2025.03.18	01:53:35.982	1.29893	1.29896			6
2025.03.18	01:53:44.532	1.29892	1.29895			6
2025.03.18	01:53:44.834	1.29893	1.29896			6
2025.03.18	01:53:46.370	1.29896	1.29899			6
2025.03.18	01:53:47.295	1.29893	1.29896			6
2025.03.18	01:53:48.213	1.29892	1.29897			6
2025.03.18	01:53:57.117		1.29896			4
2025.03.18	01:54:00.178	1.29892				2
2025.03.18	01:54:14.278	1.29893				2
2025.03.18	01:54:14.588	1.29892	1.29895			6
2025.03.18	01:55:00.044	1.29892				2
2025.03.18	01:55:14.837		1.29895			4
2025.03.18	01:55:23.490	1.29893	1.29896			6
2025.03.18	01:55:25.952	1.29892	1.29895			6
2025.03.18	01:55:43.530	1.29893	1.29896			6
2025.03.18	01:55:55.201	1.29892	1.29895			6
2025.03.18	01:56:00.103	1.29892				2
2025.03.18	01:56:00.414	1.29893	1.29896			6
2025.03.18	01:56:01.347	1.29892	1.29895			6
2025.03.18	01:56:05.683	1.29893	1.29896			6
2025.03.18	01:56:09.072		1.29895			4
2025.03.18	01:56:09.384	1.29891	1.29892			6
2025.03.18	01:56:31.861	1.29889	1.29891			6
2025.03.18	01:56:32.166	1.29891	1.29892			6
2025.03.18	01:56:39.564	1.29889	1.29891			6
2025.03.18	01:56:40.787	1.29891	1.29892			6
2025.03.18	01:56:42.323	1.29883	1.29887			6
2025.03.18	01:56:43.236	1.29882	1.29888			6
2025.03.18	01:56:43.849	1.29883				2
2025.03.18	01:56:45.074	1.29882				2
2025.03.18	01:56:45.381	1.29879	1.29883			6
2025.03.18	01:56:46.300	1.29876	1.29881			6
2025.03.18	01:56:46.605	1.29874	1.29879			6
2025.03.18	01:56:46.914	1.29873				2
2025.03.18	01:56:47.216	1.29875	1.29880			6
2025.03.18	01:56:47.521	1.29876	1.29882			6
2025.03.18	01:56:48.133	1.29875	1.29881			6
2025.03.18	01:56:48.439	1.29874				2
2025.03.18	01:56:49.970		1.29880			4
2025.03.18	01:56:51.807		1.29881			4
2025.03.18	01:56:52.111		1.29880			4
2025.03.18	01:56:53.655	1.29873				2
2025.03.18	01:56:55.497	1.29874	1.29881			6
2025.03.18	01:56:56.728	1.29873	1.29880			6
2025.03.18	01:56:58.866	1.29874	1.29881			6
2025.03.18	01:56:59.489	1.29873	1.29880			6
2025.03.18	01:57:00.101	1.29873				2
2025.03.18	01:57:01.632	1.29874	1.29881			6
2025.03.18	01:57:08.681	1.29873	1.29880			6
2025.03.18	01:57:08.987	1.29874	1.29881			6
2025.03.18	01:57:09.603	1.29873	1.29880			6
2025.03.18	01:57:09.916	1.29874	1.29881			6
2025.03.18	01:57:10.224	1.29873	1.29880			6
2025.03.18	01:57:10.529	1.29874	1.29881			6
2025.03.18	01:57:10.842	1.29873	1.29880			6
2025.03.18	01:57:11.458	1.29874	1.29881			6
2025.03.18	01:57:11.769	1.29873	1.29880			6
2025.03.18	01:57:13.617	1.29874				2
2025.03.18	01:57:14.241	1.29873	1.29879			6
2025.03.18	01:57:14.551		1.29880			4
2025.03.18	01:57:15.173	1.29874				2
2025.03.18	01:57:15.478		1.29881			4
2025.03.18	01:57:16.410		1.29880			4
2025.03.18	01:57:17.640	1.29879	1.29886			6
2025.03.18	01:57:17.946	1.29878	1.29885			6
2025.03.18	01:57:21.036	1.29875	1.29882			6
2025.03.18	01:57:21.338		1.29881			4
2025.03.18	01:57:22.883		1.29882			4
2025.03.18	01:57:23.496	1.29874	1.29881			6
2025.03.18	01:57:25.651	1.29875				2
2025.03.18	01:57:26.276	1.29876				2
2025.03.18	01:57:26.587	1.29875				2
2025.03.18	01:57:36.776		1.29880			4
2025.03.18	01:57:38.319		1.29881			4
2025.03.18	01:57:42.638	1.29874	1.29880			6
2025.03.18	01:57:46.344	1.29876				2
2025.03.18	01:57:46.649	1.29878	1.29885			6
2025.03.18	01:57:46.969		1.29884			4
2025.03.18	01:57:48.807		1.29885			4
2025.03.18	01:57:50.362	1.29875	1.29882			6
2025.03.18	01:57:50.675		1.29880			4
2025.03.18	01:57:53.452		1.29881			4
2025.03.18	01:57:54.993	1.29876				2
2025.03.18	01:57:56.230		1.29882			4
2025.03.18	01:57:57.149	1.29875				2
2025.03.18	01:57:59.313		1.29881			4
2025.03.18	01:58:00.235	1.29875				2
2025.03.18	01:58:06.131		1.29882			4
2025.03.18	01:58:12.285		1.29881			4
2025.03.18	01:58:12.907	1.29880	1.29887			6
2025.03.18	01:58:13.218	1.29879	1.29886			6
2025.03.18	01:58:14.146	1.29880	1.29887			6
2025.03.18	01:58:15.985	1.29879	1.29886			6
2025.03.18	01:58:22.476		1.29885			4
2025.03.18	01:58:22.779	1.29878				2
2025.03.18	01:58:25.251	1.29879				2
2025.03.18	01:58:25.864		1.29886			4
2025.03.18	01:58:26.177	1.29880	1.29887			6
2025.03.18	01:58:30.803	1.29879	1.29886			6
2025.03.18	01:58:31.109	1.29880				2
2025.03.18	01:58:32.045		1.29887			4
2025.03.18	01:58:36.659	1.29879	1.29886			6
2025.03.18	01:58:37.902	1.29880				2
2025.03.18	01:58:42.218	1.29879				2
2025.03.18	01:58:42.526	1.29880	1.29887			6
2025.03.18	01:58:42.835	1.29879	1.29886			6
2025.03.18	01:58:43.145	1.29878	1.29885			6
2025.03.18	01:58:46.842	1.29879	1.29886			6
2025.03.18	01:58:49.001	1.29878	1.29885			6
2025.03.18	01:58:49.309	1.29879	1.29886			6
2025.03.18	01:58:52.708	1.29878	1.29885			6
2025.03.18	01:58:57.630	1.29879	1.29886			6
2025.03.18	01:59:00.103	1.29879				2
2025.03.18	01:59:05.652	1.29878	1.29885			6
2025.03.18	01:59:07.824	1.29879	1.29886			6
2025.03.18	01:59:08.744	1.29878	1.29885			6
2025.03.18	01:59:09.049	1.29879	1.29886			6
2025.03.18	01:59:11.836	1.29878	1.29884			6
2025.03.18	01:59:13.382	1.29880	1.29887			6
2025.03.18	01:59:13.693	1.29881	1.29888			6
2025.03.18	01:59:14.005	1.29879	1.29886			6
2025.03.18	01:59:14.933	1.29880	1.29887			6
2025.03.18	01:59:16.789	1.29879	1.29886			6
2025.03.18	01:59:18.026		1.29885			4
2025.03.18	01:59:20.184		1.29886			4
2025.03.18	01:59:20.491		1.29885			4
2025.03.18	01:59:22.654		1.29886			4
2025.03.18	01:59:23.887	1.29878	1.29884			6
2025.03.18	01:59:27.294		1.29883			4
2025.03.18	01:59:27.608	1.29883	1.29884			6
2025.03.18	01:59:27.919	1.29878	1.29883			6
2025.03.18	01:59:28.228	1.29883	1.29884			6
2025.03.18	01:59:28.532	1.29878	1.29883			6
2025.03.18	01:59:28.840	1.29883	1.29884			6
2025.03.18	01:59:29.148	1.29878	1.29883			6
2025.03.18	01:59:29.462	1.29883	1.29884			6
2025.03.18	01:59:29.768	1.29878	1.29883			6
2025.03.18	01:59:30.081	1.29883	1.29884			6
2025.03.18	01:59:30.385	1.29878	1.29883			6
2025.03.18	01:59:30.696	1.29883	1.29884			6
2025.03.18	01:59:31.004	1.29878				2
2025.03.18	01:59:38.709	1.29879	1.29885			6
2025.03.18	01:59:40.564	1.29878	1.29884			6
2025.03.18	01:59:40.870	1.29879	1.29885			6
2025.03.18	01:59:42.422	1.29878	1.29884			6
2025.03.18	01:59:43.345	1.29879	1.29885			6
2025.03.18	01:59:44.272	1.29878	1.29884			6
2025.03.18	01:59:48.292		1.29883			4
2025.03.18	01:59:54.149	1.29874	1.29879			6
2025.03.18	01:59:55.381		1.29880			4
2025.03.18	01:59:58.161		1.29879			4
2025.03.18	02:00:00.024	1.29874				2
2025.03.18	02:00:02.510		1.29880			4
2025.03.18	02:00:04.352	1.29875	1.29881			6
2025.03.18	02:00:04.659	1.29884	1.29890			6
2025.03.18	02:00:04.968		1.29889			4
2025.03.18	02:00:05.277		1.29890			4
2025.03.18	02:00:06.196		1.29891			4
2025.03.18	02:00:09.289	1.29885	1.29892			6
2025.03.18	02:00:09.594	1.29884	1.29891			6
2025.03.18	02:00:12.677	1.29885	1.29892			6
2025.03.18	02:00:12.986	1.29884	1.29891			6
2025.03.18	02:00:13.299	1.29886	1.29893			6
2025.03.18	02:00:13.602	1.29885	1.29892			6
2025.03.18	02:00:14.541	1.29887				2
2025.03.18	02:00:17.008		1.29893			4
2025.03.18	02:00:17.929		1.29892			4
2025.03.18	02:00:20.083		1.29893			4
2025.03.18	02:00:20.393		1.29892			4
2025.03.18	02:00:21.317		1.29893			4
2025.03.18	02:00:23.175		1.29892			4
2025.03.18	02:00:23.491		1.29893			4
2025.03.18	02:00:23.802		1.29892			4
2025.03.18	02:00:29.665		1.29893			4
2025.03.18	02:00:30.577		1.29892			4
2025.03.18	02:00:31.822		1.29893			4
2025.03.18	02:00:32.745		1.29892			4
2025.03.18	02:00:34.593		1.29893			4
2025.03.18	02:00:34.899		1.29892			4
2025.03.18	02:00:37.371		1.29891			4
2025.03.18	02:00:53.160		1.29892			4
2025.03.18	02:00:54.385	1.29888				2
2025.03.18	02:00:54.687	1.29886	1.29891			6
2025.03.18	02:01:00.237	1.29886	1.29892			6
2025.03.18	02:01:01.476		1.29890			4
2025.03.18	02:01:02.395		1.29891			4
2025.03.18	02:01:04.553		1.29890			4
2025.03.18	02:01:07.043		1.29891			4
2025.03.18	02:01:07.355		1.29890			4
2025.03.18	02:01:12.293	1.29879	1.29883			6
2025.03.18	02:01:12.601	1.29877	1.29882			6
2025.03.18	02:01:14.765		1.29883			4
2025.03.18	02:01:15.387		1.29882			4
2025.03.18	02:01:16.303		1.29883			4
2025.03.18	02:01:18.152	1.29876	1.29882			6
2025.03.18	02:01:20.306	1.29878	1.29883			6
2025.03.18	02:01:28.952	1.29877				2
2025.03.18	02:01:36.370	1.29878				2
2025.03.18	02:01:36.671	1.29877	1.29882			6
2025.03.18	02:01:37.917		1.29883			4
2025.03.18	02:02:00.236	1.29878				2
2025.03.18	02:02:00.544		1.29882			4
2025.03.18	02:02:00.857		1.29883			4
2025.03.18	02:02:02.408	1.29877				2
2025.03.18	02:02:03.646	1.29878				2
2025.03.18	02:02:07.662	1.29877	1.29882			6
2025.03.18	02:02:07.970		1.29883			4
2025.03.18	02:02:12.292		1.29882			4
2025.03.18	02:02:12.600		1.29883			4
2025.03.18	02:02:13.527	1.29878				2
2025.03.18	02:02:15.390	1.29877				2
2025.03.18	02:02:16.316	1.29878				2
2025.03.18	02:02:20.647	1.29877	1.29882			6
2025.03.18	02:02:27.067		1.29881			4
2025.03.18	02:02:27.681		1.29882			4
2025.03.18	02:02:43.358		1.29881			4
2025.03.18	02:02:45.501	1.29875	1.29879			6
2025.03.18	02:02:53.745	1.29876	1.29880			6
2025.03.18	02:02:54.357	1.29875	1.29879			6
2025.03.18	02:02:54.965	1.29876	1.29880			6
2025.03.18	02:02:57.399	1.29877	1.29881			6
2025.03.18	02:03:00.141	1.29877				2
2025.03.18	02:03:07.447	1.29878	1.29882			6
2025.03.18	02:03:19.362	1.29879				2
2025.03.18	02:03:20.883	1.29878	1.29881			6
2025.03.18	02:03:51.765	1.29876	1.29879			6
2025.03.18	02:03:52.070	1.29875	1.29878			6
2025.03.18	02:04:00.002	1.29875				2
2025.03.18	02:04:03.980	1.29871	1.29874			6
2025.03.18	02:04:04.287		1.29875			4
2025.03.18	02:04:11.392	1.29869	1.29873			6
2025.03.18	02:04:11.709	1.29870	1.29874			6
2025.03.18	02:04:12.324	1.29871	1.29875			6
2025.03.18	02:04:16.338	1.29872				2
2025.03.18	02:04:23.651	1.29873	1.29876			6
2025.03.18	02:04:23.956	1.29876	1.29879			6
2025.03.18	02:04:37.827	1.29878	1.29882			6
2025.03.18	02:04:40.296	1.29877	1.29881			6
2025.03.18	02:04:46.790	1.29878				2
2025.03.18	02:04:50.806		1.29882			4
2025.03.18	02:04:52.664	1.29877	1.29881			6
2025.03.18	02:05:00.059	1.29877				2
2025.03.18	02:05:00.363	1.29878	1.29882			6
2025.03.18	02:05:01.289	1.29879				2
2025.03.18	02:05:07.072	1.29878	1.29881			6
2025.03.18	02:05:47.630	1.29873	1.29874			6
2025.03.18	02:05:47.932	1.29871	1.29873			6
2025.03.18	02:05:49.158	1.29870				2
2025.03.18	02:05:52.865	1.29869				2
2025.03.18	02:05:56.567	1.29867	1.29872			6
2025.03.18	02:05:57.493	1.29868	1.29873			6
2025.03.18	02:06:00.267	1.29868				2
2025.03.18	02:06:01.811	1.29866	1.29871			6
2025.03.18	02:06:02.127		1.29872			4
2025.03.18	02:06:02.430		1.29871			4
2025.03.18	02:06:12.315	1.29867				2
2025.03.18	02:06:14.158	1.29872	1.29876			6
2025.03.18	02:06:14.465		1.29877			4
2025.03.18	02:06:15.396		1.29878			4
2025.03.18	02:06:20.039		1.29877			4
2025.03.18	02:06:25.292		1.29876			4
2025.03.18	02:06:54.302		1.29875			4
2025.03.18	02:07:00.122	1.29872				2
2025.03.18	02:07:00.428		1.29874			4
2025.03.18	02:07:00.731		1.29875			4
2025.03.18	02:07:01.660	1.29869	1.29873			6
2025.03.18	02:07:01.967		1.29872			4
2025.03.18	02:07:02.273	1.29866	1.29870			6
2025.03.18	02:07:03.192		1.29871			4
2025.03.18	02:07:03.803	1.29868	1.29873			6
2025.03.18	02:07:04.113	1.29870	1.29875			6
2025.03.18	02:07:04.427	1.29871	1.29876			6
2025.03.18	02:07:05.662	1.29870				2
2025.03.18	02:07:06.591	1.29871	1.29877			6
2025.03.18	02:07:11.527		1.29874			4
2025.03.18	02:07:16.158		1.29875			4
2025.03.18	02:07:16.770		1.29874			4
2025.03.18	02:07:26.333	1.29867	1.29869			6
2025.03.18	02:07:53.149	1.29868	1.29870			6
2025.03.18	02:08:00.225	1.29868				2
2025.03.18	02:08:03.291	1.29867				2
2025.03.18	02:08:17.131	1.29868				2
2025.03.18	02:08:17.432	1.29867				2
2025.03.18	02:08:18.354	1.29868				2
2025.03.18	02:08:19.587	1.29867	1.29869			6
2025.03.18	02:08:19.888	1.29868				2
2025.03.18	02:08:21.445	1.29867				2
2025.03.18	02:08:22.680	1.29868				2
2025.03.18	02:08:23.607	1.29867				2
2025.03.18	02:08:24.838	1.29866				2
2025.03.18	02:08:29.448	1.29865	1.29866			6
2025.03.18	02:08:32.501	1.29866	1.29869			6
2025.03.18	02:08:49.292	1.29867				2
2025.03.18	02:08:52.645		1.29870			4
2025.03.18	02:09:00.295	1.29867	1.29869			6
2025.03.18	02:09:09.184	1.29866				2
2025.03.18	02:09:14.688	1.29867				2
2025.03.18	02:09:14.992	1.29866				2
2025.03.18	02:09:17.133	1.29865	1.29866			6
2025.03.18	02:09:27.829	1.29866	1.29869			6
2025.03.18	02:09:28.133	1.29865	1.29868			6
2025.03.18	02:09:28.440		1.29866			4
2025.03.18	02:09:35.783	1.29867	1.29869			6
2025.03.18	02:09:37.600	1.29866				2
2025.03.18	02:09:37.903	1.29867				2
2025.03.18	02:09:38.206	1.29866				2
2025.03.18	02:09:39.745	1.29867				2
2025.03.18	02:09:40.663	1.29866				2
2025.03.18	02:09:40.972	1.29867				2
2025.03.18	02:09:42.202	1.29866				2
2025.03.18	02:09:44.339	1.29867				2
2025.03.18	02:09:46.173	1.29866				2
2025.03.18	02:09:46.474	1.29867				2
2025.03.18	02:09:50.141	1.29866				2
2025.03.18	02:09:55.024	1.29867				2
2025.03.18	02:09:58.109	1.29868				2
2025.03.18	02:09:58.416	1.29867				2
2025.03.18	02:09:58.725	1.29868				2
2025.03.18	02:09:59.026	1.29867				2
2025.03.18	02:10:00.266	1.29867				2
2025.03.18	02:10:02.126	1.29868				2
2025.03.18	02:10:04.598	1.29867				2
2025.03.18	02:10:04.906	1.29868				2
2025.03.18	02:10:12.325	1.29867				2
2025.03.18	02:10:13.864	1.29868				2
2025.03.18	02:10:21.586	1.29867				2
2025.03.18	02:10:22.196	1.29868				2
2025.03.18	02:10:23.433	1.29866				2
2025.03.18	02:10:25.608	1.29867				2
2025.03.18	02:10:27.150	1.29866				2
2025.03.18	02:10:30.554	1.29867				2
2025.03.18	02:10:30.862	1.29866				2
2025.03.18	02:10:35.798		1.29869			4
2025.03.18	02:10:36.105	1.29867	1.29870			6
2025.03.18	02:10:36.722		1.29869			4
2025.03.18	02:11:00.189	1.29866				2
2025.03.18	02:11:20.871	1.29867	1.29870			6
2025.03.18	02:11:21.180		1.29869			4
2025.03.18	02:11:23.032		1.29870			4
2025.03.18	02:11:23.955		1.29869			4
2025.03.18	02:12:00.031	1.29867				2
2025.03.18	02:12:06.820		1.29870			4
2025.03.18	02:12:07.125		1.29869			4
2025.03.18	02:12:16.078		1.29868			4
2025.03.18	02:12:28.746	1.29871	1.29872			6
2025.03.18	02:12:30.911	1.29869	1.29870			6
2025.03.18	02:12:46.652	1.29868	1.29869			6
2025.03.18	02:12:48.203	1.29869	1.29870			6
2025.03.18	02:12:52.212	1.29868	1.29869			6
2025.03.18	02:12:53.141	1.29867	1.29868			6
2025.03.18	02:13:00.256	1.29867				2
2025.03.18	02:13:25.587	1.29865				2
2025.03.18	02:13:26.508		1.29866			4
2025.03.18	02:13:33.001	1.29866	1.29867			6
2025.03.18	02:13:41.062	1.29867	1.29868			6
2025.03.18	02:13:58.646	1.29866	1.29867			6
2025.03.18	02:14:00.188	1.29866				2
2025.03.18	02:14:07.291	1.29860	1.29861			6
2025.03.18	02:14:07.603	1.29859	1.29860			6
2025.03.18	02:14:08.217		1.29861			4
2025.03.18	02:14:08.527		1.29860			4
2025.03.18	02:14:22.708	1.29857				2
2025.03.18	02:14:31.969	1.29849	1.29851			6
2025.03.18	02:14:32.591	1.29852	1.29855			6
2025.03.18	02:14:32.899		1.29854			4
2025.03.18	02:14:34.133		1.29855			4
2025.03.18	02:14:34.440		1.29854			4
2025.03.18	02:14:37.515		1.29855			4
2025.03.18	02:14:39.048		1.29854			4
2025.03.18	02:14:39.356		1.29855			4
2025.03.18	02:14:39.664		1.29856			4
2025.03.18	02:14:46.744		1.29855			4
2025.03.18	02:14:52.606		1.29856			4
2025.03.18	02:14:53.842		1.29855			4
2025.03.18	02:15:00.011	1.29852				2
2025.03.18	02:15:04.318		1.29854			4
2025.03.18	02:15:04.629		1.29855			4
2025.03.18	02:15:06.787	1.29851	1.29854			6
2025.03.18	02:15:13.579	1.29848	1.29851			6
2025.03.18	02:15:13.884	1.29849				2
2025.03.18	02:15:14.192	1.29851	1.29854			6
2025.03.18	02:15:16.660		1.29855			4
2025.03.18	02:15:17.578		1.29854			4
2025.03.18	02:15:18.193		1.29855			4
2025.03.18	02:15:18.503		1.29854			4
2025.03.18	02:15:19.734		1.29855			4
2025.03.18	02:15:21.279		1.29854			4
2025.03.18	02:15:22.203		1.29855			4
2025.03.18	02:15:22.510		1.29854			4
2025.03.18	02:15:23.431	1.29852	1.29855			6
2025.03.18	02:15:25.907		1.29854			4
2025.03.18	02:15:26.218		1.29855			4
2025.03.18	02:15:27.768		1.29854			4
2025.03.18	02:15:29.612		1.29855			4
2025.03.18	02:15:34.843		1.29854			4
2025.03.18	02:15:37.307	1.29856	1.29860			6
2025.03.18	02:15:38.234		1.29859			4
2025.03.18	02:15:41.619		1.29860			4
2025.03.18	02:15:53.952	1.29857	1.29861			6
2025.03.18	02:15:58.894	1.29858				2
2025.03.18	02:16:00.129	1.29858				2
2025.03.18	02:16:04.137		1.29862			4
2025.03.18	02:16:05.371		1.29861			4
2025.03.18	02:16:09.685		1.29862			4
2025.03.18	02:16:10.298	1.29860	1.29864			6
2025.03.18	02:16:12.153		1.29863			4
2025.03.18	02:16:14.004		1.29864			4
2025.03.18	02:16:19.216	1.29859	1.29862			6
2025.03.18	02:16:19.527		1.29861			4
2025.03.18	02:16:20.766	1.29857	1.29860			6
2025.03.18	02:16:21.075		1.29859			4
2025.03.18	02:16:21.692		1.29860			4
2025.03.18	02:16:27.860	1.29861	1.29863			6
2025.03.18	02:16:30.023		1.29864			4
2025.03.18	02:16:32.489		1.29863			4
2025.03.18	02:16:32.793		1.29864			4
2025.03.18	02:16:36.191		1.29863			4
2025.03.18	02:16:40.212		1.29864			4
2025.03.18	02:16:47.924		1.29863			4
2025.03.18	02:16:55.282	1.29863	1.29864			6
2025.03.18	02:16:56.518	1.29861	1.29862			6
2025.03.18	02:16:56.821	1.29863	1.29864			6
2025.03.18	02:16:57.127	1.29861	1.29862			6
2025.03.18	02:16:57.432	1.29863	1.29864			6
2025.03.18	02:16:57.745	1.29861	1.29862			6
2025.03.18	02:16:58.050	1.29863	1.29864			6
2025.03.18	02:16:58.971	1.29861	1.29862			6
2025.03.18	02:17:00.193	1.29861				2
2025.03.18	02:17:05.091		1.29863			4
2025.03.18	02:17:07.857		1.29862			4
2025.03.18	02:17:08.163		1.29863			4
2025.03.18	02:17:10.618		1.29864			4
2025.03.18	02:17:20.732	1.29862				2
2025.03.18	02:17:21.042		1.29865			4
2025.03.18	02:17:29.885	1.29863	1.29866			6
2025.03.18	02:17:30.498		1.29867			4
2025.03.18	02:17:34.169	1.29864	1.29868			6
2025.03.18	02:17:34.475	1.29866	1.29869			6
2025.03.18	02:17:38.169		1.29868			4
2025.03.18	02:17:41.576		1.29869			4
2025.03.18	02:17:52.079		1.29868			4
2025.03.18	02:17:52.397		1.29869			4
2025.03.18	02:17:52.704		1.29868			4
2025.03.18	02:17:53.010		1.29869			4
2025.03.18	02:17:54.247		1.29868			4
2025.03.18	02:17:57.290		1.29867			4
2025.03.18	02:17:57.913		1.29868			4
2025.03.18	02:18:00.043	1.29866				2
2025.03.18	02:18:02.480	1.29864	1.29867			6
2025.03.18	02:18:03.690		1.29868			4
2025.03.18	02:18:03.994		1.29867			4
2025.03.18	02:18:04.905		1.29868			4
2025.03.18	02:18:06.117		1.29867			4
2025.03.18	02:18:08.265		1.29868			4
2025.03.18	02:18:08.876		1.29867			4
2025.03.18	02:18:14.086		1.29868			4
2025.03.18	02:18:14.391		1.29867			4
2025.03.18	02:18:20.489	1.29865	1.29868			6
2025.03.18	02:18:21.414		1.29867			4
2025.03.18	02:18:21.716		1.29868			4
2025.03.18	02:18:24.162		1.29867			4
2025.03.18	02:18:26.309		1.29868			4
2025.03.18	02:18:26.920		1.29867			4
2025.03.18	02:18:28.751		1.29868			4
2025.03.18	02:18:30.575		1.29867			4
2025.03.18	02:18:30.882		1.29868			4
2025.03.18	02:18:31.493		1.29867			4
2025.03.18	02:18:31.801		1.29868			4
2025.03.18	02:18:33.034		1.29867			4
2025.03.18	02:18:34.274		1.29868			4
2025.03.18	02:18:34.583		1.29867			4
2025.03.18	02:18:35.509		1.29868			4
2025.03.18	02:18:36.741		1.29867			4
2025.03.18	02:18:37.666		1.29868			4
2025.03.18	02:18:39.516		1.29867			4
2025.03.18	02:18:39.831		1.29868			4
2025.03.18	02:18:40.754		1.29867			4
2025.03.18	02:18:46.606	1.29868	1.29869			6
2025.03.18	02:18:49.700	1.29867	1.29868			6
2025.03.18	02:19:00.212	1.29865				2
2025.03.18	02:19:00.526		1.29867			4
2025.03.18	02:19:02.071	1.29866	1.29868			6
2025.03.18	02:19:03.928		1.29867			4
2025.03.18	02:19:05.474		1.29868			4
2025.03.18	02:19:05.775		1.29867			4
2025.03.18	02:19:06.395		1.29868			4
2025.03.18	02:19:07.317	1.29865	1.29866			6
2025.03.18	02:19:08.554		1.29867			4
2025.03.18	02:19:11.322		1.29868			4
2025.03.18	02:19:11.630		1.29867			4
2025.03.18	02:19:12.246		1.29868			4
2025.03.18	02:19:14.719		1.29867			4
2025.03.18	02:19:17.493		1.29868			4
2025.03.18	02:19:18.420		1.29867			4
2025.03.18	02:19:19.340		1.29868			4
2025.03.18	02:19:20.268		1.29867			4
2025.03.18	02:19:24.868		1.29868			4
2025.03.18	02:19:26.089		1.29867			4
2025.03.18	02:19:27.315		1.29868			4
2025.03.18	02:19:43.845		1.29867			4
2025.03.18	02:19:53.947		1.29866			4
2025.03.18	02:19:54.249		1.29867			4
2025.03.18	02:19:55.479		1.29866			4
2025.03.18	02:19:55.787		1.29867			4
2025.03.18	02:19:58.255		1.29868			4
2025.03.18	02:19:58.558		1.29867			4
2025.03.18	02:19:59.482		1.29868			4
2025.03.18	02:20:00.098	1.29865				2
2025.03.18	02:20:00.416		1.29867			4
2025.03.18	02:20:01.031		1.29868			4
2025.03.18	02:20:01.648		1.29867			4
2025.03.18	02:20:02.883		1.29866			4
2025.03.18	02:20:08.439		1.29867			4
2025.03.18	02:20:11.219		1.29866			4
2025.03.18	02:20:11.829		1.29867			4
2025.03.18	02:20:13.074		1.29866			4
2025.03.18	02:20:13.383		1.29867			4
2025.03.18	02:20:21.995	1.29862	1.29863			6
2025.03.18	02:20:31.221		1.29864			4
2025.03.18	02:20:42.009		1.29863			4
2025.03.18	02:20:42.319		1.29864			4
2025.03.18	02:21:00.244	1.29862				2
2025.03.18	02:21:00.554		1.29863			4
2025.03.18	02:21:01.482		1.29864			4
2025.03.18	02:21:06.740	1.29858	1.29859			6
2025.03.18	02:21:21.311		1.29860			4
2025.03.18	02:21:21.619	1.29860	1.29863			6
2025.03.18	02:21:21.928	1.29861				2
2025.03.18	02:21:22.231		1.29864			4
2025.03.18	02:21:23.467		1.29863			4
2025.03.18	02:21:26.237		1.29862			4
2025.03.18	02:21:26.546	1.29859	1.29861			6
2025.03.18	02:21:41.365	1.29860	1.29862			6
2025.03.18	02:21:58.047		1.29863			4
2025.03.18	02:21:58.664		1.29862			4
2025.03.18	02:21:58.976		1.29863			4
2025.03.18	02:21:59.586		1.29862			4
2025.03.18	02:22:00.208	1.29860				2
2025.03.18	02:22:00.517		1.29863			4
2025.03.18	02:22:00.831		1.29862			4
2025.03.18	02:22:04.533	1.29862	1.29863			6
2025.03.18	02:22:29.878		1.29864			4
2025.03.18	02:22:31.720		1.29863			4
2025.03.18	02:22:39.080		1.29864			4
2025.03.18	02:22:39.389		1.29863			4
2025.03.18	02:22:41.846		1.29864			4
2025.03.18	02:22:42.153		1.29863			4
2025.03.18	02:22:44.297		1.29864			4
2025.03.18	02:22:44.605		1.29863			4
2025.03.18	02:22:45.220		1.29864			4
2025.03.18	02:22:49.212		1.29863			4
2025.03.18	02:22:50.437		1.29864			4
2025.03.18	02:22:56.884		1.29863			4
2025.03.18	02:23:00.284	1.29862				2
2025.03.18	02:23:33.317		1.29864			4
2025.03.18	02:23:35.477		1.29865			4
2025.03.18	02:23:35.785	1.29863	1.29866			6
2025.03.18	02:23:36.091	1.29862	1.29864			6
2025.03.18	02:23:54.298	1.29857	1.29860			6
2025.03.18	02:23:58.940	1.29858	1.29861			6
2025.03.18	02:23:59.250		1.29862			4
2025.03.18	02:23:59.864		1.29861			4
2025.03.18	02:24:00.173	1.29858	1.29862			6
2025.03.18	02:24:02.031		1.29861			4
2025.03.18	02:24:02.339		1.29862			4
2025.03.18	02:24:02.953		1.29861			4
2025.03.18	02:24:05.427		1.29862			4
2025.03.18	02:24:06.042		1.29861			4
2025.03.18	02:24:06.353		1.29862			4
2025.03.18	02:24:07.274		1.29861			4
2025.03.18	02:24:09.136	1.29857	1.29860			6
2025.03.18	02:24:50.161	1.29856	1.29858			6
2025.03.18	02:24:50.464		1.29859			4
2025.03.18	02:24:56.914		1.29858			4
2025.03.18	02:24:57.219	1.29858	1.29859			6
2025.03.18	02:24:57.532	1.29856	1.29858			6
2025.03.18	02:24:57.835	1.29859	1.29860			6
2025.03.18	02:24:58.141	1.29856	1.29859			6
2025.03.18	02:24:59.056	1.29859	1.29860			6
2025.03.18	02:24:59.674	1.29856	1.29859			6
2025.03.18	02:24:59.980	1.29859	1.29860			6
2025.03.18	02:25:00.287	1.29856	1.29859			6
2025.03.18	02:25:00.591	1.29859	1.29860			6
2025.03.18	02:25:00.900	1.29857	1.29859			6
2025.03.18	02:25:05.512	1.29856				2
2025.03.18	02:25:10.724	1.29857				2
2025.03.18	02:25:11.034	1.29858	1.29861			6
2025.03.18	02:25:11.340	1.29859	1.29862			6
2025.03.18	02:25:26.971	1.29860				2
2025.03.18	02:25:27.275	1.29861	1.29864			6
2025.03.18	02:25:28.196	1.29860				2
2025.03.18	02:25:28.505	1.29862	1.29865			6
2025.03.18	02:25:54.284		1.29864			4
2025.03.18	02:25:55.207		1.29865			4
2025.03.18	02:25:57.054		1.29864			4
2025.03.18	02:25:57.668		1.29865			4
2025.03.18	02:26:00.117	1.29862				2
2025.03.18	02:26:13.926	1.29863	1.29866			6
2025.03.18	02:26:30.799	1.29864	1.29867			6
2025.03.18	02:26:31.107	1.29863	1.29866			6
2025.03.18	02:26:37.578	1.29864	1.29867			6
2025.03.18	02:26:37.891	1.29863	1.29866			6
2025.03.18	02:26:43.134	1.29864	1.29867			6
2025.03.18	02:26:52.093	1.29863	1.29866			6
2025.03.18	02:26:52.704	1.29864	1.29867			6
2025.03.18	02:27:00.063	1.29864				2
2025.03.18	02:27:04.077	1.29863	1.29866			6
2025.03.18	02:27:19.510		1.29865			4
2025.03.18	02:27:20.443		1.29864			4
2025.03.18	02:27:25.389		1.29865			4
2025.03.18	02:27:26.002		1.29864			4
2025.03.18	02:27:30.337		1.29865			4
2025.03.18	02:27:34.348	1.29861	1.29864			6
2025.03.18	02:27:39.603	1.29860	1.29863			6
2025.03.18	02:27:42.377	1.29861	1.29864			6
2025.03.18	02:27:49.814		1.29863			4
2025.03.18	02:28:00.023	1.29861				2
2025.03.18	02:28:13.914	1.29860	1.29862			6
2025.03.18	02:28:16.075	1.29861	1.29864			6
2025.03.18	02:28:17.932		1.29862			4
2025.03.18	02:28:24.100	1.29858	1.29859			6
2025.03.18	02:28:25.035		1.29861			4
2025.03.18	02:28:25.340		1.29862			4
2025.03.18	02:28:25.959		1.29861			4
2025.03.18	02:28:26.270		1.29862			4
2025.03.18	02:28:28.430	1.29851	1.29854			6
2025.03.18	02:28:29.351		1.29855			4
2025.03.18	02:28:41.370	1.29852	1.29856			6
2025.03.18	02:28:59.891	1.29851	1.29855			6
2025.03.18	02:29:00.200	1.29851				2
2025.03.18	02:29:11.339	1.29852	1.29856			6
