<DATE>	<TIME>	<BID>	<ASK>	<LAST>	<VOLUME>	<FLAGS>
2025.05.23	00:03:31.424	1.34054	1.34224			6
2025.05.23	00:03:33.924	1.34057				2
2025.05.23	00:03:52.752	1.34062				2
2025.05.23	00:03:53.298		1.34216			4
2025.05.23	00:03:58.300	1.34054				2
2025.05.23	00:04:02.212	1.34054				2
2025.05.23	00:04:23.510	1.34062				2
2025.05.23	00:04:30.040	1.34054				2
2025.05.23	00:04:39.655	1.34057				2
2025.05.23	00:04:53.290	1.34062				2
2025.05.23	00:04:58.302		1.34216			4
2025.05.23	00:05:00.429	1.34057				2
2025.05.23	00:05:20.036	1.34054				2
2025.05.23	00:05:20.880	1.34062				2
2025.05.23	00:05:27.409	1.34054				2
2025.05.23	00:05:28.919	1.34057				2
2025.05.23	00:05:51.557	1.34062				2
2025.05.23	00:05:57.085	1.34057				2
2025.05.23	00:05:58.321		1.34216			4
2025.05.23	00:06:00.151	1.34057				2
2025.05.23	00:06:22.788	1.34062				2
2025.05.23	00:06:29.260	1.34057				2
2025.05.23	00:06:51.892	1.34058				2
2025.05.23	00:06:54.343	1.34062				2
2025.05.23	00:06:59.815	1.34058	1.34216			6
2025.05.23	00:07:00.129	1.34058				2
2025.05.23	00:07:01.046	1.34054				2
2025.05.23	00:07:19.853	1.34062				2
2025.05.23	00:07:25.483	1.34054				2
2025.05.23	00:07:29.270	1.34058				2
2025.05.23	00:07:30.189	1.34054				2
2025.05.23	00:07:36.277	1.34058				2
2025.05.23	00:07:41.512	1.34057				2
2025.05.23	00:07:45.525	1.34136				2
2025.05.23	00:07:48.266	1.34137				2
2025.05.23	00:07:51.596	1.34136				2
2025.05.23	00:07:59.833		1.34216			4
2025.05.23	00:08:00.134	1.34136				2
2025.05.23	00:08:06.557		1.34218			4
2025.05.23	00:08:06.858	1.34127				2
2025.05.23	00:08:09.222	1.34137				2
2025.05.23	00:08:14.435	1.34127				2
2025.05.23	00:08:22.735	1.34142				2
2025.05.23	00:08:28.648	1.34127				2
2025.05.23	00:08:49.694	1.34142				2
2025.05.23	00:08:55.204	1.34127				2
2025.05.23	00:08:55.762	1.34152	1.34217			6
2025.05.23	00:09:00.026	1.34152				2
2025.05.23	00:09:00.330	1.34146				2
2025.05.23	00:09:01.048	1.34152	1.34298			6
2025.05.23	00:09:01.360	1.34158				2
2025.05.23	00:09:11.777	1.34154	1.34268			6
2025.05.23	00:09:12.165	1.34164				2
2025.05.23	00:09:14.615	1.34154				2
2025.05.23	00:09:19.203	1.34169				2
2025.05.23	00:09:24.768	1.34154				2
2025.05.23	00:09:29.026	1.34181	1.34267			6
2025.05.23	00:09:38.470	1.34173	1.34263			6
2025.05.23	00:09:45.525		1.34262			4
2025.05.23	00:09:51.284	1.34172				2
2025.05.23	00:09:51.888	1.34173	1.34263			6
2025.05.23	00:10:00.130	1.34173				2
2025.05.23	00:10:02.277	1.34174	1.34264			6
2025.05.23	00:10:08.652	1.34172	1.34262			6
2025.05.23	00:10:08.963	1.34175	1.34265			6
2025.05.23	00:10:21.462	1.34164	1.34254			6
2025.05.23	00:10:23.286	1.34165	1.34255			6
2025.05.23	00:10:26.031	1.34164	1.34254			6
2025.05.23	00:10:27.251	1.34163	1.34253			6
2025.05.23	00:10:42.483	1.34164	1.34254			6
2025.05.23	00:10:53.215	1.34165	1.34238			6
2025.05.23	00:10:54.657		1.34237			4
2025.05.23	00:10:59.832	1.34166				2
2025.05.23	00:11:00.136	1.34166	1.34256			6
2025.05.23	00:11:01.061		1.34237			4
2025.05.23	00:11:05.382	1.34165				2
2025.05.23	00:11:07.490		1.34255			4
2025.05.23	00:11:08.109	1.34152	1.34236			6
2025.05.23	00:11:13.959	1.34156	1.34239			6
2025.05.23	00:11:14.267		1.34246			4
2025.05.23	00:11:15.192	1.34166	1.34239			6
2025.05.23	00:11:20.951	1.34156				2
2025.05.23	00:11:21.566		1.34246			4
2025.05.23	00:11:22.496		1.34239			4
2025.05.23	00:11:24.967	1.34152	1.34236			6
2025.05.23	00:11:28.666	1.34140				2
2025.05.23	00:11:29.585	1.34152				2
2025.05.23	00:11:41.298	1.34166				2
2025.05.23	00:11:46.852	1.34152				2
2025.05.23	00:12:00.085	1.34152				2
2025.05.23	00:12:07.467	1.34153	1.34239			6
2025.05.23	00:12:08.085	1.34152	1.34236			6
2025.05.23	00:12:12.866	1.34166				2
2025.05.23	00:12:18.751	1.34152				2
2025.05.23	00:12:44.059	1.34166				2
2025.05.23	00:12:49.314	1.34152				2
2025.05.23	00:13:01.363	1.34152				2
2025.05.23	00:13:11.356		1.34236			4
2025.05.23	00:13:14.416	1.34166				2
2025.05.23	00:13:20.371	1.34152				2
2025.05.23	00:13:30.094		1.34233			4
2025.05.23	00:13:35.632	1.34149	1.34229			6
2025.05.23	00:13:40.950		1.34222			4
2025.05.23	00:13:42.878	1.34160				2
2025.05.23	00:13:48.472	1.34149				2
2025.05.23	00:13:52.143	1.34154				2
2025.05.23	00:13:53.059	1.34149				2
2025.05.23	00:14:00.285	1.34149				2
2025.05.23	00:14:12.924	1.34160				2
2025.05.23	00:14:19.217	1.34149				2
2025.05.23	00:14:41.361		1.34222			4
2025.05.23	00:14:46.081	1.34160				2
2025.05.23	00:14:52.233	1.34149				2
2025.05.23	00:15:00.308	1.34149	1.34224			6
2025.05.23	00:15:03.254		1.34221			4
2025.05.23	00:15:19.941	1.34160				2
2025.05.23	00:16:52.482	1.34144	1.34210			6
2025.05.23	00:16:53.064	1.34151				2
2025.05.23	00:16:58.300	1.34144				2
2025.05.23	00:17:00.316	1.34144				2
2025.05.23	00:17:21.206	1.34151				2
2025.05.23	00:17:28.113	1.34144				2
2025.05.23	00:17:51.773	1.34151				2
2025.05.23	00:17:55.051		1.34210			4
2025.05.23	00:17:57.878	1.34144	1.34206			6
2025.05.23	00:18:01.358	1.34144				2
2025.05.23	00:18:20.525	1.34151				2
2025.05.23	00:18:26.136	1.34144				2
2025.05.23	00:18:47.360	1.34151				2
2025.05.23	00:18:52.877	1.34144				2
2025.05.23	00:18:58.689		1.34206			4
2025.05.23	00:19:01.359	1.34144				2
2025.05.23	00:19:02.776	1.34157	1.34260			6
2025.05.23	00:19:03.085		1.34300			4
2025.05.23	00:19:03.712		1.34295			4
2025.05.23	00:19:04.632		1.34279			4
2025.05.23	00:19:34.183	1.34176				2
2025.05.23	00:19:36.092		1.34300			4
2025.05.23	00:19:41.117		1.34279			4
2025.05.23	00:20:00.882	1.34176				2
2025.05.23	00:20:07.197	1.34158	1.34272			6
2025.05.23	00:20:38.684		1.34294			4
2025.05.23	00:20:43.900		1.34279			4
2025.05.23	00:21:01.764	1.34158				2
2025.05.23	00:21:37.064		1.34300			4
2025.05.23	00:22:00.141	1.34158				2
2025.05.23	00:22:07.839	1.34195	1.34293			6
2025.05.23	00:22:09.073	1.34175				2
2025.05.23	00:22:32.652		1.34267			4
2025.05.23	00:22:33.521	1.34174	1.34260			6
2025.05.23	00:22:34.840	1.34185				2
2025.05.23	00:22:35.147	1.34174				2
2025.05.23	00:22:39.217	1.34153	1.34254			6
2025.05.23	00:22:46.828	1.34163				2
2025.05.23	00:22:53.226	1.34153				2
2025.05.23	00:23:00.257	1.34153				2
2025.05.23	00:23:18.004	1.34163				2
2025.05.23	00:23:22.901	1.34153				2
2025.05.23	00:23:30.898	1.34160				2
2025.05.23	00:23:39.273		1.34253			4
2025.05.23	00:23:48.516	1.34169				2
2025.05.23	00:23:53.454	1.34161				2
2025.05.23	00:24:00.232	1.34161				2
2025.05.23	00:24:20.312	1.34169				2
2025.05.23	00:24:26.370	1.34161				2
2025.05.23	00:24:28.696	1.34162				2
2025.05.23	00:24:35.287	1.34171				2
2025.05.23	00:24:39.568		1.34253			4
2025.05.23	00:24:45.024		1.34252			4
2025.05.23	00:25:00.233	1.34171				2
2025.05.23	00:25:45.105		1.34252			4
2025.05.23	00:26:00.200	1.34171				2
2025.05.23	00:26:11.291		1.34251			4
2025.05.23	00:26:30.706		1.34243			4
2025.05.23	00:27:00.281	1.34171				2
2025.05.23	00:27:30.799		1.34243			4
2025.05.23	00:27:31.105		1.34242			4
2025.05.23	00:27:50.210		1.34238			4
2025.05.23	00:27:50.520	1.34162				2
2025.05.23	00:28:01.362	1.34162				2
2025.05.23	00:28:13.016	1.34171				2
2025.05.23	00:28:19.231	1.34162				2
2025.05.23	00:28:41.752	1.34171				2
2025.05.23	00:28:50.313		1.34238			4
2025.05.23	00:29:00.288	1.34171				2
2025.05.23	00:29:19.899	1.34162				2
2025.05.23	00:29:40.277	1.34163				2
2025.05.23	00:29:41.981	1.34171				2
2025.05.23	00:29:48.784	1.34163				2
2025.05.23	00:29:49.129	1.34164				2
2025.05.23	00:29:50.356		1.34238			4
2025.05.23	00:30:00.224	1.34163				2
2025.05.23	00:30:09.225	1.34171				2
2025.05.23	00:30:15.753	1.34163				2
2025.05.23	00:30:37.824	1.34171				2
2025.05.23	00:30:44.854	1.34163				2
2025.05.23	00:30:49.723	1.34176	1.34240			6
2025.05.23	00:30:53.592	1.34167	1.34236			6
2025.05.23	00:31:01.358	1.34167				2
2025.05.23	00:31:08.846	1.34172				2
2025.05.23	00:31:14.352	1.34167				2
2025.05.23	00:31:38.382	1.34172				2
2025.05.23	00:31:44.177	1.34167				2
2025.05.23	00:31:49.738	1.34169				2
2025.05.23	00:31:55.483		1.34236			4
2025.05.23	00:32:09.282	1.34169				2
2025.05.23	00:32:11.356		1.34235			4
2025.05.23	00:32:11.874	1.34172				2
2025.05.23	00:32:18.269	1.34169				2
2025.05.23	00:32:42.489	1.34172				2
2025.05.23	00:32:48.439	1.34169				2
2025.05.23	00:33:01.183	1.34169				2
2025.05.23	00:33:10.318	1.34172				2
2025.05.23	00:33:11.364		1.34235			4
2025.05.23	00:33:15.479	1.34169				2
2025.05.23	00:33:16.923		1.34231			4
2025.05.23	00:33:40.708	1.34172				2
2025.05.23	00:33:47.051	1.34169				2
2025.05.23	00:33:49.530	1.34167				2
2025.05.23	00:34:01.359	1.34167				2
2025.05.23	00:34:13.549	1.34172				2
2025.05.23	00:34:18.919	1.34167	1.34231			6
2025.05.23	00:34:34.484	1.34168				2
2025.05.23	00:34:40.627	1.34172				2
2025.05.23	00:34:46.044	1.34168				2
2025.05.23	00:34:59.637	1.34172				2
2025.05.23	00:35:00.256	1.34172				2
2025.05.23	00:35:02.402	1.34168				2
2025.05.23	00:35:08.430	1.34172				2
2025.05.23	00:35:13.365	1.34168				2
2025.05.23	00:35:19.962	1.34167	1.34231			6
2025.05.23	00:35:26.014	1.34173				2
2025.05.23	00:35:28.782	1.34167				2
2025.05.23	00:35:39.566	1.34172				2
2025.05.23	00:35:45.105	1.34167				2
2025.05.23	00:36:00.883	1.34167				2
2025.05.23	00:36:07.169	1.34165				2
2025.05.23	00:36:09.916	1.34171				2
2025.05.23	00:36:20.105		1.34231			4
2025.05.23	00:36:48.225	1.34165				2
2025.05.23	00:36:55.888	1.34169				2
2025.05.23	00:36:56.815	1.34165				2
2025.05.23	00:37:01.357	1.34165				2
2025.05.23	00:37:08.603	1.34171				2
2025.05.23	00:37:14.669	1.34165				2
2025.05.23	00:37:16.965	1.34168	1.34232			6
2025.05.23	00:37:39.028	1.34171				2
2025.05.23	00:37:45.142	1.34168				2
2025.05.23	00:38:01.357	1.34168				2
2025.05.23	00:38:10.083	1.34173				2
2025.05.23	00:38:12.541	1.34171				2
2025.05.23	00:38:15.678	1.34174				2
2025.05.23	00:38:17.215		1.34232			4
2025.05.23	00:38:20.592	1.34168				2
2025.05.23	00:38:42.583	1.34171				2
2025.05.23	00:38:47.686	1.34168				2
2025.05.23	00:39:00.283	1.34168				2
2025.05.23	00:39:12.058	1.34171				2
2025.05.23	00:39:16.949	1.34168				2
2025.05.23	00:39:17.318		1.34232			4
2025.05.23	00:39:23.317	1.34171				2
2025.05.23	00:40:00.167	1.34171				2
2025.05.23	00:40:05.714	1.34175				2
2025.05.23	00:40:17.418		1.34232			4
2025.05.23	00:40:20.805	1.34168				2
2025.05.23	00:40:40.753	1.34171				2
2025.05.23	00:40:46.687	1.34168				2
2025.05.23	00:41:02.211	1.34168				2
2025.05.23	00:41:08.380	1.34171				2
2025.05.23	00:41:13.472	1.34168				2
2025.05.23	00:41:19.483		1.34232			4
2025.05.23	00:41:38.340	1.34171				2
2025.05.23	00:41:45.275	1.34168				2
2025.05.23	00:42:01.356	1.34168				2
2025.05.23	00:42:07.485	1.34171				2
2025.05.23	00:42:13.422	1.34168				2
2025.05.23	00:42:32.211		1.34232			4
2025.05.23	00:42:39.983	1.34171				2
2025.05.23	00:42:46.631	1.34168				2
2025.05.23	00:42:54.403	1.34152	1.34223			6
2025.05.23	00:43:00.318	1.34152				2
2025.05.23	00:43:07.538	1.34168				2
2025.05.23	00:43:13.025	1.34152				2
2025.05.23	00:43:35.816	1.34168				2
2025.05.23	00:43:42.236	1.34152				2
2025.05.23	00:43:58.697		1.34223			4
2025.05.23	00:44:02.214	1.34152				2
2025.05.23	00:44:07.667	1.34168				2
2025.05.23	00:44:13.953	1.34143	1.34200			6
2025.05.23	00:44:16.235	1.34151	1.34204			6
2025.05.23	00:44:17.073		1.34206			4
2025.05.23	00:44:26.977		1.34211			4
2025.05.23	00:44:29.690	1.34155	1.34227			6
2025.05.23	00:44:38.957	1.34169				2
2025.05.23	00:44:44.726	1.34155				2
2025.05.23	00:45:02.217	1.34145	1.34235			6
2025.05.23	00:45:04.669	1.34155	1.34227			6
2025.05.23	00:45:08.583	1.34171	1.34211			6
2025.05.23	00:45:08.825	1.34185				2
2025.05.23	00:45:14.365	1.34171				2
2025.05.23	00:45:34.894	1.34185				2
2025.05.23	00:45:41.968		1.34207			4
2025.05.23	00:45:57.950	1.34181	1.34205			6
2025.05.23	00:46:00.106	1.34181				2
2025.05.23	00:46:12.955	1.34180	1.34202			6
2025.05.23	00:46:19.385	1.34176	1.34200			6
2025.05.23	00:46:32.011	1.34175	1.34252			6
2025.05.23	00:46:32.934	1.34174				2
2025.05.23	00:46:38.469	1.34173				2
2025.05.23	00:46:49.542	1.34185	1.34212			6
2025.05.23	00:47:00.284	1.34185				2
2025.05.23	00:47:02.132	1.34163	1.34221			6
2025.05.23	00:47:04.589	1.34185	1.34212			6
2025.05.23	00:47:25.420		1.34216			4
2025.05.23	00:47:49.618		1.34215			4
2025.05.23	00:48:00.028	1.34185				2
2025.05.23	00:48:49.620		1.34215			4
2025.05.23	00:48:49.932	1.34165				2
2025.05.23	00:48:58.551	1.34169				2
2025.05.23	00:49:00.087	1.34169				2
2025.05.23	00:49:15.487	1.34168				2
2025.05.23	00:49:21.328	1.34165				2
2025.05.23	00:49:29.641	1.34168				2
2025.05.23	00:49:31.179	1.34167				2
2025.05.23	00:49:45.650	1.34165				2
2025.05.23	00:49:49.649		1.34215			4
2025.05.23	00:50:00.132	1.34165				2
2025.05.23	00:50:16.442	1.34166				2
2025.05.23	00:50:21.682	1.34168				2
2025.05.23	00:50:22.608	1.34165				2
2025.05.23	00:50:24.760	1.34168				2
2025.05.23	00:50:25.070	1.34169				2
2025.05.23	00:50:38.618	1.34168				2
2025.05.23	00:50:49.692		1.34215			4
2025.05.23	00:51:00.174	1.34168				2
2025.05.23	00:51:19.863	1.34170				2
2025.05.23	00:51:25.092	1.34180				2
2025.05.23	00:51:49.730		1.34215			4
2025.05.23	00:52:00.198	1.34180				2
2025.05.23	00:52:04.205	1.34184	1.34221			6
2025.05.23	00:52:06.672	1.34180	1.34257			6
2025.05.23	00:52:21.449	1.34172				2
2025.05.23	00:52:22.064	1.34171				2
2025.05.23	00:52:42.053	1.34170				2
2025.05.23	00:53:00.099	1.34170				2
2025.05.23	00:53:06.831		1.34257			4
2025.05.23	00:53:08.969	1.34169				2
2025.05.23	00:53:09.883	1.34167				2
2025.05.23	00:53:14.487	1.34168				2
2025.05.23	00:53:31.352	1.34167				2
2025.05.23	00:54:00.216	1.34167				2
2025.05.23	00:54:06.995		1.34257			4
2025.05.23	00:54:07.300		1.34283			4
2025.05.23	00:54:10.067		1.34282			4
2025.05.23	00:54:27.925		1.34283			4
2025.05.23	00:55:00.260	1.34167				2
2025.05.23	00:55:06.730		1.34284			4
2025.05.23	00:55:35.876	1.34166				2
2025.05.23	00:56:00.104	1.34166				2
2025.05.23	00:56:01.954		1.34286			4
2025.05.23	00:56:09.039		1.34287			4
2025.05.23	00:56:10.272		1.34244			4
2025.05.23	00:56:46.925	1.34162	1.34260			6
2025.05.23	00:56:51.857	1.34163	1.34250			6
2025.05.23	00:56:52.781		1.34242			4
2025.05.23	00:56:55.545	1.34162				2
2025.05.23	00:57:00.137	1.34162				2
2025.05.23	00:57:06.562	1.34164	1.34257			6
2025.05.23	00:57:07.482	1.34163	1.34244			6
2025.05.23	00:57:09.013		1.34251			4
2025.05.23	00:57:10.542	1.34162	1.34243			6
2025.05.23	00:57:22.192	1.34164	1.34257			6
2025.05.23	00:57:22.804	1.34162	1.34245			6
2025.05.23	00:57:51.996	1.34161				2
2025.05.23	00:58:00.305	1.34161				2
2025.05.23	00:58:13.269	1.34164	1.34260			6
2025.05.23	00:58:13.883		1.34267			4
2025.05.23	00:58:14.190	1.34169				2
2025.05.23	00:58:14.503	1.34168				2
2025.05.23	00:58:17.279	1.34167				2
2025.05.23	00:58:20.051	1.34168				2
2025.05.23	00:58:28.990	1.34167				2
2025.05.23	00:58:33.905	1.34166				2
2025.05.23	00:58:36.970	1.34168				2
2025.05.23	00:58:37.278	1.34166				2
2025.05.23	00:58:38.507	1.34168				2
2025.05.23	00:58:41.870	1.34167				2
2025.05.23	00:58:50.475	1.34166				2
2025.05.23	00:58:58.485	1.34165				2
2025.05.23	00:59:00.019	1.34165				2
2025.05.23	00:59:05.264	1.34164				2
2025.05.23	00:59:06.806	1.34163				2
2025.05.23	00:59:13.284	1.34162				2
2025.05.23	00:59:13.897		1.34267			4
2025.05.23	00:59:14.207	1.34161				2
2025.05.23	00:59:20.670	1.34160				2
2025.05.23	00:59:45.050	1.34163				2
2025.05.23	00:59:55.203	1.34165				2
2025.05.23	01:00:00.124	1.34185	1.34280			6
2025.05.23	01:00:00.426	1.34192	1.34298			6
2025.05.23	01:00:00.747	1.34194	1.34300			6
2025.05.23	01:00:01.052	1.34196	1.34303			6
2025.05.23	01:00:01.355	1.34192	1.34301			6
2025.05.23	01:00:01.673	1.34185	1.34291			6
2025.05.23	01:00:01.982	1.34190	1.34300			6
2025.05.23	01:00:02.287	1.34196				2
2025.05.23	01:00:02.599		1.34306			4
2025.05.23	01:00:04.444	1.34197	1.34307			6
2025.05.23	01:00:04.753	1.34188	1.34298			6
2025.05.23	01:00:05.059	1.34199	1.34259			6
2025.05.23	01:00:06.603		1.34241			4
2025.05.23	01:00:07.523		1.34259			4
2025.05.23	01:00:13.063	1.34205	1.34230			6
2025.05.23	01:00:15.208		1.34233			4
2025.05.23	01:00:15.520	1.34221	1.34224			6
2025.05.23	01:00:16.439	1.34224	1.34225			6
2025.05.23	01:00:17.663		1.34227			4
2025.05.23	01:00:18.899		1.34232			4
2025.05.23	01:00:19.819	1.34216				2
2025.05.23	01:00:20.423		1.34231			4
2025.05.23	01:00:21.957		1.34234			4
2025.05.23	01:00:22.881	1.34219	1.34246			6
2025.05.23	01:00:23.187	1.34222	1.34250			6
2025.05.23	01:00:23.495	1.34221	1.34248			6
2025.05.23	01:00:23.799	1.34222	1.34250			6
2025.05.23	01:00:24.106	1.34212				2
2025.05.23	01:00:24.409	1.34204	1.34259			6
2025.05.23	01:00:24.710	1.34211	1.34251			6
2025.05.23	01:00:25.336	1.34212	1.34250			6
2025.05.23	01:00:30.552	1.34211	1.34251			6
2025.05.23	01:00:30.859	1.34204	1.34259			6
2025.05.23	01:00:31.162	1.34209	1.34251			6
2025.05.23	01:00:31.472	1.34212	1.34250			6
2025.05.23	01:00:32.700	1.34209	1.34251			6
2025.05.23	01:00:33.930	1.34213	1.34255			6
2025.05.23	01:00:34.234	1.34221	1.34251			6
2025.05.23	01:00:34.548	1.34220	1.34248			6
2025.05.23	01:00:36.394	1.34219	1.34247			6
2025.05.23	01:00:37.016	1.34220	1.34248			6
2025.05.23	01:00:37.322	1.34219	1.34249			6
2025.05.23	01:00:38.250	1.34204	1.34276			6
2025.05.23	01:00:38.853	1.34225	1.34255			6
2025.05.23	01:00:39.480	1.34204	1.34276			6
2025.05.23	01:00:40.090	1.34221	1.34249			6
2025.05.23	01:00:40.398	1.34204	1.34276			6
2025.05.23	01:00:40.704	1.34224	1.34252			6
2025.05.23	01:00:41.629	1.34223	1.34253			6
2025.05.23	01:00:41.930	1.34238	1.34252			6
2025.05.23	01:00:42.240	1.34240	1.34248			6
2025.05.23	01:00:47.463	1.34231	1.34242			6
2025.05.23	01:01:00.258	1.34234	1.34239			6
2025.05.23	01:01:02.401	1.34235	1.34240			6
2025.05.23	01:01:02.703	1.34236	1.34241			6
2025.05.23	01:01:03.012	1.34235	1.34240			6
2025.05.23	01:01:03.320	1.34242	1.34247			6
2025.05.23	01:01:03.633	1.34243	1.34248			6
2025.05.23	01:01:04.236	1.34244	1.34249			6
2025.05.23	01:01:04.540	1.34245	1.34250			6
2025.05.23	01:01:05.145	1.34249	1.34254			6
2025.05.23	01:01:17.716	1.34251	1.34256			6
2025.05.23	01:01:19.251	1.34249	1.34254			6
2025.05.23	01:01:24.750	1.34243	1.34248			6
2025.05.23	01:01:25.056	1.34237	1.34249			6
2025.05.23	01:01:25.367	1.34240	1.34245			6
2025.05.23	01:01:25.668	1.34242	1.34247			6
2025.05.23	01:01:25.969	1.34241	1.34246			6
2025.05.23	01:01:26.270	1.34242	1.34247			6
2025.05.23	01:01:26.575	1.34241	1.34246			6
2025.05.23	01:01:28.401	1.34242	1.34247			6
2025.05.23	01:01:29.933	1.34241	1.34246			6
2025.05.23	01:01:37.566	1.34242	1.34247			6
2025.05.23	01:01:38.491	1.34240	1.34245			6
2025.05.23	01:02:00.156	1.34240				2
2025.05.23	01:02:00.464	1.34239	1.34244			6
2025.05.23	01:02:00.776	1.34240	1.34245			6
2025.05.23	01:02:03.514	1.34235	1.34240			6
2025.05.23	01:02:14.796	1.34241	1.34246			6
2025.05.23	01:02:18.501	1.34235	1.34240			6
2025.05.23	01:02:20.340	1.34241	1.34246			6
2025.05.23	01:02:43.274	1.34242				2
2025.05.23	01:02:44.195	1.34241				2
2025.05.23	01:02:49.393	1.34235	1.34240			6
2025.05.23	01:02:49.694	1.34242	1.34243			6
2025.05.23	01:02:52.745	1.34243	1.34248			6
2025.05.23	01:02:53.356	1.34242	1.34247			6
2025.05.23	01:02:53.666	1.34243	1.34248			6
2025.05.23	01:02:54.274	1.34241	1.34246			6
2025.05.23	01:02:55.180	1.34244	1.34249			6
2025.05.23	01:02:56.099	1.34242	1.34247			6
2025.05.23	01:02:56.715	1.34244	1.34249			6
2025.05.23	01:03:00.063	1.34244				2
2025.05.23	01:03:00.671	1.34242	1.34247			6
2025.05.23	01:03:03.103	1.34244	1.34249			6
2025.05.23	01:03:04.019	1.34242	1.34247			6
2025.05.23	01:03:05.857	1.34245	1.34250			6
2025.05.23	01:03:07.703	1.34246				2
2025.05.23	01:03:09.236	1.34242	1.34247			6
2025.05.23	01:03:10.154	1.34244	1.34248			6
2025.05.23	01:03:10.762	1.34241	1.34246			6
2025.05.23	01:03:11.366	1.34244	1.34248			6
2025.05.23	01:03:19.953	1.34246	1.34250			6
2025.05.23	01:03:20.257	1.34242	1.34247			6
2025.05.23	01:03:23.636	1.34247	1.34252			6
2025.05.23	01:03:25.775	1.34242	1.34247			6
2025.05.23	01:03:31.567	1.34248	1.34251			6
2025.05.23	01:03:31.871	1.34242	1.34247			6
2025.05.23	01:03:42.289	1.34246	1.34251			6
2025.05.23	01:03:44.740	1.34245	1.34250			6
2025.05.23	01:03:50.578	1.34252	1.34254			6
2025.05.23	01:03:55.778	1.34245	1.34250			6
2025.05.23	01:04:00.039	1.34245				2
2025.05.23	01:04:06.169	1.34252	1.34254			6
2025.05.23	01:04:13.225	1.34245	1.34250			6
2025.05.23	01:04:13.533	1.34246	1.34251			6
2025.05.23	01:04:14.136	1.34251	1.34254			6
2025.05.23	01:04:17.225	1.34246	1.34251			6
2025.05.23	01:04:18.737	1.34251	1.34254			6
2025.05.23	01:04:19.047	1.34252				2
2025.05.23	01:04:30.033	1.34247	1.34252			6
2025.05.23	01:04:30.334	1.34249	1.34254			6
2025.05.23	01:04:31.253	1.34250	1.34255			6
2025.05.23	01:04:32.179	1.34249	1.34254			6
2025.05.23	01:04:33.104	1.34245	1.34250			6
2025.05.23	01:04:34.330	1.34249	1.34254			6
2025.05.23	01:04:38.285	1.34250				2
2025.05.23	01:04:43.470	1.34251				2
2025.05.23	01:04:45.316	1.34249				2
2025.05.23	01:04:49.291	1.34250				2
2025.05.23	01:04:50.818	1.34251				2
2025.05.23	01:04:51.126	1.34250				2
2025.05.23	01:04:55.406	1.34251				2
2025.05.23	01:05:00.298	1.34250				2
2025.05.23	01:05:02.744	1.34251				2
2025.05.23	01:05:04.284	1.34250				2
2025.05.23	01:05:21.218	1.34251				2
2025.05.23	01:05:23.377	1.34250				2
2025.05.23	01:05:34.453		1.34254			4
2025.05.23	01:05:38.127	1.34251				2
2025.05.23	01:05:52.289	1.34250				2
2025.05.23	01:05:53.210	1.34251				2
2025.05.23	01:06:00.003	1.34251				2
2025.05.23	01:06:03.396	1.34250				2
2025.05.23	01:06:19.657	1.34251				2
2025.05.23	01:06:26.153	1.34250				2
2025.05.23	01:06:34.763		1.34254			4
2025.05.23	01:07:00.217	1.34250				2
2025.05.23	01:07:00.517	1.34245	1.34247			6
2025.05.23	01:07:02.676	1.34246				2
2025.05.23	01:07:12.476	1.34245				2
2025.05.23	01:07:14.624	1.34243				2
2025.05.23	01:07:57.312	1.34250	1.34254			6
2025.05.23	01:07:57.613	1.34251	1.34255			6
2025.05.23	01:07:58.231		1.34256			4
2025.05.23	01:07:59.468	1.34252				2
2025.05.23	01:08:00.080	1.34252				2
2025.05.23	01:08:00.698	1.34251				2
2025.05.23	01:08:01.006	1.34252				2
2025.05.23	01:08:03.790	1.34254				2
2025.05.23	01:08:05.951	1.34251				2
2025.05.23	01:08:06.258	1.34254				2
2025.05.23	01:08:09.341	1.34255				2
2025.05.23	01:08:12.427		1.34257			4
2025.05.23	01:08:18.593	1.34256				2
2025.05.23	01:08:19.207	1.34255				2
2025.05.23	01:08:20.135	1.34256				2
2025.05.23	01:08:26.311	1.34255				2
2025.05.23	01:08:30.622	1.34254	1.34255			6
2025.05.23	01:08:31.862	1.34250	1.34254			6
2025.05.23	01:08:32.172	1.34251				2
2025.05.23	01:08:33.090	1.34252				2
2025.05.23	01:08:34.328	1.34249				2
2025.05.23	01:08:35.864	1.34251	1.34256			6
2025.05.23	01:08:37.407	1.34250	1.34255			6
2025.05.23	01:08:44.798		1.34252			4
2025.05.23	01:08:45.415		1.34254			4
2025.05.23	01:08:45.722	1.34248	1.34253			6
2025.05.23	01:08:46.340	1.34249				2
2025.05.23	01:08:47.275	1.34247	1.34252			6
2025.05.23	01:08:47.580	1.34249	1.34253			6
2025.05.23	01:08:48.503		1.34252			4
2025.05.23	01:08:51.899		1.34253			4
2025.05.23	01:08:52.827	1.34247	1.34252			6
2025.05.23	01:08:53.451	1.34246	1.34251			6
2025.05.23	01:08:58.079	1.34247	1.34252			6
2025.05.23	01:09:00.238	1.34247				2
2025.05.23	01:09:06.130	1.34246	1.34251			6
2025.05.23	01:09:06.434	1.34248	1.34253			6
2025.05.23	01:09:08.288	1.34247	1.34252			6
2025.05.23	01:09:24.330	1.34246	1.34251			6
2025.05.23	01:09:28.625	1.34247	1.34252			6
2025.05.23	01:09:29.545	1.34246	1.34251			6
2025.05.23	01:09:35.381	1.34247	1.34252			6
2025.05.23	01:09:36.310	1.34246	1.34251			6
2025.05.23	01:09:46.193	1.34243	1.34248			6
2025.05.23	01:09:47.735	1.34246	1.34251			6
2025.05.23	01:10:00.070	1.34246				2
2025.05.23	01:10:05.321	1.34245	1.34250			6
2025.05.23	01:10:05.631	1.34246	1.34251			6
2025.05.23	01:10:15.154	1.34248	1.34252			6
2025.05.23	01:10:16.382		1.34253			4
2025.05.23	01:10:27.476	1.34230	1.34254			6
2025.05.23	01:10:27.787	1.34249				2
2025.05.23	01:10:28.407	1.34246	1.34251			6
2025.05.23	01:10:29.336	1.34249	1.34254			6
2025.05.23	01:10:30.273	1.34248	1.34253			6
2025.05.23	01:10:43.170	1.34245	1.34250			6
2025.05.23	01:10:43.477	1.34246	1.34251			6
2025.05.23	01:10:45.626	1.34245	1.34250			6
2025.05.23	01:10:46.849	1.34244	1.34249			6
2025.05.23	01:10:49.923	1.34247	1.34252			6
2025.05.23	01:10:52.390	1.34248	1.34253			6
2025.05.23	01:10:56.683	1.34247	1.34252			6
2025.05.23	01:11:00.049	1.34247				2
2025.05.23	01:11:03.126	1.34248	1.34253			6
2025.05.23	01:11:04.660	1.34247	1.34252			6
2025.05.23	01:11:07.418	1.34248	1.34253			6
2025.05.23	01:11:08.337	1.34247	1.34252			6
2025.05.23	01:11:32.269	1.34246	1.34251			6
2025.05.23	01:11:34.411	1.34245	1.34250			6
2025.05.23	01:11:45.745	1.34244	1.34249			6
2025.05.23	01:11:48.202	1.34245	1.34250			6
2025.05.23	01:11:53.409	1.34246	1.34251			6
2025.05.23	01:11:53.714	1.34247	1.34252			6
2025.05.23	01:12:00.160	1.34247				2
2025.05.23	01:12:06.290	1.34245	1.34250			6
2025.05.23	01:12:06.598	1.34246	1.34251			6
2025.05.23	01:12:07.207	1.34247	1.34252			6
2025.05.23	01:12:18.260	1.34246	1.34251			6
2025.05.23	01:12:47.813	1.34245	1.34250			6
2025.05.23	01:12:48.117	1.34246	1.34251			6
2025.05.23	01:12:49.042	1.34245	1.34250			6
2025.05.23	01:12:51.509	1.34246	1.34251			6
2025.05.23	01:12:51.815	1.34248	1.34253			6
2025.05.23	01:12:54.900	1.34249	1.34254			6
2025.05.23	01:12:58.604		1.34253			4
2025.05.23	01:13:00.157	1.34249				2
2025.05.23	01:13:03.864	1.34248				2
2025.05.23	01:13:09.439	1.34251				2
2025.05.23	01:13:12.857		1.34252			4
2025.05.23	01:13:14.407	1.34250				2
2025.05.23	01:13:14.715	1.34251				2
2025.05.23	01:13:15.636		1.34253			4
2025.05.23	01:13:17.808	1.34248				2
2025.05.23	01:13:25.522	1.34247	1.34252			6
2025.05.23	01:13:26.146	1.34248	1.34253			6
2025.05.23	01:13:28.607	1.34251				2
2025.05.23	01:13:36.635	1.34252				2
2025.05.23	01:13:42.194	1.34246	1.34247			6
2025.05.23	01:13:42.510	1.34250	1.34251			6
2025.05.23	01:13:46.837	1.34251	1.34252			6
2025.05.23	01:13:47.145	1.34252	1.34253			6
2025.05.23	01:13:50.537	1.34251	1.34252			6
2025.05.23	01:13:52.394	1.34249	1.34251			6
2025.05.23	01:13:53.627		1.34254			4
2025.05.23	01:14:00.102	1.34249				2
2025.05.23	01:14:01.334	1.34248	1.34253			6
2025.05.23	01:14:01.641	1.34249	1.34254			6
2025.05.23	01:14:05.978	1.34248	1.34253			6
2025.05.23	01:14:06.902	1.34247	1.34252			6
2025.05.23	01:14:07.520	1.34249	1.34254			6
2025.05.23	01:14:12.148	1.34248	1.34253			6
2025.05.23	01:14:13.382	1.34251	1.34254			6
2025.05.23	01:14:16.169	1.34250				2
2025.05.23	01:14:16.787	1.34248	1.34253			6
2025.05.23	01:14:19.877		1.34252			4
2025.05.23	01:14:21.723		1.34251			4
2025.05.23	01:14:24.194	1.34247				2
2025.05.23	01:14:26.045	1.34248				2
2025.05.23	01:14:37.144	1.34246				2
2025.05.23	01:14:37.457	1.34248				2
2025.05.23	01:15:00.265	1.34253	1.34254			6
2025.05.23	01:15:00.576	1.34254	1.34255			6
2025.05.23	01:15:01.192	1.34253	1.34254			6
2025.05.23	01:15:01.499	1.34256	1.34261			6
2025.05.23	01:15:01.808	1.34259	1.34263			6
2025.05.23	01:15:02.436	1.34257	1.34262			6
2025.05.23	01:15:02.741	1.34258	1.34263			6
2025.05.23	01:15:03.052	1.34257	1.34259			6
2025.05.23	01:15:03.361		1.34260			4
2025.05.23	01:15:03.674	1.34256				2
2025.05.23	01:15:03.981	1.34257				2
2025.05.23	01:15:04.296	1.34256	1.34261			6
2025.05.23	01:15:04.906	1.34257				2
2025.05.23	01:15:05.211	1.34259	1.34262			6
2025.05.23	01:15:05.835	1.34260				2
2025.05.23	01:15:06.144	1.34259				2
2025.05.23	01:15:07.069	1.34258				2
2025.05.23	01:15:07.375		1.34261			4
2025.05.23	01:15:07.999	1.34257				2
2025.05.23	01:15:08.304	1.34255	1.34256			6
2025.05.23	01:15:08.619	1.34260	1.34262			6
2025.05.23	01:15:08.927	1.34261				2
2025.05.23	01:15:09.544		1.34263			4
2025.05.23	01:15:09.851	1.34260				2
2025.05.23	01:15:10.153	1.34261				2
2025.05.23	01:15:10.456	1.34260				2
2025.05.23	01:15:10.778	1.34261				2
2025.05.23	01:15:12.015	1.34260				2
2025.05.23	01:15:12.321	1.34261				2
2025.05.23	01:15:13.561	1.34260				2
2025.05.23	01:15:13.871	1.34261				2
2025.05.23	01:15:14.175	1.34260				2
2025.05.23	01:15:14.482	1.34261				2
2025.05.23	01:15:15.104	1.34260				2
2025.05.23	01:15:15.717	1.34261				2
2025.05.23	01:15:16.340	1.34260				2
2025.05.23	01:15:16.651	1.34261				2
2025.05.23	01:15:18.500	1.34260				2
2025.05.23	01:15:19.116	1.34261				2
2025.05.23	01:15:19.729		1.34266			4
2025.05.23	01:15:20.658		1.34265			4
2025.05.23	01:15:20.965		1.34266			4
2025.05.23	01:15:21.280	1.34264	1.34269			6
2025.05.23	01:15:22.517	1.34265	1.34270			6
2025.05.23	01:15:23.755	1.34264	1.34269			6
2025.05.23	01:15:24.057	1.34265	1.34270			6
2025.05.23	01:15:26.844	1.34263	1.34268			6
2025.05.23	01:15:27.465	1.34265	1.34270			6
2025.05.23	01:15:28.387	1.34266	1.34271			6
2025.05.23	01:15:29.000	1.34265	1.34270			6
2025.05.23	01:15:30.235	1.34266	1.34271			6
2025.05.23	01:15:33.633	1.34263	1.34268			6
2025.05.23	01:15:34.252	1.34266	1.34271			6
2025.05.23	01:15:34.560	1.34267				2
2025.05.23	01:15:35.175	1.34266				2
2025.05.23	01:15:36.414	1.34267				2
2025.05.23	01:15:36.722	1.34266				2
2025.05.23	01:15:37.334	1.34263	1.34267			6
2025.05.23	01:15:38.881	1.34266	1.34270			6
2025.05.23	01:15:40.426	1.34267				2
2025.05.23	01:15:45.052	1.34268				2
2025.05.23	01:15:45.977	1.34267				2
2025.05.23	01:15:46.283	1.34268				2
2025.05.23	01:15:46.591	1.34267				2
2025.05.23	01:15:46.902	1.34268				2
2025.05.23	01:15:47.211	1.34267				2
2025.05.23	01:15:47.519	1.34268				2
2025.05.23	01:15:51.218	1.34269				2
2025.05.23	01:16:00.178	1.34269				2
2025.05.23	01:16:13.437		1.34271			4
2025.05.23	01:16:18.682	1.34271	1.34272			6
2025.05.23	01:16:31.948	1.34270				2
2025.05.23	01:16:39.970	1.34262	1.34265			6
2025.05.23	01:16:40.279	1.34265	1.34266			6
2025.05.23	01:16:52.640	1.34266	1.34270			6
2025.05.23	01:16:52.949	1.34268				2
2025.05.23	01:16:54.191		1.34271			4
2025.05.23	01:16:56.355		1.34269			4
2025.05.23	01:17:00.059	1.34268				2
2025.05.23	01:17:05.000	1.34269	1.34270			6
2025.05.23	01:17:07.788	1.34268	1.34269			6
2025.05.23	01:17:08.095	1.34267				2
2025.05.23	01:17:17.614	1.34268				2
2025.05.23	01:17:43.979	1.34267				2
2025.05.23	01:17:44.289	1.34266				2
2025.05.23	01:17:50.425	1.34267				2
2025.05.23	01:17:51.661	1.34268				2
2025.05.23	01:18:00.286	1.34268				2
2025.05.23	01:18:01.205	1.34269	1.34270			6
2025.05.23	01:18:01.507	1.34268	1.34269			6
2025.05.23	01:18:01.825	1.34269	1.34270			6
2025.05.23	01:18:02.131	1.34268	1.34269			6
2025.05.23	01:18:03.057	1.34269	1.34270			6
2025.05.23	01:18:03.971	1.34268				2
2025.05.23	01:18:04.275		1.34271			4
2025.05.23	01:18:04.591		1.34270			4
2025.05.23	01:18:07.060	1.34267	1.34268			6
2025.05.23	01:18:11.691		1.34269			4
2025.05.23	01:18:19.110	1.34268				2
2025.05.23	01:18:21.573	1.34267	1.34268			6
2025.05.23	01:18:23.731		1.34269			4
2025.05.23	01:18:31.731		1.34268			4
2025.05.23	01:18:32.033		1.34269			4
2025.05.23	01:18:32.956	1.34268				2
2025.05.23	01:18:38.506	1.34267				2
2025.05.23	01:18:39.123	1.34268				2
2025.05.23	01:18:42.212	1.34267				2
2025.05.23	01:18:54.566	1.34263	1.34264			6
2025.05.23	01:18:54.875	1.34258	1.34260			6
2025.05.23	01:18:55.180	1.34261	1.34262			6
2025.05.23	01:18:58.599	1.34260				2
2025.05.23	01:19:00.135	1.34260				2
2025.05.23	01:19:14.971	1.34258	1.34261			6
2025.05.23	01:19:16.216	1.34259				2
2025.05.23	01:19:16.832	1.34258				2
2025.05.23	01:19:17.145	1.34259				2
2025.05.23	01:19:19.002	1.34258				2
2025.05.23	01:19:22.405	1.34260	1.34263			6
2025.05.23	01:19:33.233	1.34259	1.34261			6
2025.05.23	01:19:41.875		1.34262			4
2025.05.23	01:19:49.295	1.34258	1.34260			6
2025.05.23	01:19:49.921	1.34255	1.34256			6
2025.05.23	01:19:50.228	1.34253	1.34255			6
2025.05.23	01:19:56.418	1.34254				2
2025.05.23	01:19:56.726	1.34253				2
2025.05.23	01:19:57.346	1.34254				2
2025.05.23	01:20:00.125	1.34254				2
2025.05.23	01:20:01.987	1.34253				2
2025.05.23	01:20:06.918	1.34250	1.34252			6
2025.05.23	01:20:09.388	1.34257	1.34259			6
2025.05.23	01:20:09.696	1.34258				2
2025.05.23	01:20:10.309	1.34257				2
2025.05.23	01:20:15.857	1.34255	1.34258			6
2025.05.23	01:20:20.792	1.34256	1.34259			6
2025.05.23	01:20:23.881	1.34257	1.34260			6
2025.05.23	01:20:25.118	1.34256				2
2025.05.23	01:20:35.924	1.34255	1.34258			6
2025.05.23	01:20:39.008	1.34254	1.34257			6
2025.05.23	01:20:43.324	1.34255				2
2025.05.23	01:20:44.257	1.34256	1.34258			6
2025.05.23	01:20:56.272	1.34255	1.34257			6
2025.05.23	01:21:00.274	1.34255				2
2025.05.23	01:21:06.707	1.34251	1.34253			6
2025.05.23	01:21:09.777		1.34252			4
2025.05.23	01:21:18.682	1.34249	1.34251			6
2025.05.23	01:21:32.483	1.34248	1.34250			6
2025.05.23	01:21:32.790	1.34249				2
2025.05.23	01:21:33.097	1.34248				2
2025.05.23	01:21:33.404	1.34249	1.34251			6
2025.05.23	01:21:34.017	1.34248	1.34250			6
2025.05.23	01:21:34.322	1.34249				2
2025.05.23	01:21:34.625	1.34248				2
2025.05.23	01:21:34.938	1.34249				2
2025.05.23	01:21:35.550	1.34248				2
2025.05.23	01:21:36.466	1.34249				2
2025.05.23	01:21:36.777	1.34248	1.34249			6
2025.05.23	01:21:37.087	1.34249	1.34250			6
2025.05.23	01:21:37.391	1.34248	1.34249			6
2025.05.23	01:21:37.699	1.34249	1.34250			6
2025.05.23	01:21:38.012	1.34248				2
2025.05.23	01:21:38.625	1.34249				2
2025.05.23	01:21:38.932	1.34248	1.34249			6
2025.05.23	01:21:47.873	1.34246	1.34247			6
2025.05.23	01:21:48.182	1.34242	1.34243			6
2025.05.23	01:21:49.109	1.34241	1.34242			6
2025.05.23	01:21:51.270	1.34240				2
2025.05.23	01:21:57.770		1.34243			4
2025.05.23	01:21:58.697		1.34244			4
2025.05.23	01:22:00.237	1.34240				2
2025.05.23	01:22:02.397	1.34241				2
2025.05.23	01:22:03.322	1.34247	1.34248			6
2025.05.23	01:22:03.634	1.34248	1.34249			6
2025.05.23	01:22:04.250	1.34247	1.34248			6
2025.05.23	01:22:07.975		1.34249			4
2025.05.23	01:22:16.642	1.34248				2
2025.05.23	01:22:16.954	1.34247				2
2025.05.23	01:22:23.432		1.34248			4
2025.05.23	01:22:25.596	1.34248	1.34250			6
2025.05.23	01:22:31.148	1.34249				2
2025.05.23	01:22:39.784	1.34250	1.34251			6
2025.05.23	01:22:40.707	1.34249	1.34250			6
2025.05.23	01:22:41.324	1.34248	1.34249			6
2025.05.23	01:22:41.637		1.34250			4
2025.05.23	01:22:42.250		1.34249			4
2025.05.23	01:22:42.860		1.34250			4
2025.05.23	01:22:43.476	1.34249				2
2025.05.23	01:22:43.780	1.34248	1.34249			6
2025.05.23	01:22:45.018		1.34250			4
2025.05.23	01:22:45.937	1.34249				2
2025.05.23	01:22:46.555	1.34248				2
2025.05.23	01:22:46.860	1.34249				2
2025.05.23	01:22:47.163	1.34248				2
2025.05.23	01:22:47.780	1.34249				2
2025.05.23	01:22:54.507	1.34248				2
2025.05.23	01:22:54.811	1.34249				2
2025.05.23	01:22:56.041	1.34248				2
2025.05.23	01:22:56.347	1.34249				2
2025.05.23	01:22:56.959	1.34248	1.34249			6
2025.05.23	01:22:57.572	1.34249	1.34250			6
2025.05.23	01:22:57.877	1.34248				2
2025.05.23	01:22:58.181	1.34249				2
2025.05.23	01:22:58.486	1.34248				2
2025.05.23	01:22:59.105	1.34249				2
2025.05.23	01:23:00.029	1.34249				2
2025.05.23	01:23:03.401	1.34247				2
2025.05.23	01:23:04.016	1.34246				2
2025.05.23	01:23:04.317	1.34247				2
2025.05.23	01:23:11.084		1.34249			4
2025.05.23	01:23:17.864		1.34248			4
2025.05.23	01:23:18.169		1.34249			4
2025.05.23	01:23:19.406		1.34248			4
2025.05.23	01:23:20.331		1.34249			4
2025.05.23	01:23:21.254		1.34248			4
2025.05.23	01:23:21.563		1.34249			4
2025.05.23	01:23:23.729		1.34250			4
2025.05.23	01:23:29.580		1.34248			4
2025.05.23	01:23:30.189		1.34249			4
2025.05.23	01:23:31.115		1.34250			4
2025.05.23	01:23:31.727		1.34249			4
2025.05.23	01:23:38.468	1.34246	1.34248			6
2025.05.23	01:23:39.397		1.34250			4
2025.05.23	01:23:39.705		1.34248			4
2025.05.23	01:23:40.014		1.34250			4
2025.05.23	01:23:41.257	1.34247				2
2025.05.23	01:23:41.563	1.34246				2
2025.05.23	01:23:42.791	1.34247				2
2025.05.23	01:23:43.716	1.34246				2
2025.05.23	01:23:44.950	1.34247				2
2025.05.23	01:23:45.254	1.34246				2
2025.05.23	01:23:45.566	1.34247				2
2025.05.23	01:23:48.953	1.34246				2
2025.05.23	01:23:49.884	1.34247				2
2025.05.23	01:23:52.047	1.34246				2
2025.05.23	01:23:52.357	1.34247				2
2025.05.23	01:23:52.664	1.34246				2
2025.05.23	01:23:54.512	1.34247				2
2025.05.23	01:23:55.436	1.34246				2
2025.05.23	01:23:57.894	1.34247				2
2025.05.23	01:23:58.502	1.34246				2
2025.05.23	01:24:00.033	1.34246				2
2025.05.23	01:24:00.643	1.34247				2
2025.05.23	01:24:12.971	1.34248	1.34253			6
2025.05.23	01:24:13.277	1.34251	1.34254			6
2025.05.23	01:24:37.626	1.34250				2
2025.05.23	01:24:40.396	1.34251				2
2025.05.23	01:24:41.933	1.34250				2
2025.05.23	01:24:47.489	1.34251				2
2025.05.23	01:25:00.154	1.34251				2
2025.05.23	01:25:13.384		1.34254			4
2025.05.23	01:25:25.096		1.34253			4
2025.05.23	01:25:25.408	1.34250				2
2025.05.23	01:25:26.639	1.34251	1.34254			6
2025.05.23	01:25:47.330	1.34252				2
2025.05.23	01:25:48.261	1.34251				2
2025.05.23	01:25:49.807		1.34255			4
2025.05.23	01:25:50.116	1.34252				2
2025.05.23	01:25:51.031		1.34254			4
2025.05.23	01:25:51.962	1.34251				2
2025.05.23	01:25:58.737		1.34252			4
2025.05.23	01:25:59.044	1.34250				2
2025.05.23	01:26:00.276	1.34248				2
2025.05.23	01:26:02.420		1.34249			4
2025.05.23	01:26:02.727	1.34242	1.34246			6
2025.05.23	01:26:03.032	1.34243	1.34247			6
2025.05.23	01:26:03.338	1.34244	1.34248			6
2025.05.23	01:26:04.872	1.34245	1.34249			6
2025.05.23	01:26:07.025	1.34239	1.34243			6
2025.05.23	01:26:07.643	1.34238				2
2025.05.23	01:26:08.267	1.34237				2
2025.05.23	01:26:08.890	1.34238	1.34244			6
2025.05.23	01:26:12.297		1.34243			4
2025.05.23	01:26:13.220	1.34237	1.34242			6
2025.05.23	01:26:13.527	1.34236				2
2025.05.23	01:26:15.378	1.34235	1.34241			6
2025.05.23	01:26:15.688	1.34236	1.34242			6
2025.05.23	01:26:16.304	1.34233	1.34239			6
2025.05.23	01:26:16.617	1.34235	1.34241			6
2025.05.23	01:26:16.925	1.34236				2
2025.05.23	01:26:18.161	1.34235				2
2025.05.23	01:26:18.476	1.34233	1.34239			6
2025.05.23	01:26:18.788	1.34235	1.34241			6
2025.05.23	01:26:20.017	1.34233	1.34239			6
2025.05.23	01:26:20.636	1.34235	1.34241			6
2025.05.23	01:26:20.944	1.34233	1.34238			6
2025.05.23	01:26:21.256	1.34232				2
2025.05.23	01:26:22.180	1.34233	1.34239			6
2025.05.23	01:26:22.790	1.34234				2
2025.05.23	01:26:23.723	1.34235	1.34240			6
2025.05.23	01:26:27.733	1.34236				2
2025.05.23	01:26:30.521	1.34237	1.34242			6
2025.05.23	01:26:35.764		1.34243			4
2025.05.23	01:26:38.235		1.34242			4
2025.05.23	01:26:43.176		1.34243			4
2025.05.23	01:26:44.718		1.34242			4
2025.05.23	01:26:52.133	1.34238				2
2025.05.23	01:26:53.680		1.34243			4
2025.05.23	01:26:53.993	1.34239				2
2025.05.23	01:26:54.359	1.34238				2
2025.05.23	01:27:00.230	1.34238				2
2025.05.23	01:27:02.079	1.34239				2
2025.05.23	01:27:04.549	1.34238				2
2025.05.23	01:27:06.094	1.34239				2
2025.05.23	01:27:08.561	1.34238				2
2025.05.23	01:27:10.717	1.34239				2
2025.05.23	01:27:12.260	1.34238				2
2025.05.23	01:27:16.585	1.34237	1.34241			6
2025.05.23	01:27:18.747	1.34238				2
2025.05.23	01:27:19.366	1.34235	1.34238			6
2025.05.23	01:27:19.680		1.34239			4
2025.05.23	01:27:20.608	1.34234				2
2025.05.23	01:27:32.652	1.34235				2
2025.05.23	01:27:33.575	1.34234				2
2025.05.23	01:27:34.495	1.34236				2
2025.05.23	01:27:40.662		1.34240			4
2025.05.23	01:27:47.776	1.34237				2
2025.05.23	01:27:48.384	1.34236				2
2025.05.23	01:28:00.108	1.34236				2
2025.05.23	01:28:01.036	1.34237				2
2025.05.23	01:28:01.341	1.34236				2
2025.05.23	01:28:05.972		1.34239			4
2025.05.23	01:28:06.597		1.34238			4
2025.05.23	01:28:06.908		1.34240			4
2025.05.23	01:28:07.217		1.34238			4
2025.05.23	01:28:07.830	1.34235				2
2025.05.23	01:28:09.375		1.34237			4
2025.05.23	01:28:09.683	1.34230	1.34233			6
2025.05.23	01:28:15.556	1.34231				2
2025.05.23	01:28:17.713	1.34230				2
2025.05.23	01:28:21.418	1.34231				2
2025.05.23	01:28:23.883	1.34228	1.34230			6
2025.05.23	01:28:25.125	1.34227				2
2025.05.23	01:28:31.893	1.34224	1.34229			6
2025.05.23	01:28:35.294		1.34228			4
2025.05.23	01:28:37.453	1.34227	1.34232			6
2025.05.23	01:28:38.385	1.34226				2
2025.05.23	01:28:38.696		1.34231			4
2025.05.23	01:28:40.238	1.34225	1.34230			6
2025.05.23	01:28:40.544	1.34223	1.34229			6
2025.05.23	01:28:42.409	1.34224				2
2025.05.23	01:28:43.950	1.34223				2
2025.05.23	01:28:47.351	1.34224				2
2025.05.23	01:28:50.129	1.34223				2
2025.05.23	01:28:51.054	1.34224				2
2025.05.23	01:28:55.372	1.34225				2
2025.05.23	01:28:57.233	1.34224				2
2025.05.23	01:28:59.399	1.34225				2
2025.05.23	01:29:00.013	1.34225				2
2025.05.23	01:29:02.479	1.34224				2
2025.05.23	01:29:31.180	1.34225	1.34230			6
2025.05.23	01:29:35.505	1.34226				2
2025.05.23	01:29:35.809	1.34229	1.34234			6
2025.05.23	01:30:00.209	1.34229				2
2025.05.23	01:30:26.116		1.34233			4
2025.05.23	01:30:27.348		1.34234			4
2025.05.23	01:30:40.618	1.34228	1.34233			6
2025.05.23	01:30:47.115		1.34232			4
2025.05.23	01:30:56.347	1.34229	1.34233			6
2025.05.23	01:31:00.049	1.34229				2
2025.05.23	01:31:56.355		1.34233			4
2025.05.23	01:32:00.037	1.34229				2
2025.05.23	01:32:35.957	1.34234	1.34238			6
2025.05.23	01:32:37.187		1.34239			4
2025.05.23	01:32:37.797		1.34238			4
2025.05.23	01:32:38.100	1.34229	1.34234			6
2025.05.23	01:32:39.334	1.34228				2
2025.05.23	01:32:48.238	1.34229				2
2025.05.23	01:33:00.206	1.34229				2
2025.05.23	01:33:25.311	1.34224	1.34229			6
2025.05.23	01:33:26.237	1.34223				2
2025.05.23	01:33:28.080	1.34224	1.34230			6
2025.05.23	01:33:30.243	1.34225	1.34231			6
2025.05.23	01:33:38.266	1.34226				2
2025.05.23	01:33:40.423	1.34225	1.34230			6
2025.05.23	01:33:57.061	1.34224	1.34229			6
2025.05.23	01:33:57.994	1.34225	1.34230			6
2025.05.23	01:33:59.230	1.34224	1.34229			6
2025.05.23	01:34:00.148	1.34224				2
2025.05.23	01:34:00.764	1.34225	1.34230			6
2025.05.23	01:34:02.927	1.34224	1.34229			6
2025.05.23	01:34:03.857	1.34225	1.34230			6
2025.05.23	01:34:06.008	1.34224	1.34229			6
2025.05.23	01:34:07.232	1.34223	1.34228			6
2025.05.23	01:34:07.547	1.34224	1.34229			6
2025.05.23	01:34:08.779	1.34221	1.34226			6
2025.05.23	01:34:09.097	1.34222				2
2025.05.23	01:34:30.412	1.34225	1.34229			6
2025.05.23	01:34:35.687		1.34230			4
2025.05.23	01:34:47.703	1.34224	1.34229			6
2025.05.23	01:34:48.012	1.34225	1.34230			6
2025.05.23	01:34:58.165	1.34224	1.34229			6
2025.05.23	01:35:00.003	1.34224				2
2025.05.23	01:35:00.919	1.34227	1.34231			6
2025.05.23	01:35:01.225	1.34228	1.34232			6
2025.05.23	01:35:02.143	1.34227				2
2025.05.23	01:35:03.071	1.34229	1.34233			6
2025.05.23	01:35:03.985		1.34234			4
2025.05.23	01:35:13.200		1.34233			4
2025.05.23	01:35:14.122	1.34228				2
2025.05.23	01:35:15.038	1.34229				2
2025.05.23	01:35:18.105	1.34228				2
2025.05.23	01:35:18.420	1.34226	1.34231			6
2025.05.23	01:35:19.951	1.34228	1.34232			6
2025.05.23	01:35:20.260	1.34227				2
2025.05.23	01:35:23.354	1.34225	1.34231			6
2025.05.23	01:35:23.665	1.34228	1.34232			6
2025.05.23	01:35:27.998	1.34226	1.34231			6
2025.05.23	01:35:28.314	1.34225				2
2025.05.23	01:35:31.391	1.34226				2
2025.05.23	01:35:37.859	1.34225	1.34230			6
2025.05.23	01:35:38.165	1.34228	1.34232			6
2025.05.23	01:35:39.395	1.34226	1.34231			6
2025.05.23	01:35:41.235	1.34225				2
2025.05.23	01:35:43.069		1.34230			4
2025.05.23	01:35:43.372	1.34226				2
2025.05.23	01:35:43.988	1.34227	1.34231			6
2025.05.23	01:35:44.294	1.34226				2
2025.05.23	01:35:48.582	1.34225	1.34230			6
2025.05.23	01:35:48.889		1.34229			4
2025.05.23	01:35:49.195	1.34224	1.34228			6
2025.05.23	01:35:52.888		1.34229			4
2025.05.23	01:35:53.200	1.34225	1.34230			6
2025.05.23	01:35:54.126		1.34229			4
2025.05.23	01:35:57.823	1.34224				2
2025.05.23	01:35:59.363	1.34225				2
2025.05.23	01:36:00.291	1.34225				2
2025.05.23	01:36:01.522		1.34230			4
2025.05.23	01:36:03.377	1.34226	1.34231			6
2025.05.23	01:36:04.924		1.34230			4
2025.05.23	01:36:08.939		1.34231			4
2025.05.23	01:36:23.151		1.34230			4
2025.05.23	01:36:23.772	1.34225				2
2025.05.23	01:36:24.078	1.34226				2
2025.05.23	01:36:28.095	1.34225				2
2025.05.23	01:36:28.403	1.34226				2
2025.05.23	01:36:31.179	1.34225				2
2025.05.23	01:36:32.419	1.34226				2
2025.05.23	01:36:33.662	1.34225				2
2025.05.23	01:36:33.966	1.34226				2
2025.05.23	01:36:35.204		1.34231			4
2025.05.23	01:36:39.216	1.34225	1.34230			6
2025.05.23	01:36:44.460	1.34229	1.34233			6
2025.05.23	01:36:44.765		1.34234			4
2025.05.23	01:36:48.778		1.34233			4
2025.05.23	01:37:00.220	1.34229				2
2025.05.23	01:37:16.586	1.34228				2
2025.05.23	01:37:17.505	1.34229				2
2025.05.23	01:37:24.916	1.34230				2
2025.05.23	01:37:26.761	1.34232	1.34235			6
2025.05.23	01:37:29.537	1.34231				2
2025.05.23	01:37:30.778	1.34232				2
2025.05.23	01:37:31.086	1.34231				2
2025.05.23	01:37:35.093		1.34236			4
2025.05.23	01:37:36.943		1.34235			4
2025.05.23	01:37:37.873		1.34236			4
2025.05.23	01:37:38.795		1.34235			4
2025.05.23	01:37:46.215	1.34230	1.34233			6
2025.05.23	01:37:46.838	1.34229				2
2025.05.23	01:37:47.149	1.34230				2
2025.05.23	01:37:49.927	1.34229				2
2025.05.23	01:37:50.233	1.34230				2
2025.05.23	01:37:51.466	1.34229				2
2025.05.23	01:37:52.394	1.34230				2
2025.05.23	01:37:52.694	1.34229				2
2025.05.23	01:37:55.163	1.34232	1.34236			6
2025.05.23	01:37:56.403	1.34231	1.34235			6
2025.05.23	01:38:00.107	1.34231				2
2025.05.23	01:38:01.339	1.34232				2
2025.05.23	01:38:01.649	1.34231				2
2025.05.23	01:38:01.963	1.34232				2
2025.05.23	01:38:02.273	1.34231				2
2025.05.23	01:38:02.577		1.34236			4
2025.05.23	01:38:02.880	1.34229	1.34233			6
2025.05.23	01:38:41.485	1.34221	1.34226			6
2025.05.23	01:38:42.107	1.34220				2
2025.05.23	01:38:45.502		1.34225			4
2025.05.23	01:38:46.440	1.34219				2
2025.05.23	01:38:46.747		1.34223			4
2025.05.23	01:38:47.056	1.34218				2
2025.05.23	01:38:50.451	1.34219				2
2025.05.23	01:38:55.403	1.34220	1.34225			6
2025.05.23	01:38:55.707		1.34224			4
2025.05.23	01:38:57.868		1.34225			4
2025.05.23	01:38:58.169		1.34224			4
2025.05.23	01:39:00.025	1.34220				2
2025.05.23	01:39:00.645		1.34225			4
2025.05.23	01:39:01.573		1.34224			4
2025.05.23	01:39:02.184		1.34225			4
2025.05.23	01:39:03.728	1.34219	1.34223			6
2025.05.23	01:39:27.103	1.34220				2
2025.05.23	01:39:32.313		1.34224			4
2025.05.23	01:39:33.844		1.34223			4
2025.05.23	01:39:38.437	1.34221	1.34224			6
2025.05.23	01:39:39.352	1.34220				2
2025.05.23	01:39:43.986		1.34223			4
2025.05.23	01:40:00.034	1.34220				2
2025.05.23	01:40:00.341		1.34224			4
2025.05.23	01:40:03.129		1.34223			4
2025.05.23	01:40:03.438	1.34219	1.34222			6
2025.05.23	01:40:17.025		1.34223			4
2025.05.23	01:40:25.348	1.34214	1.34218			6
2025.05.23	01:40:26.259	1.34213	1.34219			6
2025.05.23	01:40:27.792	1.34215	1.34221			6
2025.05.23	01:40:30.569		1.34220			4
2025.05.23	01:40:38.892	1.34217	1.34221			6
2025.05.23	01:40:39.818	1.34216				2
2025.05.23	01:40:49.977	1.34218				2
2025.05.23	01:40:50.285	1.34217				2
2025.05.23	01:40:52.135	1.34218				2
2025.05.23	01:41:00.147	1.34218				2
2025.05.23	01:41:08.779		1.34222			4
2025.05.23	01:41:16.169	1.34219				2
2025.05.23	01:41:16.780	1.34218				2
2025.05.23	01:41:23.556	1.34213	1.34216			6
2025.05.23	01:41:23.860	1.34210	1.34214			6
2025.05.23	01:41:24.173	1.34209	1.34213			6
2025.05.23	01:42:00.033	1.34209				2
2025.05.23	01:42:01.264	1.34207	1.34210			6
2025.05.23	01:42:01.569	1.34206				2
2025.05.23	01:42:09.566	1.34209	1.34213			6
2025.05.23	01:42:12.024		1.34212			4
2025.05.23	01:42:27.435	1.34208				2
2025.05.23	01:42:28.355	1.34209				2
2025.05.23	01:42:28.661	1.34208				2
2025.05.23	01:42:31.416	1.34209				2
2025.05.23	01:42:32.034	1.34208				2
2025.05.23	01:42:32.653		1.34213			4
2025.05.23	01:42:38.175	1.34209				2
2025.05.23	01:42:43.996	1.34210				2
2025.05.23	01:42:44.307	1.34209				2
2025.05.23	01:43:00.246	1.34209				2
2025.05.23	01:43:01.165	1.34210				2
2025.05.23	01:43:02.393	1.34219	1.34223			6
2025.05.23	01:43:03.316	1.34218				2
2025.05.23	01:43:05.766		1.34222			4
2025.05.23	01:43:30.896	1.34217				2
2025.05.23	01:43:31.203	1.34218				2
2025.05.23	01:43:51.740		1.34223			4
2025.05.23	01:44:00.036	1.34218				2
2025.05.23	01:44:02.181	1.34222	1.34226			6
2025.05.23	01:44:03.104	1.34221				2
2025.05.23	01:44:15.383	1.34220	1.34225			6
2025.05.23	01:44:15.685		1.34226			4
2025.05.23	01:44:17.232		1.34225			4
2025.05.23	01:44:19.376	1.34221				2
2025.05.23	01:44:19.681		1.34226			4
2025.05.23	01:44:19.985	1.34222				2
2025.05.23	01:44:40.320	1.34221				2
2025.05.23	01:44:40.937		1.34225			4
2025.05.23	01:44:42.177	1.34222				2
2025.05.23	01:44:42.485	1.34221				2
2025.05.23	01:44:43.418	1.34222				2
2025.05.23	01:44:49.563	1.34221				2
2025.05.23	01:44:50.485	1.34222				2
2025.05.23	01:44:54.771	1.34221				2
2025.05.23	01:44:55.076		1.34226			4
2025.05.23	01:45:00.290	1.34222				2
2025.05.23	01:45:03.971	1.34229	1.34233			6
2025.05.23	01:45:04.272	1.34230				2
2025.05.23	01:45:05.178	1.34229				2
2025.05.23	01:45:12.882	1.34228				2
2025.05.23	01:45:23.988	1.34222	1.34225			6
2025.05.23	01:45:24.308	1.34221				2
2025.05.23	01:45:27.397		1.34224			4
2025.05.23	01:45:27.712	1.34219	1.34225			6
2025.05.23	01:45:28.330		1.34224			4
2025.05.23	01:45:47.156		1.34225			4
2025.05.23	01:45:52.403	1.34222	1.34226			6
2025.05.23	01:45:52.708	1.34221				2
2025.05.23	01:45:53.328		1.34225			4
2025.05.23	01:45:53.640		1.34226			4
2025.05.23	01:45:57.966	1.34220				2
2025.05.23	01:45:59.201		1.34225			4
2025.05.23	01:46:00.129	1.34220				2
2025.05.23	01:46:21.385	1.34221				2
2025.05.23	01:46:25.381	1.34230	1.34233			6
2025.05.23	01:46:26.298	1.34229				2
2025.05.23	01:46:30.301	1.34226	1.34232			6
2025.05.23	01:46:36.792		1.34231			4
2025.05.23	01:46:37.105	1.34225	1.34230			6
2025.05.23	01:46:37.416	1.34224				2
2025.05.23	01:46:38.340	1.34225	1.34231			6
2025.05.23	01:46:38.649	1.34226				2
2025.05.23	01:46:39.883	1.34228	1.34233			6
2025.05.23	01:46:42.961	1.34229				2
2025.05.23	01:46:45.124	1.34228				2
2025.05.23	01:46:57.799	1.34225	1.34230			6
2025.05.23	01:47:00.262	1.34225				2
2025.05.23	01:47:02.423		1.34229			4
2025.05.23	01:47:02.738		1.34230			4
2025.05.23	01:47:12.915	1.34226				2
2025.05.23	01:47:13.218	1.34225				2
2025.05.23	01:47:16.004		1.34231			4
2025.05.23	01:47:18.483	1.34226				2
2025.05.23	01:47:20.322	1.34225				2
2025.05.23	01:47:23.399	1.34226				2
2025.05.23	01:47:24.937	1.34225				2
2025.05.23	01:47:28.617	1.34226				2
2025.05.23	01:47:29.837	1.34225				2
2025.05.23	01:47:39.347	1.34226				2
2025.05.23	01:47:46.097		1.34230			4
2025.05.23	01:47:48.556	1.34227	1.34231			6
2025.05.23	01:47:48.861	1.34228				2
2025.05.23	01:47:58.153	1.34227				2
2025.05.23	01:47:59.082	1.34228				2
2025.05.23	01:48:00.003	1.34228	1.34233			6
2025.05.23	01:48:00.321	1.34229				2
2025.05.23	01:48:00.625	1.34228	1.34231			6
2025.05.23	01:48:00.944	1.34227				2
2025.05.23	01:48:02.175	1.34228	1.34233			6
2025.05.23	01:48:06.502	1.34227	1.34231			6
2025.05.23	01:48:08.654	1.34226				2
2025.05.23	01:48:15.149		1.34230			4
2025.05.23	01:48:21.875	1.34225	1.34229			6
2025.05.23	01:48:22.785	1.34226	1.34230			6
2025.05.23	01:48:25.843	1.34227	1.34231			6
2025.05.23	01:48:26.146	1.34226	1.34230			6
2025.05.23	01:48:51.834	1.34227	1.34231			6
2025.05.23	01:48:58.269	1.34226	1.34230			6
2025.05.23	01:48:59.194	1.34227	1.34231			6
2025.05.23	01:49:00.112	1.34227				2
2025.05.23	01:49:00.418	1.34226	1.34230			6
2025.05.23	01:49:01.644	1.34227	1.34231			6
2025.05.23	01:49:02.253	1.34228				2
2025.05.23	01:49:03.779	1.34227	1.34230			6
2025.05.23	01:49:12.606	1.34228	1.34231			6
2025.05.23	01:49:16.882	1.34226	1.34229			6
2025.05.23	01:49:17.186	1.34227	1.34230			6
2025.05.23	01:49:21.777	1.34223	1.34224			6
2025.05.23	01:49:22.080	1.34222				2
2025.05.23	01:49:22.999	1.34218	1.34221			6
2025.05.23	01:49:23.307	1.34217				2
2025.05.23	01:49:23.625	1.34216				2
2025.05.23	01:49:24.235	1.34215				2
2025.05.23	01:49:30.672	1.34216				2
2025.05.23	01:49:30.982	1.34215				2
2025.05.23	01:49:33.120	1.34216				2
2025.05.23	01:49:35.876	1.34217				2
2025.05.23	01:49:41.401	1.34216				2
2025.05.23	01:49:41.706	1.34217				2
2025.05.23	01:49:42.018	1.34216				2
2025.05.23	01:49:48.770	1.34217				2
2025.05.23	01:49:49.074	1.34216				2
2025.05.23	01:49:58.275		1.34220			4
2025.05.23	01:49:58.586	1.34217	1.34221			6
2025.05.23	01:49:59.503	1.34216	1.34220			6
2025.05.23	01:50:00.117	1.34216				2
2025.05.23	01:50:03.495	1.34215	1.34219			6
2025.05.23	01:50:04.417	1.34216	1.34220			6
2025.05.23	01:50:07.181	1.34215	1.34219			6
2025.05.23	01:50:14.246	1.34216	1.34220			6
2025.05.23	01:50:15.780	1.34217	1.34221			6
2025.05.23	01:50:19.761	1.34216	1.34220			6
2025.05.23	01:50:20.687	1.34217	1.34221			6
2025.05.23	01:50:38.508	1.34216	1.34220			6
2025.05.23	01:50:39.128	1.34217	1.34221			6
2025.05.23	01:50:46.841	1.34218	1.34222			6
2025.05.23	01:50:47.770	1.34217	1.34221			6
2025.05.23	01:50:48.082	1.34218	1.34222			6
2025.05.23	01:50:48.701	1.34219				2
2025.05.23	01:50:51.482	1.34218				2
2025.05.23	01:50:51.788	1.34217	1.34221			6
2025.05.23	01:50:53.330	1.34216	1.34219			6
2025.05.23	01:50:55.181	1.34215				2
2025.05.23	01:50:55.488	1.34216				2
2025.05.23	01:50:55.796	1.34215				2
2025.05.23	01:50:56.100	1.34216				2
2025.05.23	01:50:57.027	1.34215				2
2025.05.23	01:50:57.331	1.34216				2
2025.05.23	01:51:00.105	1.34216	1.34220			6
2025.05.23	01:51:01.027	1.34218	1.34222			6
2025.05.23	01:51:08.423	1.34217	1.34220			6
2025.05.23	01:51:08.727	1.34216				2
2025.05.23	01:51:09.035	1.34215	1.34219			6
2025.05.23	01:51:09.338	1.34214	1.34218			6
2025.05.23	01:51:09.946	1.34215	1.34219			6
2025.05.23	01:51:10.563	1.34216	1.34220			6
2025.05.23	01:51:10.873	1.34215	1.34219			6
2025.05.23	01:51:11.788	1.34216	1.34220			6
2025.05.23	01:51:12.714	1.34215	1.34219			6
2025.05.23	01:51:13.023	1.34216	1.34220			6
2025.05.23	01:51:14.568	1.34215	1.34219			6
2025.05.23	01:51:15.495	1.34216	1.34220			6
2025.05.23	01:51:16.112	1.34215	1.34219			6
2025.05.23	01:51:16.421	1.34216	1.34220			6
2025.05.23	01:51:17.035	1.34215	1.34219			6
2025.05.23	01:51:17.352	1.34211	1.34215			6
2025.05.23	01:51:18.277	1.34210				2
2025.05.23	01:51:22.662	1.34211				2
2025.05.23	01:51:22.976	1.34210				2
2025.05.23	01:51:25.128	1.34211				2
2025.05.23	01:51:30.385	1.34214	1.34217			6
2025.05.23	01:51:30.691	1.34213				2
2025.05.23	01:51:32.850	1.34214				2
2025.05.23	01:51:34.384	1.34212				2
2025.05.23	01:51:35.619	1.34213				2
2025.05.23	01:51:39.015	1.34212	1.34216			6
2025.05.23	01:51:39.943	1.34219	1.34223			6
2025.05.23	01:51:40.250	1.34220				2
2025.05.23	01:51:41.178	1.34219				2
2025.05.23	01:51:46.128		1.34225			4
2025.05.23	01:51:47.675	1.34220				2
2025.05.23	01:51:47.980	1.34221				2
2025.05.23	01:51:49.215	1.34220	1.34224			6
2025.05.23	01:51:53.533	1.34219				2
2025.05.23	01:51:54.463	1.34220				2
2025.05.23	01:51:57.549	1.34219				2
2025.05.23	01:51:59.093	1.34220				2
2025.05.23	01:52:00.019	1.34220				2
2025.05.23	01:52:02.492	1.34219				2
2025.05.23	01:52:02.801	1.34220				2
2025.05.23	01:52:03.114	1.34219				2
2025.05.23	01:52:07.434	1.34216	1.34222			6
2025.05.23	01:52:12.076	1.34215	1.34221			6
2025.05.23	01:52:13.309	1.34216	1.34219			6
2025.05.23	01:52:13.617	1.34215				2
2025.05.23	01:52:16.706	1.34214				2
2025.05.23	01:52:17.632	1.34215				2
2025.05.23	01:52:21.032	1.34214				2
2025.05.23	01:52:21.335	1.34215	1.34218			6
2025.05.23	01:52:22.575	1.34214				2
2025.05.23	01:52:25.975	1.34213				2
2025.05.23	01:52:26.905	1.34214				2
2025.05.23	01:52:28.755	1.34215				2
2025.05.23	01:52:31.844	1.34214				2
2025.05.23	01:52:33.390	1.34215				2
2025.05.23	01:52:35.235	1.34216				2
2025.05.23	01:52:37.701		1.34219			4
2025.05.23	01:52:38.939	1.34219	1.34223			6
2025.05.23	01:52:39.248		1.34224			4
2025.05.23	01:52:40.171	1.34218				2
2025.05.23	01:52:42.335	1.34219				2
2025.05.23	01:52:44.182	1.34220				2
2025.05.23	01:52:49.123	1.34219				2
2025.05.23	01:52:50.357	1.34217	1.34222			6
2025.05.23	01:52:50.662	1.34216	1.34221			6
2025.05.23	01:52:51.280	1.34215				2
2025.05.23	01:52:52.822	1.34214	1.34220			6
2025.05.23	01:52:53.135	1.34215	1.34221			6
2025.05.23	01:52:59.323	1.34216				2
2025.05.23	01:53:00.249	1.34216				2
2025.05.23	01:53:06.401	1.34217				2
2025.05.23	01:53:07.317	1.34216				2
2025.05.23	01:53:08.550	1.34217				2
2025.05.23	01:53:08.856	1.34216				2
2025.05.23	01:53:10.074	1.34217				2
2025.05.23	01:53:13.450	1.34216				2
2025.05.23	01:53:18.347		1.34220			4
2025.05.23	01:53:21.099	1.34217	1.34221			6
2025.05.23	01:53:23.243	1.34216	1.34220			6
2025.05.23	01:53:25.081	1.34217	1.34221			6
2025.05.23	01:53:25.393	1.34216	1.34220			6
2025.05.23	01:53:26.310	1.34217	1.34221			6
2025.05.23	01:53:27.852	1.34216	1.34220			6
2025.05.23	01:53:33.918	1.34217	1.34221			6
2025.05.23	01:53:36.338	1.34216	1.34220			6
2025.05.23	01:53:42.814	1.34217	1.34221			6
2025.05.23	01:53:43.116	1.34216	1.34220			6
2025.05.23	01:53:46.206	1.34217	1.34221			6
2025.05.23	01:53:50.532		1.34220			4
2025.05.23	01:53:50.838	1.34216				2
2025.05.23	01:53:53.311	1.34218				2
2025.05.23	01:53:55.436	1.34217				2
2025.05.23	01:53:55.737	1.34216	1.34219			6
2025.05.23	01:53:56.345	1.34215				2
2025.05.23	01:54:00.042	1.34214	1.34218			6
2025.05.23	01:54:01.277	1.34215	1.34219			6
2025.05.23	01:54:09.308	1.34216				2
2025.05.23	01:54:18.147	1.34217	1.34220			6
2025.05.23	01:54:19.060	1.34216	1.34219			6
2025.05.23	01:54:25.805	1.34217	1.34220			6
2025.05.23	01:54:26.415	1.34216	1.34218			6
2025.05.23	01:54:28.851	1.34217				2
2025.05.23	01:54:34.333	1.34216				2
2025.05.23	01:54:35.257	1.34217				2
2025.05.23	01:54:38.940	1.34216				2
2025.05.23	01:54:50.544	1.34213	1.34215			6
2025.05.23	01:54:51.157	1.34212				2
2025.05.23	01:55:00.104	1.34212				2
2025.05.23	01:55:02.880		1.34216			4
2025.05.23	01:55:03.495	1.34216	1.34219			6
2025.05.23	01:55:24.483	1.34215				2
2025.05.23	01:55:24.784	1.34216				2
2025.05.23	01:55:26.025	1.34215				2
2025.05.23	01:55:26.332	1.34216				2
2025.05.23	01:55:29.425	1.34215				2
2025.05.23	01:55:30.653	1.34216				2
2025.05.23	01:55:31.576	1.34215				2
2025.05.23	01:55:31.884	1.34216				2
2025.05.23	01:55:33.125	1.34215				2
2025.05.23	01:55:33.430	1.34216				2
2025.05.23	01:55:34.359	1.34215				2
2025.05.23	01:55:39.596	1.34216				2
2025.05.23	01:55:48.240	1.34217				2
2025.05.23	01:55:49.162	1.34216				2
2025.05.23	01:55:57.707	1.34217				2
2025.05.23	01:55:58.314		1.34220			4
2025.05.23	01:56:00.148	1.34216	1.34219			6
2025.05.23	01:56:01.058	1.34217	1.34220			6
2025.05.23	01:56:06.537	1.34216	1.34217			6
2025.05.23	01:56:06.839	1.34217	1.34220			6
2025.05.23	01:56:10.532	1.34216	1.34219			6
2025.05.23	01:56:13.296	1.34217	1.34220			6
2025.05.23	01:56:18.511	1.34221	1.34224			6
2025.05.23	01:56:20.346	1.34220				2
2025.05.23	01:56:28.174	1.34221				2
2025.05.23	01:56:36.432	1.34222	1.34225			6
2025.05.23	01:56:36.738	1.34223	1.34226			6
2025.05.23	01:56:59.132	1.34222	1.34225			6
2025.05.23	01:57:00.059	1.34222				2
2025.05.23	01:57:00.360	1.34223				2
2025.05.23	01:57:01.289		1.34226			4
2025.05.23	01:57:01.591	1.34230	1.34233			6
2025.05.23	01:57:02.201	1.34228				2
2025.05.23	01:57:18.250	1.34227	1.34230			6
2025.05.23	01:57:19.174	1.34226				2
2025.05.23	01:57:28.114		1.34229			4
2025.05.23	01:57:28.426		1.34230			4
2025.05.23	01:57:29.039	1.34225	1.34229			6
2025.05.23	01:57:29.352	1.34226				2
2025.05.23	01:57:35.832	1.34227				2
2025.05.23	01:57:40.449	1.34225				2
2025.05.23	01:57:40.758	1.34226				2
2025.05.23	01:57:41.684	1.34225				2
2025.05.23	01:57:41.998	1.34226				2
2025.05.23	01:57:43.543	1.34225				2
2025.05.23	01:57:44.160	1.34226				2
2025.05.23	01:57:46.328		1.34230			4
2025.05.23	01:57:46.633	1.34233	1.34237			6
2025.05.23	01:57:46.941	1.34234				2
2025.05.23	01:57:47.255	1.34231	1.34236			6
2025.05.23	01:58:00.208	1.34231				2
2025.05.23	01:58:04.207		1.34235			4
2025.05.23	01:58:07.290	1.34232				2
2025.05.23	01:58:14.077		1.34234			4
2025.05.23	01:58:14.381	1.34231				2
2025.05.23	01:58:18.095		1.34233			4
2025.05.23	01:58:18.397		1.34234			4
2025.05.23	01:58:19.008	1.34232	1.34236			6
2025.05.23	01:58:19.323	1.34234	1.34237			6
2025.05.23	01:58:20.245	1.34233				2
2025.05.23	01:58:21.168	1.34234				2
2025.05.23	01:58:24.256		1.34238			4
2025.05.23	01:58:27.335		1.34237			4
2025.05.23	01:58:32.275	1.34233				2
2025.05.23	01:58:34.120	1.34234	1.34238			6
2025.05.23	01:58:34.427	1.34235				2
2025.05.23	01:58:35.972		1.34239			4
2025.05.23	01:58:38.125	1.34236				2
2025.05.23	01:58:38.431	1.34235				2
2025.05.23	01:58:46.149	1.34234	1.34238			6
2025.05.23	01:58:48.621	1.34236				2
2025.05.23	01:58:50.482	1.34235				2
2025.05.23	01:58:51.093	1.34236				2
2025.05.23	01:58:54.792		1.34239			4
2025.05.23	01:58:56.950	1.34235				2
2025.05.23	01:59:00.034	1.34235				2
2025.05.23	01:59:01.882	1.34236				2
2025.05.23	01:59:02.189	1.34235				2
2025.05.23	01:59:03.117	1.34234	1.34238			6
2025.05.23	01:59:10.209	1.34235	1.34239			6
2025.05.23	01:59:10.516	1.34236				2
2025.05.23	01:59:11.134		1.34238			4
2025.05.23	01:59:13.600	1.34235				2
2025.05.23	01:59:15.456	1.34236	1.34239			6
2025.05.23	01:59:20.377	1.34235				2
2025.05.23	01:59:28.696	1.34238	1.34242			6
2025.05.23	01:59:34.555	1.34237				2
2025.05.23	01:59:41.336		1.34241			4
2025.05.23	01:59:41.950	1.34238	1.34242			6
2025.05.23	01:59:42.877	1.34236	1.34240			6
2025.05.23	01:59:44.721	1.34235				2
2025.05.23	01:59:51.195		1.34239			4
2025.05.23	01:59:54.906	1.34239	1.34243			6
2025.05.23	01:59:55.216		1.34244			4
2025.05.23	01:59:55.524		1.34245			4
2025.05.23	01:59:57.685		1.34244			4
2025.05.23	02:00:00.151	1.34242	1.34247			6
2025.05.23	02:00:00.466	1.34244	1.34248			6
2025.05.23	02:00:00.773	1.34243				2
2025.05.23	02:00:01.699	1.34244				2
2025.05.23	02:00:02.625	1.34243				2
2025.05.23	02:00:03.856	1.34244				2
2025.05.23	02:00:06.014	1.34243				2
2025.05.23	02:00:06.319	1.34239	1.34243			6
2025.05.23	02:00:06.632	1.34238				2
2025.05.23	02:00:06.945		1.34242			4
2025.05.23	02:00:07.247		1.34241			4
2025.05.23	02:00:10.016		1.34242			4
2025.05.23	02:00:10.635	1.34239	1.34243			6
2025.05.23	02:00:39.628	1.34240				2
2025.05.23	02:00:41.476	1.34238	1.34240			6
2025.05.23	02:00:42.719	1.34236				2
2025.05.23	02:00:43.338	1.34235				2
2025.05.23	02:00:52.878	1.34236	1.34241			6
2025.05.23	02:00:53.195	1.34235				2
2025.05.23	02:00:55.348	1.34236				2
2025.05.23	02:00:55.653	1.34237	1.34242			6
2025.05.23	02:00:56.276	1.34236				2
2025.05.23	02:00:56.582	1.34237				2
2025.05.23	02:00:58.430	1.34239	1.34245			6
2025.05.23	02:00:59.977		1.34244			4
2025.05.23	02:01:00.286	1.34239	1.34245			6
2025.05.23	02:01:02.441	1.34240				2
2025.05.23	02:01:03.363	1.34241				2
2025.05.23	02:01:04.599	1.34243	1.34247			6
2025.05.23	02:01:05.526	1.34242				2
2025.05.23	02:01:07.370	1.34241	1.34244			6
2025.05.23	02:01:11.065	1.34240				2
2025.05.23	02:01:12.302	1.34241				2
2025.05.23	02:01:12.610	1.34240				2
2025.05.23	02:01:16.306	1.34239	1.34241			6
2025.05.23	02:01:16.609	1.34238				2
2025.05.23	02:01:19.389	1.34241	1.34243			6
2025.05.23	02:01:20.637		1.34244			4
2025.05.23	02:01:23.413		1.34245			4
2025.05.23	02:01:41.312	1.34242				2
2025.05.23	02:01:41.931		1.34244			4
2025.05.23	02:01:47.496		1.34245			4
2025.05.23	02:02:00.116	1.34242				2
2025.05.23	02:02:00.721	1.34241	1.34244			6
2025.05.23	02:02:01.032	1.34242				2
2025.05.23	02:02:07.172	1.34241				2
2025.05.23	02:02:08.092	1.34240	1.34242			6
2025.05.23	02:02:10.228	1.34239				2
2025.05.23	02:02:14.825		1.34241			4
2025.05.23	02:02:22.173	1.34240				2
2025.05.23	02:02:24.909	1.34239				2
2025.05.23	02:02:26.740	1.34238				2
2025.05.23	02:02:36.260		1.34240			4
2025.05.23	02:02:39.610	1.34237				2
2025.05.23	02:02:39.915	1.34238				2
2025.05.23	02:02:42.963	1.34233	1.34236			6
2025.05.23	02:02:43.268	1.34232	1.34235			6
2025.05.23	02:02:44.172	1.34231	1.34236			6
2025.05.23	02:02:54.607	1.34230	1.34235			6
2025.05.23	02:02:57.064		1.34236			4
2025.05.23	02:02:57.371		1.34235			4
2025.05.23	02:02:59.213	1.34231				2
2025.05.23	02:03:00.131	1.34231				2
2025.05.23	02:03:00.441	1.34232				2
2025.05.23	02:03:00.746	1.34231				2
2025.05.23	02:03:03.808		1.34236			4
2025.05.23	02:03:04.115	1.34234	1.34239			6
2025.05.23	02:03:04.427	1.34235				2
2025.05.23	02:03:05.342	1.34234				2
2025.05.23	02:03:17.313		1.34240			4
2025.05.23	02:03:25.285	1.34235				2
2025.05.23	02:03:33.003	1.34236	1.34241			6
2025.05.23	02:03:37.329		1.34240			4
2025.05.23	02:03:44.684	1.34235	1.34239			6
2025.05.23	02:03:44.989	1.34236	1.34240			6
2025.05.23	02:03:46.205	1.34235	1.34239			6
2025.05.23	02:03:50.813	1.34234	1.34238			6
2025.05.23	02:03:52.048	1.34235	1.34239			6
2025.05.23	02:03:59.143	1.34236				2
2025.05.23	02:04:00.056	1.34236				2
2025.05.23	02:04:00.356	1.34235	1.34238			6
2025.05.23	02:04:01.276	1.34234				2
2025.05.23	02:04:03.125	1.34235				2
2025.05.23	02:04:06.175	1.34236	1.34239			6
2025.05.23	02:04:12.586	1.34241	1.34244			6
2025.05.23	02:04:12.887	1.34247	1.34250			6
2025.05.23	02:04:13.188	1.34245				2
2025.05.23	02:04:14.725	1.34244				2
2025.05.23	02:04:15.946	1.34245				2
2025.05.23	02:04:20.272	1.34244				2
2025.05.23	02:04:20.886	1.34245				2
2025.05.23	02:04:21.193	1.34244				2
2025.05.23	02:04:24.292	1.34245				2
2025.05.23	02:04:26.760		1.34252			4
2025.05.23	02:04:27.375	1.34244	1.34251			6
2025.05.23	02:04:29.226		1.34250			4
2025.05.23	02:04:31.695	1.34245				2
2025.05.23	02:04:33.547	1.34246				2
2025.05.23	02:04:34.163	1.34245				2
2025.05.23	02:04:37.244	1.34244				2
2025.05.23	02:04:38.171	1.34245				2
2025.05.23	02:04:39.405	1.34244				2
2025.05.23	02:04:41.247	1.34245				2
2025.05.23	02:04:47.730	1.34246	1.34251			6
2025.05.23	02:04:48.038	1.34248				2
2025.05.23	02:04:49.277	1.34247				2
2025.05.23	02:04:50.207	1.34248	1.34252			6
2025.05.23	02:04:54.208	1.34249				2
2025.05.23	02:04:55.135	1.34248				2
2025.05.23	02:04:56.680	1.34249				2
2025.05.23	02:04:56.988	1.34248				2
2025.05.23	02:04:59.464	1.34247				2
2025.05.23	02:05:00.086	1.34248	1.34253			6
2025.05.23	02:05:00.394	1.34250	1.34256			6
2025.05.23	02:05:01.019	1.34251	1.34255			6
2025.05.23	02:05:01.331	1.34250				2
2025.05.23	02:05:02.253	1.34258	1.34262			6
2025.05.23	02:05:02.565	1.34257				2
2025.05.23	02:05:03.181	1.34255	1.34260			6
2025.05.23	02:05:03.485	1.34254				2
2025.05.23	02:05:04.408	1.34252	1.34257			6
2025.05.23	02:05:06.255	1.34251	1.34255			6
2025.05.23	02:05:06.872	1.34250				2
2025.05.23	02:05:20.137		1.34256			4
2025.05.23	02:05:20.447		1.34255			4
2025.05.23	02:05:34.332	1.34249				2
2025.05.23	02:05:34.953		1.34254			4
2025.05.23	02:05:36.501	1.34248				2
2025.05.23	02:05:42.054	1.34246	1.34250			6
2025.05.23	02:05:44.527	1.34245				2
2025.05.23	02:05:48.222	1.34246				2
2025.05.23	02:05:50.703		1.34252			4
2025.05.23	02:05:51.945		1.34251			4
2025.05.23	02:05:53.183		1.34252			4
2025.05.23	02:05:55.347		1.34251			4
2025.05.23	02:05:56.275		1.34252			4
2025.05.23	02:05:59.663	1.34247				2
2025.05.23	02:06:00.287	1.34247				2
2025.05.23	02:06:03.062	1.34246				2
2025.05.23	02:06:05.840		1.34251			4
2025.05.23	02:06:06.762		1.34252			4
2025.05.23	02:06:07.075	1.34247				2
2025.05.23	02:06:08.929	1.34246				2
2025.05.23	02:06:10.166	1.34250	1.34255			6
2025.05.23	02:06:15.412	1.34249				2
2025.05.23	02:06:15.721	1.34250				2
2025.05.23	02:06:17.264	1.34249				2
2025.05.23	02:06:17.577	1.34254	1.34258			6
2025.05.23	02:06:32.410	1.34253				2
2025.05.23	02:06:39.194	1.34254				2
2025.05.23	02:06:40.423	1.34253				2
2025.05.23	02:06:43.185	1.34254				2
2025.05.23	02:06:44.406	1.34259	1.34261			6
2025.05.23	02:06:44.709	1.34258				2
2025.05.23	02:06:45.320	1.34257				2
2025.05.23	02:06:46.246	1.34258	1.34262			6
2025.05.23	02:06:46.554	1.34257				2
2025.05.23	02:07:00.107	1.34257				2
2025.05.23	02:07:02.274	1.34258				2
2025.05.23	02:07:09.649	1.34257				2
2025.05.23	02:07:13.043	1.34258				2
2025.05.23	02:07:16.715	1.34259	1.34261			6
2025.05.23	02:07:17.016	1.34258	1.34262			6
2025.05.23	02:07:22.509	1.34260	1.34264			6
2025.05.23	02:07:22.817	1.34259	1.34263			6
2025.05.23	02:07:24.031	1.34258	1.34262			6
2025.05.23	02:07:30.166		1.34261			4
2025.05.23	02:07:31.088	1.34256	1.34260			6
2025.05.23	02:07:31.393	1.34255	1.34258			6
2025.05.23	02:07:31.698	1.34254				2
2025.05.23	02:07:42.093	1.34255				2
2025.05.23	02:07:42.395	1.34254				2
2025.05.23	02:07:42.998	1.34255				2
2025.05.23	02:07:44.835	1.34254				2
2025.05.23	02:07:46.984	1.34255				2
2025.05.23	02:07:47.904	1.34254				2
2025.05.23	02:07:51.287	1.34255	1.34259			6
2025.05.23	02:07:53.125	1.34258	1.34262			6
2025.05.23	02:07:53.738	1.34257	1.34261			6
2025.05.23	02:07:54.659	1.34256				2
2025.05.23	02:07:56.809	1.34258				2
2025.05.23	02:07:58.026	1.34257				2
2025.05.23	02:08:00.172	1.34257				2
2025.05.23	02:08:00.480	1.34252	1.34253			6
2025.05.23	02:08:00.783	1.34245	1.34248			6
2025.05.23	02:08:01.402		1.34249			4
2025.05.23	02:08:02.316	1.34244				2
2025.05.23	02:08:06.023	1.34243				2
2025.05.23	02:08:08.185	1.34242	1.34247			6
2025.05.23	02:08:08.800	1.34243	1.34248			6
2025.05.23	02:08:09.727	1.34247	1.34251			6
2025.05.23	02:08:10.963		1.34252			4
2025.05.23	02:08:12.814		1.34251			4
2025.05.23	02:08:13.121		1.34252			4
2025.05.23	02:08:23.920	1.34246	1.34251			6
2025.05.23	02:08:27.304	1.34247				2
2025.05.23	02:08:32.244	1.34245	1.34249			6
2025.05.23	02:08:35.638		1.34248			4
2025.05.23	02:08:35.944	1.34247	1.34251			6
2025.05.23	02:08:37.180		1.34249			4
2025.05.23	02:08:37.490	1.34245				2
2025.05.23	02:08:38.733	1.34244				2
2025.05.23	02:08:41.508	1.34249	1.34253			6
2025.05.23	02:08:47.069	1.34251	1.34255			6
2025.05.23	02:08:47.377	1.34250	1.34254			6
2025.05.23	02:08:47.995		1.34256			4
2025.05.23	02:08:48.300		1.34255			4
2025.05.23	02:08:51.380		1.34254			4
2025.05.23	02:08:51.684		1.34255			4
2025.05.23	02:09:00.017	1.34250				2
2025.05.23	02:09:01.253	1.34251				2
2025.05.23	02:09:02.171	1.34250				2
2025.05.23	02:09:03.097		1.34254			4
2025.05.23	02:09:05.569	1.34252	1.34256			6
2025.05.23	02:09:05.877	1.34251				2
2025.05.23	02:09:10.802	1.34255	1.34260			6
2025.05.23	02:09:11.738	1.34254				2
2025.05.23	02:09:16.991		1.34259			4
2025.05.23	02:09:19.767	1.34253				2
2025.05.23	02:09:20.077	1.34254				2
2025.05.23	02:09:20.391	1.34253				2
2025.05.23	02:09:20.697	1.34254				2
2025.05.23	02:09:30.268	1.34255				2
2025.05.23	02:09:32.118	1.34254				2
2025.05.23	02:09:33.047	1.34253	1.34256			6
2025.05.23	02:09:33.659	1.34252				2
2025.05.23	02:09:34.279	1.34250	1.34255			6
2025.05.23	02:09:35.203		1.34254			4
2025.05.23	02:09:35.515	1.34249				2
2025.05.23	02:09:54.336	1.34248	1.34253			6
2025.05.23	02:09:55.267	1.34249				2
2025.05.23	02:09:56.171	1.34248				2
2025.05.23	02:09:57.084	1.34246	1.34251			6
2025.05.23	02:09:57.692		1.34250			4
2025.05.23	02:09:58.000	1.34245				2
2025.05.23	02:10:00.164	1.34245				2
2025.05.23	02:10:00.477	1.34244				2
2025.05.23	02:10:02.329	1.34245				2
2025.05.23	02:10:03.556	1.34242	1.34246			6
2025.05.23	02:10:03.858		1.34245			4
2025.05.23	02:10:04.772	1.34241				2
2025.05.23	02:10:05.379	1.34240				2
2025.05.23	02:10:05.687	1.34243	1.34247			6
2025.05.23	02:10:06.311	1.34242	1.34245			6
2025.05.23	02:10:06.615	1.34241				2
2025.05.23	02:10:06.925	1.34240				2
2025.05.23	02:10:13.108	1.34241				2
2025.05.23	02:10:24.802	1.34244	1.34247			6
2025.05.23	02:10:26.317	1.34242				2
2025.05.23	02:10:29.397	1.34243				2
2025.05.23	02:10:31.856	1.34244				2
2025.05.23	02:10:34.937	1.34242	1.34243			6
2025.05.23	02:10:35.240	1.34237	1.34240			6
2025.05.23	02:10:35.542	1.34235	1.34239			6
2025.05.23	02:10:35.849	1.34234	1.34238			6
2025.05.23	02:10:36.165	1.34233				2
2025.05.23	02:10:36.465	1.34232				2
2025.05.23	02:10:36.777		1.34237			4
2025.05.23	02:10:38.008	1.34233	1.34238			6
2025.05.23	02:10:38.627	1.34232				2
2025.05.23	02:10:40.787	1.34234				2
2025.05.23	02:10:41.099	1.34236	1.34240			6
2025.05.23	02:10:41.403	1.34235				2
2025.05.23	02:10:45.106	1.34234				2
2025.05.23	02:10:49.748	1.34235				2
2025.05.23	02:10:50.360	1.34234				2
2025.05.23	02:10:50.974	1.34235				2
2025.05.23	02:10:58.381	1.34232	1.34237			6
2025.05.23	02:11:00.233	1.34232				2
2025.05.23	02:11:00.850	1.34231				2
2025.05.23	02:11:01.776	1.34232				2
2025.05.23	02:11:03.014	1.34231	1.34235			6
2025.05.23	02:11:03.630	1.34230				2
2025.05.23	02:11:05.171	1.34233	1.34237			6
2025.05.23	02:11:05.780	1.34232				2
2025.05.23	02:11:07.636	1.34231	1.34235			6
2025.05.23	02:11:16.899	1.34229				2
2025.05.23	02:11:17.211	1.34230				2
2025.05.23	02:11:22.156	1.34229				2
2025.05.23	02:11:27.098	1.34230				2
2025.05.23	02:11:30.198	1.34231				2
2025.05.23	02:11:47.428	1.34230	1.34234			6
2025.05.23	02:11:52.301	1.34233	1.34237			6
2025.05.23	02:11:52.610	1.34234	1.34238			6
2025.05.23	02:11:53.535	1.34235				2
2025.05.23	02:11:55.073	1.34234				2
2025.05.23	02:11:55.379	1.34235				2
2025.05.23	02:11:56.308	1.34234				2
2025.05.23	02:11:57.541	1.34235				2
2025.05.23	02:11:58.149		1.34239			4
2025.05.23	02:11:58.771	1.34237	1.34240			6
2025.05.23	02:11:59.093	1.34240	1.34243			6
2025.05.23	02:12:00.019	1.34241				2
2025.05.23	02:12:00.329	1.34239				2
2025.05.23	02:12:00.642	1.34238				2
2025.05.23	02:12:04.340		1.34241			4
2025.05.23	02:12:04.648	1.34236				2
2025.05.23	02:12:04.960	1.34238				2
2025.05.23	02:12:05.881	1.34237				2
2025.05.23	02:12:08.655		1.34243			4
2025.05.23	02:12:18.245	1.34240				2
2025.05.23	02:12:19.181	1.34238				2
2025.05.23	02:12:24.130	1.34239				2
2025.05.23	02:12:34.337	1.34238	1.34242			6
2025.05.23	02:12:44.430	1.34239	1.34243			6
2025.05.23	02:12:45.042	1.34238	1.34242			6
2025.05.23	02:12:49.322	1.34239				2
2025.05.23	02:13:00.005	1.34239				2
2025.05.23	02:13:03.057	1.34237	1.34240			6
2025.05.23	02:13:03.975	1.34238	1.34239			6
2025.05.23	02:13:04.281	1.34237				2
2025.05.23	02:13:04.587	1.34238	1.34241			6
2025.05.23	02:13:06.421	1.34237	1.34240			6
2025.05.23	02:13:07.633	1.34236	1.34239			6
2025.05.23	02:13:14.029	1.34235	1.34238			6
2025.05.23	02:13:18.303	1.34231	1.34234			6
2025.05.23	02:13:18.609	1.34230	1.34233			6
2025.05.23	02:13:19.222	1.34229	1.34234			6
2025.05.23	02:13:20.750	1.34230	1.34235			6
2025.05.23	02:13:24.462	1.34229	1.34234			6
2025.05.23	02:13:27.240		1.34233			4
2025.05.23	02:13:37.740	1.34227	1.34230			6
2025.05.23	02:13:38.367	1.34226				2
2025.05.23	02:13:44.846	1.34225	1.34229			6
2025.05.23	02:13:45.156	1.34224	1.34228			6
2025.05.23	02:13:46.699	1.34225	1.34229			6
2025.05.23	02:13:47.008	1.34224	1.34228			6
2025.05.23	02:13:47.313	1.34225	1.34229			6
2025.05.23	02:13:58.685	1.34224	1.34228			6
2025.05.23	02:14:00.218	1.34225				2
2025.05.23	02:14:00.519	1.34229	1.34232			6
2025.05.23	02:14:01.123	1.34228				2
2025.05.23	02:14:01.424	1.34227	1.34230			6
2025.05.23	02:14:01.732	1.34226				2
2025.05.23	02:14:02.651	1.34225				2
2025.05.23	02:14:10.718	1.34224	1.34228			6
2025.05.23	02:14:11.023	1.34223				2
2025.05.23	02:14:12.861	1.34221	1.34225			6
2025.05.23	02:14:18.380	1.34218	1.34222			6
2025.05.23	02:14:19.597	1.34217				2
2025.05.23	02:14:20.211		1.34220			4
2025.05.23	02:14:29.785		1.34221			4
2025.05.23	02:14:34.093	1.34215	1.34219			6
2025.05.23	02:14:35.652	1.34214	1.34218			6
2025.05.23	02:14:35.970	1.34215	1.34219			6
2025.05.23	02:14:37.505	1.34214	1.34218			6
2025.05.23	02:14:39.057	1.34215	1.34219			6
2025.05.23	02:14:39.366	1.34214	1.34218			6
2025.05.23	02:14:43.076	1.34215	1.34219			6
2025.05.23	02:14:47.708	1.34216	1.34220			6
2025.05.23	02:14:53.276	1.34215	1.34219			6
2025.05.23	02:14:54.198	1.34216				2
2025.05.23	02:15:00.031	1.34216				2
2025.05.23	02:15:01.246	1.34215	1.34218			6
2025.05.23	02:15:08.885		1.34217			4
2025.05.23	02:15:09.187	1.34214				2
2025.05.23	02:15:10.723	1.34216	1.34218			6
2025.05.23	02:15:11.330	1.34215				2
2025.05.23	02:15:12.557	1.34216	1.34219			6
2025.05.23	02:15:21.127	1.34215	1.34218			6
2025.05.23	02:15:22.350	1.34214	1.34217			6
2025.05.23	02:15:23.878	1.34216	1.34218			6
2025.05.23	02:15:24.181	1.34214	1.34217			6
2025.05.23	02:15:25.401	1.34213	1.34216			6
2025.05.23	02:15:31.187		1.34215			4
2025.05.23	02:15:32.414	1.34212				2
2025.05.23	02:15:35.199	1.34213	1.34216			6
2025.05.23	02:15:35.818	1.34217	1.34219			6
2025.05.23	02:15:36.133	1.34216				2
2025.05.23	02:15:37.056	1.34217				2
2025.05.23	02:15:39.522	1.34216				2
2025.05.23	02:15:55.451		1.34218			4
2025.05.23	02:15:55.757	1.34213	1.34215			6
2025.05.23	02:15:56.063	1.34212				2
2025.05.23	02:16:00.039	1.34212				2
2025.05.23	02:16:00.346		1.34214			4
2025.05.23	02:16:05.552		1.34215			4
2025.05.23	02:16:19.658	1.34216	1.34217			6
2025.05.23	02:16:21.191	1.34215				2
2025.05.23	02:16:36.220	1.34216				2
2025.05.23	02:16:36.527	1.34215				2
2025.05.23	02:16:36.834	1.34216				2
2025.05.23	02:16:45.107		1.34218			4
2025.05.23	02:16:45.415	1.34217				2
2025.05.23	02:16:46.029	1.34216				2
2025.05.23	02:16:57.378	1.34219	1.34220			6
2025.05.23	02:16:57.680	1.34220	1.34222			6
2025.05.23	02:16:58.305	1.34219				2
2025.05.23	02:17:00.150	1.34219				2
2025.05.23	02:17:13.353	1.34221	1.34224			6
2025.05.23	02:17:55.852	1.34222				2
2025.05.23	02:17:56.161	1.34221				2
2025.05.23	02:18:00.175	1.34221				2
2025.05.23	02:18:03.257	1.34222				2
2025.05.23	02:18:13.427		1.34224			4
2025.05.23	02:18:21.767	1.34225	1.34226			6
2025.05.23	02:18:22.073	1.34227	1.34228			6
2025.05.23	02:18:22.381	1.34226				2
2025.05.23	02:18:33.158	1.34227				2
2025.05.23	02:18:35.011	1.34226				2
2025.05.23	02:18:35.940	1.34224	1.34225			6
2025.05.23	02:18:36.246	1.34223				2
2025.05.23	02:18:39.342	1.34225	1.34228			6
2025.05.23	02:18:40.883		1.34226			4
2025.05.23	02:18:43.964	1.34227	1.34228			6
2025.05.23	02:18:46.133	1.34230	1.34231			6
2025.05.23	02:18:47.065	1.34229				2
2025.05.23	02:18:47.376	1.34228				2
2025.05.23	02:18:50.459		1.34230			4
2025.05.23	02:18:50.770	1.34227				2
2025.05.23	02:18:51.997		1.34228			4
2025.05.23	02:18:53.232	1.34226				2
2025.05.23	02:18:55.076	1.34227	1.34229			6
2025.05.23	02:18:57.231	1.34228				2
2025.05.23	02:19:00.014	1.34228				2
2025.05.23	02:19:02.476	1.34227				2
2025.05.23	02:19:09.565		1.34230			4
2025.05.23	02:19:19.115	1.34228				2
2025.05.23	02:19:31.605	1.34229				2
2025.05.23	02:19:58.386	1.34230	1.34232			6
2025.05.23	02:19:59.312	1.34232	1.34233			6
2025.05.23	02:19:59.620	1.34233	1.34234			6
2025.05.23	02:19:59.923	1.34232	1.34233			6
2025.05.23	02:20:00.242	1.34232				2
2025.05.23	02:20:17.211	1.34233	1.34234			6
2025.05.23	02:20:21.523	1.34231	1.34232			6
2025.05.23	02:20:22.764	1.34230				2
2025.05.23	02:20:31.089	1.34229				2
2025.05.23	02:20:33.563	1.34230				2
2025.05.23	02:20:43.742	1.34231	1.34233			6
2025.05.23	02:21:00.081	1.34231				2
2025.05.23	02:21:00.704	1.34230				2
2025.05.23	02:21:01.317	1.34228	1.34229			6
2025.05.23	02:21:01.623	1.34224	1.34225			6
2025.05.23	02:21:02.241	1.34226	1.34227			6
2025.05.23	02:21:03.172	1.34225	1.34226			6
2025.05.23	02:21:03.480	1.34224				2
2025.05.23	02:21:11.507	1.34225				2
2025.05.23	02:21:12.127	1.34226	1.34227			6
2025.05.23	02:21:30.018	1.34225	1.34226			6
2025.05.23	02:21:31.253	1.34224				2
2025.05.23	02:21:33.717	1.34225				2
2025.05.23	02:21:37.112	1.34226	1.34227			6
2025.05.23	02:21:40.812	1.34227	1.34228			6
2025.05.23	02:21:42.045	1.34226	1.34227			6
2025.05.23	02:21:57.136	1.34224	1.34225			6
2025.05.23	02:22:00.224	1.34224				2
2025.05.23	02:22:01.459	1.34223				2
2025.05.23	02:22:01.759	1.34226	1.34227			6
2025.05.23	02:22:03.311	1.34224	1.34226			6
2025.05.23	02:22:05.466	1.34223				2
2025.05.23	02:22:15.328		1.34225			4
2025.05.23	02:22:16.570	1.34222				2
2025.05.23	02:22:21.810	1.34223	1.34226			6
2025.05.23	02:22:24.585		1.34225			4
2025.05.23	02:22:28.290	1.34224				2
2025.05.23	02:22:31.378	1.34222	1.34223			6
2025.05.23	02:22:32.298	1.34223	1.34224			6
2025.05.23	02:22:33.530	1.34222	1.34223			6
2025.05.23	02:22:34.149	1.34221				2
2025.05.23	02:22:35.387	1.34222				2
2025.05.23	02:23:00.046	1.34222				2
2025.05.23	02:23:05.914	1.34223	1.34224			6
2025.05.23	02:23:08.378	1.34226	1.34227			6
2025.05.23	02:23:09.304	1.34225	1.34226			6
2025.05.23	02:23:12.706	1.34226	1.34227			6
2025.05.23	02:23:17.336	1.34225	1.34226			6
2025.05.23	02:23:19.802	1.34226	1.34227			6
2025.05.23	02:23:24.421	1.34228	1.34229			6
2025.05.23	02:23:24.731	1.34227				2
2025.05.23	02:23:27.505	1.34226				2
2025.05.23	02:23:34.286		1.34228			4
2025.05.23	02:23:38.291	1.34227				2
2025.05.23	02:24:00.081	1.34227				2
2025.05.23	02:24:01.615	1.34226	1.34227			6
2025.05.23	02:24:08.660	1.34225	1.34226			6
2025.05.23	02:24:09.576	1.34224				2
2025.05.23	02:24:10.194	1.34223				2
2025.05.23	02:24:10.507	1.34224				2
2025.05.23	02:24:10.816	1.34223	1.34224			6
2025.05.23	02:24:12.361	1.34222				2
2025.05.23	02:24:16.679	1.34223				2
2025.05.23	02:24:18.522	1.34222				2
2025.05.23	02:24:19.445	1.34223				2
2025.05.23	02:24:24.691	1.34222	1.34223			6
2025.05.23	02:24:24.994	1.34218	1.34219			6
2025.05.23	02:24:25.310	1.34216				2
2025.05.23	02:24:25.918	1.34217	1.34218			6
2025.05.23	02:24:26.536	1.34216	1.34217			6
2025.05.23	02:24:31.170	1.34215				2
2025.05.23	02:24:31.477	1.34216				2
2025.05.23	02:24:33.023	1.34220	1.34221			6
2025.05.23	02:24:33.957	1.34219				2
2025.05.23	02:24:34.268	1.34218				2
2025.05.23	02:24:36.430	1.34219				2
2025.05.23	02:24:47.847	1.34218				2
2025.05.23	02:24:49.087	1.34217				2
2025.05.23	02:24:51.246	1.34218				2
2025.05.23	02:24:53.706		1.34220			4
2025.05.23	02:25:00.188	1.34219				2
2025.05.23	02:25:11.286	1.34217	1.34219			6
2025.05.23	02:25:11.594	1.34218				2
2025.05.23	02:25:12.204	1.34217				2
2025.05.23	02:25:12.520	1.34218	1.34221			6
2025.05.23	02:25:17.451	1.34219	1.34222			6
2025.05.23	02:25:17.763	1.34218	1.34220			6
2025.05.23	02:25:18.380	1.34217				2
2025.05.23	02:25:20.539	1.34218				2
2025.05.23	02:25:24.547	1.34217				2
2025.05.23	02:25:29.498	1.34216				2
2025.05.23	02:25:35.353	1.34217				2
2025.05.23	02:25:39.929	1.34218				2
2025.05.23	02:25:40.849	1.34217				2
2025.05.23	02:25:41.157	1.34218				2
2025.05.23	02:25:41.460	1.34219				2
2025.05.23	02:25:42.379	1.34218				2
2025.05.23	02:25:46.360	1.34219				2
2025.05.23	02:25:46.666	1.34218				2
2025.05.23	02:25:48.491	1.34219				2
2025.05.23	02:25:49.400	1.34220	1.34222			6
2025.05.23	02:25:50.008	1.34221				2
2025.05.23	02:25:50.310	1.34219				2
2025.05.23	02:25:50.616	1.34220				2
2025.05.23	02:25:57.960	1.34219				2
2025.05.23	02:25:58.264	1.34220				2
2025.05.23	02:25:58.571	1.34219				2
2025.05.23	02:25:59.486		1.34223			4
2025.05.23	02:25:59.790	1.34220				2
2025.05.23	02:26:00.105	1.34220				2
2025.05.23	02:26:00.714	1.34219	1.34222			6
2025.05.23	02:26:01.635	1.34216	1.34217			6
2025.05.23	02:26:01.939	1.34215	1.34218			6
2025.05.23	02:26:03.169	1.34211	1.34215			6
2025.05.23	02:26:28.799	1.34215	1.34217			6
2025.05.23	02:26:30.032	1.34216				2
2025.05.23	02:26:30.338	1.34214				2
2025.05.23	02:26:31.573	1.34215				2
2025.05.23	02:26:35.273		1.34216			4
2025.05.23	02:26:35.578	1.34212	1.34215			6
2025.05.23	02:26:38.363	1.34215	1.34217			6
2025.05.23	02:26:58.459	1.34214				2
2025.05.23	02:27:00.000	1.34214				2
2025.05.23	02:27:06.191	1.34213	1.34215			6
2025.05.23	02:27:06.503	1.34212				2
2025.05.23	02:27:09.591	1.34214	1.34217			6
2025.05.23	02:27:16.684	1.34215				2
2025.05.23	02:27:17.305	1.34216	1.34220			6
2025.05.23	02:27:19.459	1.34214	1.34218			6
2025.05.23	02:27:20.386	1.34213				2
2025.05.23	02:27:22.551	1.34214				2
2025.05.23	02:27:26.569	1.34213	1.34217			6
2025.05.23	02:27:32.435	1.34212				2
2025.05.23	02:27:34.912	1.34213				2
2025.05.23	02:27:35.839	1.34212				2
2025.05.23	02:27:37.378	1.34211				2
2025.05.23	02:27:37.686		1.34215			4
2025.05.23	02:27:38.290	1.34212	1.34216			6
2025.05.23	02:27:42.324	1.34213				2
2025.05.23	02:27:44.486		1.34217			4
2025.05.23	02:28:00.063	1.34213				2
2025.05.23	02:28:11.340	1.34214				2
2025.05.23	02:28:13.175	1.34213	1.34216			6
2025.05.23	02:28:14.082	1.34214	1.34217			6
2025.05.23	02:28:14.384	1.34213	1.34216			6
2025.05.23	02:28:15.290	1.34214	1.34217			6
2025.05.23	02:28:40.057		1.34215			4
2025.05.23	02:28:40.364	1.34213				2
2025.05.23	02:28:41.284	1.34212				2
2025.05.23	02:28:45.248	1.34215	1.34218			6
2025.05.23	02:28:45.549		1.34217			4
2025.05.23	02:28:46.157	1.34214				2
2025.05.23	02:28:46.769	1.34213				2
2025.05.23	02:28:56.640	1.34214				2
2025.05.23	02:29:00.114	1.34214				2
2025.05.23	02:29:01.655		1.34218			4
2025.05.23	02:29:05.668	1.34216	1.34219			6
2025.05.23	02:29:06.296	1.34215				2
2025.05.23	02:29:06.598	1.34216				2
2025.05.23	02:29:06.910	1.34215				2
2025.05.23	02:29:07.523	1.34213	1.34215			6
2025.05.23	02:29:07.835	1.34212				2
2025.05.23	02:29:08.145	1.34211				2
2025.05.23	02:29:09.068		1.34216			4
2025.05.23	02:29:09.371	1.34212				2
2025.05.23	02:29:10.293	1.34211				2
2025.05.23	02:29:11.825		1.34215			4
2025.05.23	02:29:12.445	1.34210				2
2025.05.23	02:29:30.321	1.34211				2
2025.05.23	02:29:30.630	1.34213	1.34216			6
2025.05.23	02:29:31.250	1.34211				2
2025.05.23	02:29:31.865	1.34212				2
2025.05.23	02:29:34.031	1.34211	1.34215			6
2025.05.23	02:29:34.340	1.34210				2
2025.05.23	02:29:38.047	1.34212				2
2025.05.23	02:29:38.358	1.34211				2
2025.05.23	02:29:38.666	1.34210				2
2025.05.23	02:29:46.389	1.34213	1.34217			6
2025.05.23	02:29:46.692	1.34214				2
2025.05.23	02:29:47.008	1.34213				2
2025.05.23	02:29:48.257	1.34212	1.34215			6
2025.05.23	02:29:48.869		1.34216			4
2025.05.23	02:29:49.176	1.34213	1.34218			6
2025.05.23	02:29:49.488		1.34217			4
2025.05.23	02:29:53.819	1.34212				2
2025.05.23	02:29:54.753	1.34213				2
2025.05.23	02:29:56.297	1.34211	1.34215			6
2025.05.23	02:29:56.919	1.34210				2
2025.05.23	02:29:59.405	1.34211				2
2025.05.23	02:29:59.707	1.34210				2
2025.05.23	02:30:00.020	1.34210				2
2025.05.23	02:30:00.329	1.34212	1.34217			6
2025.05.23	02:30:00.637		1.34215			4
2025.05.23	02:30:00.951	1.34211				2
2025.05.23	02:30:01.266	1.34210				2
2025.05.23	02:30:03.127	1.34215	1.34220			6
2025.05.23	02:30:03.433	1.34216				2
2025.05.23	02:30:04.049	1.34215				2
2025.05.23	02:30:05.909	1.34214	1.34219			6
2025.05.23	02:30:06.216		1.34220			4
2025.05.23	02:30:08.816	1.34215				2
2025.05.23	02:30:10.986	1.34216	1.34222			6
2025.05.23	02:30:11.286	1.34218	1.34224			6
2025.05.23	02:30:11.606		1.34223			4
2025.05.23	02:30:12.229		1.34222			4
2025.05.23	02:30:12.533	1.34217				2
2025.05.23	02:30:12.837	1.34216				2
2025.05.23	02:30:13.143	1.34211	1.34215			6
2025.05.23	02:30:16.550	1.34204	1.34207			6
2025.05.23	02:30:17.175	1.34203				2
2025.05.23	02:30:22.422		1.34208			4
2025.05.23	02:30:23.965	1.34207	1.34211			6
2025.05.23	02:30:24.266	1.34209				2
2025.05.23	02:30:25.192	1.34208				2
2025.05.23	02:30:25.802	1.34206	1.34209			6
2025.05.23	02:30:29.192	1.34203	1.34206			6
2025.05.23	02:30:29.493	1.34204	1.34208			6
2025.05.23	02:30:38.152	1.34203	1.34209			6
2025.05.23	02:30:38.469	1.34202	1.34206			6
2025.05.23	02:30:38.773	1.34201				2
2025.05.23	02:30:39.708	1.34200				2
2025.05.23	02:30:42.496	1.34202	1.34207			6
2025.05.23	02:30:43.427	1.34203	1.34208			6
2025.05.23	02:30:47.763	1.34205	1.34210			6
2025.05.23	02:30:57.026	1.34206	1.34211			6
2025.05.23	02:30:57.328		1.34210			4
2025.05.23	02:30:57.646	1.34205				2
2025.05.23	02:30:58.267	1.34204				2
2025.05.23	02:30:59.194	1.34205				2
2025.05.23	02:31:00.129	1.34205				2
2025.05.23	02:31:01.051	1.34209	1.34214			6
2025.05.23	02:31:01.668	1.34208				2
2025.05.23	02:31:04.145	1.34209				2
2025.05.23	02:31:04.453		1.34213			4
2025.05.23	02:31:11.256	1.34208				2
2025.05.23	02:31:12.497		1.34214			4
2025.05.23	02:31:18.380		1.34213			4
2025.05.23	02:31:19.303	1.34207				2
2025.05.23	02:31:19.615	1.34208				2
2025.05.23	02:31:23.300	1.34207	1.34211			6
2025.05.23	02:31:23.607	1.34206				2
2025.05.23	02:31:24.223	1.34205	1.34209			6
2025.05.23	02:31:24.529	1.34204				2
2025.05.23	02:31:25.453	1.34203				2
2025.05.23	02:31:25.764	1.34204				2
2025.05.23	02:31:27.624	1.34203				2
2025.05.23	02:31:33.772		1.34208			4
2025.05.23	02:31:34.078	1.34202	1.34206			6
2025.05.23	02:31:35.311	1.34201				2
2025.05.23	02:31:41.146	1.34202				2
2025.05.23	02:31:48.810	1.34201				2
2025.05.23	02:31:49.111	1.34202				2
2025.05.23	02:31:51.257	1.34201				2
2025.05.23	02:31:56.771	1.34202	1.34207			6
2025.05.23	02:31:57.387	1.34203				2
2025.05.23	02:31:58.312	1.34202				2
2025.05.23	02:32:00.154	1.34202				2
2025.05.23	02:32:03.855	1.34203				2
2025.05.23	02:32:09.113	1.34204				2
2025.05.23	02:32:10.025	1.34203				2
2025.05.23	02:32:11.858	1.34204				2
2025.05.23	02:32:13.701	1.34203				2
2025.05.23	02:32:21.938	1.34202	1.34206			6
2025.05.23	02:32:22.247	1.34203				2
2025.05.23	02:32:22.558		1.34207			4
2025.05.23	02:32:22.868	1.34204				2
2025.05.23	02:32:34.313	1.34205				2
2025.05.23	02:32:35.541	1.34209	1.34210			6
2025.05.23	02:32:37.386	1.34208				2
2025.05.23	02:32:40.169	1.34209	1.34213			6
2025.05.23	02:32:41.403	1.34210				2
2025.05.23	02:32:41.715	1.34209				2
2025.05.23	02:32:53.387	1.34210				2
2025.05.23	02:33:00.081	1.34210				2
2025.05.23	02:33:04.346	1.34211				2
2025.05.23	02:33:06.185	1.34210				2
2025.05.23	02:33:06.792	1.34211				2
2025.05.23	02:33:07.709	1.34210				2
2025.05.23	02:33:10.141		1.34211			4
2025.05.23	02:33:10.753	1.34209	1.34210			6
2025.05.23	02:33:15.319	1.34211	1.34213			6
2025.05.23	02:33:16.237	1.34210				2
2025.05.23	02:33:17.164	1.34211				2
2025.05.23	02:33:21.142	1.34210				2
2025.05.23	02:33:22.062	1.34209	1.34212			6
2025.05.23	02:33:24.211	1.34210	1.34213			6
2025.05.23	02:33:24.515	1.34209	1.34212			6
2025.05.23	02:33:30.307	1.34208	1.34211			6
2025.05.23	02:33:30.916	1.34209	1.34212			6
2025.05.23	02:33:37.021	1.34208	1.34211			6
2025.05.23	02:33:37.329	1.34209	1.34212			6
2025.05.23	02:33:38.548	1.34208	1.34211			6
2025.05.23	02:33:39.164	1.34209	1.34212			6
2025.05.23	02:33:41.926	1.34208	1.34211			6
2025.05.23	02:33:47.418	1.34209	1.34212			6
2025.05.23	02:33:48.934	1.34208	1.34211			6
2025.05.23	02:33:49.235	1.34209	1.34212			6
2025.05.23	02:33:54.731	1.34212	1.34215			6
2025.05.23	02:33:55.035	1.34213				2
2025.05.23	02:33:56.262	1.34212				2
2025.05.23	02:34:00.263	1.34212				2
2025.05.23	02:34:07.354	1.34213				2
2025.05.23	02:34:08.262	1.34211	1.34214			6
2025.05.23	02:34:17.210		1.34213			4
2025.05.23	02:34:18.419		1.34214			4
2025.05.23	02:34:19.035		1.34213			4
2025.05.23	02:34:19.336		1.34214			4
2025.05.23	02:34:31.912	1.34219	1.34221			6
2025.05.23	02:34:33.143	1.34217				2
2025.05.23	02:34:33.760		1.34223			4
2025.05.23	02:34:34.997		1.34222			4
2025.05.23	02:34:35.305		1.34223			4
2025.05.23	02:34:41.156		1.34222			4
2025.05.23	02:34:41.457		1.34223			4
2025.05.23	02:34:46.710	1.34218	1.34224			6
2025.05.23	02:34:59.665	1.34223	1.34227			6
2025.05.23	02:34:59.968	1.34222	1.34226			6
2025.05.23	02:35:00.278	1.34222				2
2025.05.23	02:35:13.854		1.34227			4
2025.05.23	02:35:16.326	1.34223	1.34226			6
2025.05.23	02:35:22.459	1.34222	1.34225			6
2025.05.23	02:35:35.355	1.34223	1.34226			6
2025.05.23	02:35:37.216	1.34222	1.34225			6
2025.05.23	02:35:37.520	1.34220	1.34224			6
2025.05.23	02:35:38.140	1.34219	1.34221			6
2025.05.23	02:35:38.446	1.34218				2
2025.05.23	02:35:44.923	1.34217	1.34223			6
2025.05.23	02:35:47.387	1.34218	1.34224			6
2025.05.23	02:35:48.620	1.34221	1.34226			6
2025.05.23	02:35:48.929	1.34220				2
2025.05.23	02:35:49.239	1.34221				2
2025.05.23	02:35:52.328	1.34220				2
2025.05.23	02:35:56.027	1.34221				2
2025.05.23	02:35:56.331	1.34220	1.34225			6
2025.05.23	02:36:00.033	1.34219	1.34224			6
2025.05.23	02:36:09.913		1.34222			4
2025.05.23	02:36:10.846	1.34218				2
2025.05.23	02:36:14.245		1.34223			4
2025.05.23	02:36:14.549	1.34219	1.34224			6
2025.05.23	02:36:19.218		1.34223			4
2025.05.23	02:36:26.210	1.34218	1.34222			6
2025.05.23	02:36:34.134	1.34219	1.34223			6
2025.05.23	02:36:37.207	1.34220				2
2025.05.23	02:36:40.260	1.34217	1.34220			6
2025.05.23	02:36:40.568	1.34219	1.34222			6
2025.05.23	02:36:46.378	1.34218	1.34221			6
2025.05.23	02:36:46.998	1.34219	1.34222			6
2025.05.23	02:36:53.412	1.34222	1.34225			6
2025.05.23	02:36:54.326	1.34221				2
2025.05.23	02:36:54.952	1.34220	1.34224			6
2025.05.23	02:36:55.875	1.34219	1.34223			6
2025.05.23	02:37:00.184	1.34219				2
2025.05.23	02:37:01.111	1.34220				2
2025.05.23	02:37:04.176	1.34219	1.34222			6
2025.05.23	02:37:05.388		1.34221			4
2025.05.23	02:37:06.599	1.34218				2
2025.05.23	02:37:07.205	1.34219	1.34220			6
2025.05.23	02:37:07.512	1.34218				2
2025.05.23	02:37:09.034	1.34219				2
2025.05.23	02:37:10.561	1.34221	1.34224			6
2025.05.23	02:37:10.864	1.34222				2
2025.05.23	02:37:11.485	1.34223	1.34226			6
2025.05.23	02:37:14.880	1.34221	1.34224			6
2025.05.23	02:37:16.403	1.34222	1.34225			6
2025.05.23	02:37:25.965	1.34220	1.34223			6
2025.05.23	02:37:27.206		1.34222			4
2025.05.23	02:37:37.396	1.34218	1.34221			6
2025.05.23	02:37:39.248	1.34219				2
2025.05.23	02:37:42.001	1.34220	1.34223			6
2025.05.23	02:37:42.305		1.34222			4
2025.05.23	02:37:45.063		1.34223			4
2025.05.23	02:37:56.054	1.34223	1.34225			6
2025.05.23	02:37:56.357	1.34224				2
2025.05.23	02:37:57.283	1.34223				2
2025.05.23	02:37:58.206	1.34222				2
2025.05.23	02:37:58.521	1.34223				2
2025.05.23	02:37:59.136	1.34222				2
2025.05.23	02:38:00.062	1.34222				2
2025.05.23	02:38:04.669	1.34223				2
2025.05.23	02:38:06.204	1.34222				2
2025.05.23	02:38:06.505	1.34224	1.34226			6
2025.05.23	02:38:06.812		1.34227			4
2025.05.23	02:38:23.992		1.34226			4
2025.05.23	02:38:25.816		1.34227			4
2025.05.23	02:38:28.890		1.34226			4
2025.05.23	02:38:33.143		1.34227			4
2025.05.23	02:38:42.008		1.34226			4
2025.05.23	02:38:42.619		1.34227			4
2025.05.23	02:38:50.017		1.34226			4
2025.05.23	02:38:50.932		1.34225			4
2025.05.23	02:38:51.857		1.34226			4
2025.05.23	02:38:54.926		1.34227			4
2025.05.23	02:39:00.147	1.34224				2
2025.05.23	02:39:13.970		1.34226			4
2025.05.23	02:39:14.274		1.34227			4
2025.05.23	02:39:17.954		1.34226			4
2025.05.23	02:39:18.567		1.34227			4
2025.05.23	02:39:21.935		1.34226			4
2025.05.23	02:39:22.244		1.34227			4
2025.05.23	02:39:24.090		1.34226			4
2025.05.23	02:39:24.395		1.34227			4
2025.05.23	02:39:25.627		1.34226			4
2025.05.23	02:39:26.242		1.34227			4
2025.05.23	02:39:31.766	1.34225				2
2025.05.23	02:39:32.075	1.34224	1.34226			6
2025.05.23	02:39:40.960	1.34213	1.34214			6
2025.05.23	02:39:41.266	1.34211	1.34213			6
2025.05.23	02:39:43.120		1.34214			4
2025.05.23	02:39:50.825	1.34209	1.34212			6
2025.05.23	02:39:54.527	1.34210	1.34213			6
2025.05.23	02:40:00.071	1.34210				2
2025.05.23	02:40:23.820	1.34208	1.34209			6
2025.05.23	02:40:24.121	1.34204	1.34207			6
2025.05.23	02:40:24.429	1.34207	1.34210			6
2025.05.23	02:40:35.816	1.34206	1.34211			6
2025.05.23	02:40:36.122	1.34207				2
2025.05.23	02:40:45.020		1.34212			4
2025.05.23	02:40:46.248		1.34213			4
2025.05.23	02:40:46.859		1.34212			4
2025.05.23	02:40:48.699	1.34210	1.34213			6
2025.05.23	02:40:49.002	1.34211	1.34217			6
2025.05.23	02:40:49.307	1.34210	1.34214			6
2025.05.23	02:40:59.208		1.34213			4
2025.05.23	02:41:00.132	1.34210				2
2025.05.23	02:41:02.307		1.34214			4
2025.05.23	02:41:02.927		1.34213			4
2025.05.23	02:41:09.706	1.34203	1.34207			6
2025.05.23	02:41:10.013		1.34208			4
2025.05.23	02:41:16.788	1.34206	1.34209			6
2025.05.23	02:41:17.413	1.34205				2
2025.05.23	02:41:18.022	1.34204				2
2025.05.23	02:41:37.769	1.34206				2
2025.05.23	02:41:38.076	1.34203	1.34206			6
2025.05.23	02:41:45.166	1.34205	1.34210			6
2025.05.23	02:41:46.091	1.34206				2
2025.05.23	02:42:00.203	1.34206				2
2025.05.23	02:42:00.511		1.34211			4
2025.05.23	02:42:00.816		1.34210			4
2025.05.23	02:42:31.139	1.34207				2
2025.05.23	02:42:37.249	1.34206	1.34209			6
2025.05.23	02:43:00.156	1.34206				2
2025.05.23	02:43:01.691		1.34207			4
2025.05.23	02:43:09.054	1.34207	1.34209			6
2025.05.23	02:43:09.974	1.34206				2
2025.05.23	02:43:11.194	1.34207	1.34210			6
2025.05.23	02:43:15.766	1.34203	1.34206			6
2025.05.23	02:43:16.374	1.34202				2
2025.05.23	02:43:19.761	1.34203				2
2025.05.23	02:43:25.311		1.34205			4
2025.05.23	02:43:28.710		1.34206			4
2025.05.23	02:43:38.247		1.34205			4
2025.05.23	02:43:39.760		1.34206			4
2025.05.23	02:43:40.669	1.34204	1.34207			6
2025.05.23	02:43:40.979	1.34203	1.34206			6
2025.05.23	02:43:44.642	1.34206	1.34207			6
2025.05.23	02:43:46.167	1.34205				2
2025.05.23	02:43:46.481	1.34204				2
2025.05.23	02:43:48.323	1.34203				2
2025.05.23	02:43:50.478	1.34205	1.34208			6
2025.05.23	02:43:51.714	1.34204	1.34207			6
2025.05.23	02:43:53.249		1.34208			4
2025.05.23	02:43:56.639	1.34203	1.34207			6
2025.05.23	02:43:58.490	1.34204	1.34208			6
2025.05.23	02:44:00.027	1.34204				2
2025.05.23	02:44:03.400	1.34206	1.34210			6
2025.05.23	02:44:12.003	1.34211	1.34215			6
2025.05.23	02:44:12.306	1.34212	1.34216			6
2025.05.23	02:44:12.920	1.34213	1.34218			6
2025.05.23	02:44:13.223	1.34212	1.34216			6
2025.05.23	02:44:13.525	1.34211	1.34215			6
2025.05.23	02:44:28.856	1.34209	1.34213			6
2025.05.23	02:44:29.161		1.34214			4
2025.05.23	02:44:32.539	1.34210				2
2025.05.23	02:44:35.918	1.34209				2
2025.05.23	02:44:37.141	1.34210				2
2025.05.23	02:45:00.283	1.34210				2
2025.05.23	02:45:01.828	1.34212	1.34216			6
2025.05.23	02:45:02.134	1.34210	1.34214			6
2025.05.23	02:45:02.449		1.34213			4
2025.05.23	02:45:02.760	1.34209				2
2025.05.23	02:45:08.627		1.34214			4
2025.05.23	02:45:09.555	1.34210				2
2025.05.23	02:45:09.864	1.34209				2
2025.05.23	02:45:11.413		1.34213			4
2025.05.23	02:45:15.750		1.34214			4
2025.05.23	02:45:16.371		1.34213			4
2025.05.23	02:45:16.673		1.34212			4
2025.05.23	02:45:17.593	1.34216	1.34220			6
2025.05.23	02:45:17.895	1.34217				2
2025.05.23	02:45:18.508		1.34218			4
2025.05.23	02:45:18.811	1.34212	1.34215			6
2025.05.23	02:45:19.114		1.34216			4
2025.05.23	02:45:19.723	1.34211				2
2025.05.23	02:45:22.494		1.34217			4
2025.05.23	02:45:30.215	1.34216	1.34221			6
2025.05.23	02:45:30.838	1.34217				2
2025.05.23	02:45:33.309	1.34218	1.34223			6
2025.05.23	02:45:35.166	1.34219				2
2025.05.23	02:45:54.929	1.34220	1.34224			6
2025.05.23	02:45:58.026	1.34219	1.34223			6
2025.05.23	02:46:00.188	1.34219				2
2025.05.23	02:46:00.497		1.34222			4
2025.05.23	02:46:00.800	1.34218				2
