<DATE>	<TIME>	<BID>	<ASK>	<LAST>	<VOLUME>	<FLAGS>
2025.07.01	00:03:30.864	1.37204	1.37375			6
2025.07.01	00:04:00.259	1.37204				2
2025.07.01	00:04:31.101		1.37375			4
2025.07.01	00:05:00.092	1.37204				2
2025.07.01	00:05:20.678	1.37234				2
2025.07.01	00:05:31.144		1.37375			4
2025.07.01	00:06:00.087	1.37234				2
2025.07.01	00:06:31.391		1.37375			4
2025.07.01	00:07:00.187	1.37234				2
2025.07.01	00:07:31.452		1.37375			4
2025.07.01	00:08:00.006	1.37234				2
2025.07.01	00:08:31.744		1.37375			4
2025.07.01	00:09:00.091	1.37234				2
2025.07.01	00:09:00.395	1.37186	1.37356			6
2025.07.01	00:09:00.705		1.37358			4
2025.07.01	00:09:01.012	1.37234	1.37375			6
2025.07.01	00:09:09.636		1.37403			4
2025.07.01	00:09:12.098		1.37375			4
2025.07.01	00:10:00.086	1.37234				2
2025.07.01	00:10:02.558		1.37386			4
2025.07.01	00:10:07.495		1.37378			4
2025.07.01	00:10:07.803		1.37386			4
2025.07.01	00:10:08.736		1.37358			4
2025.07.01	00:10:09.658	1.37186				2
2025.07.01	00:10:10.665	1.37234				2
2025.07.01	00:10:12.514		1.37391			4
2025.07.01	00:10:12.820		1.37390			4
2025.07.01	00:10:13.751		1.37386			4
2025.07.01	00:10:23.023		1.37385			4
2025.07.01	00:10:35.363		1.37376			4
2025.07.01	00:10:37.212		1.37375			4
2025.07.01	00:10:40.913		1.37374			4
2025.07.01	00:10:43.384		1.37366			4
2025.07.01	00:10:47.368		1.37365			4
2025.07.01	00:10:48.292		1.37366			4
2025.07.01	00:10:49.518		1.37362			4
2025.07.01	00:10:49.829	1.37204	1.37361			6
2025.07.01	00:10:50.139		1.37359			4
2025.07.01	00:10:51.057		1.37338			4
2025.07.01	00:10:51.667		1.37337			4
2025.07.01	00:10:52.275		1.37336			4
2025.07.01	00:10:52.583		1.37379			4
2025.07.01	00:10:53.188		1.37380			4
2025.07.01	00:10:53.491		1.37373			4
2025.07.01	00:10:54.104		1.37333			4
2025.07.01	00:10:54.409		1.37364			4
2025.07.01	00:10:54.723		1.37373			4
2025.07.01	00:11:00.276	1.37204	1.37383			6
2025.07.01	00:11:01.213		1.37373			4
2025.07.01	00:11:07.378		1.37385			4
2025.07.01	00:11:08.304		1.37373			4
2025.07.01	00:11:14.781		1.37385			4
2025.07.01	00:11:15.702		1.37373			4
2025.07.01	00:11:21.556		1.37388			4
2025.07.01	00:11:22.478		1.37373			4
2025.07.01	00:11:28.651		1.37396			4
2025.07.01	00:11:29.574		1.37373			4
2025.07.01	00:12:00.099	1.37204				2
2025.07.01	00:12:29.676		1.37373			4
2025.07.01	00:13:00.241	1.37204				2
2025.07.01	00:13:29.862		1.37373			4
2025.07.01	00:14:00.085	1.37204				2
2025.07.01	00:14:05.943	1.37189				2
2025.07.01	00:14:16.725		1.37365			4
2025.07.01	00:14:22.893		1.37358			4
2025.07.01	00:14:23.817		1.37351			4
2025.07.01	00:14:26.900		1.37359			4
2025.07.01	00:15:00.226	1.37189				2
2025.07.01	00:15:01.152		1.37296			4
2025.07.01	00:15:02.389		1.37281			4
2025.07.01	00:15:03.630		1.37279			4
2025.07.01	00:15:04.554		1.37400			4
2025.07.01	00:15:06.704		1.37398			4
2025.07.01	00:15:07.010		1.37279			4
2025.07.01	00:15:14.410		1.37373			4
2025.07.01	00:17:14.882	1.37189	1.37361			6
2025.07.01	00:18:00.073	1.37189				2
2025.07.01	00:18:02.548		1.37368			4
2025.07.01	00:18:43.734		1.37363			4
2025.07.01	00:19:00.009	1.37189				2
2025.07.01	00:19:44.028		1.37363			4
2025.07.01	00:20:00.053	1.37189				2
2025.07.01	00:20:44.080		1.37363			4
2025.07.01	00:20:54.853	1.37164	1.37349			6
2025.07.01	00:21:00.098	1.37164				2
2025.07.01	00:21:06.240	1.37209	1.37342			6
2025.07.01	00:21:08.392		1.37331			4
2025.07.01	00:21:09.310		1.37327			4
2025.07.01	00:21:59.752	1.37194	1.37319			6
2025.07.01	00:22:00.056	1.37194				2
2025.07.01	00:22:00.659		1.37310			4
2025.07.01	00:22:40.180		1.37313			4
2025.07.01	00:22:53.098		1.37308			4
2025.07.01	00:22:59.867	1.37199				2
2025.07.01	00:23:00.186	1.37199				2
2025.07.01	00:23:53.311		1.37308			4
2025.07.01	00:24:00.121	1.37199				2
2025.07.01	00:24:38.687	1.37209	1.37309			6
2025.07.01	00:24:45.389		1.37307			4
2025.07.01	00:25:01.804	1.37209				2
2025.07.01	00:25:27.762	1.37238	1.37316			6
2025.07.01	00:25:28.119	1.37237				2
2025.07.01	00:25:37.476	1.37238				2
2025.07.01	00:25:44.380	1.37239				2
2025.07.01	00:25:44.860	1.37240				2
2025.07.01	00:25:50.658	1.37242				2
2025.07.01	00:26:00.575	1.37242				2
2025.07.01	00:26:01.263	1.37241				2
2025.07.01	00:26:01.567	1.37238				2
2025.07.01	00:26:01.988	1.37242				2
2025.07.01	00:26:02.730	1.37239				2
2025.07.01	00:26:03.757	1.37242				2
2025.07.01	00:26:06.068	1.37240				2
2025.07.01	00:26:06.576	1.37241				2
2025.07.01	00:26:06.882	1.37243				2
2025.07.01	00:26:07.232	1.37244				2
2025.07.01	00:26:08.933	1.37245				2
2025.07.01	00:26:09.242		1.37307			4
2025.07.01	00:26:09.927	1.37243				2
2025.07.01	00:26:12.038	1.37244				2
2025.07.01	00:26:15.277	1.37246				2
2025.07.01	00:26:17.078	1.37241				2
2025.07.01	00:26:19.313	1.37240				2
2025.07.01	00:26:19.802	1.37242				2
2025.07.01	00:26:20.118	1.37243				2
2025.07.01	00:26:21.330	1.37244				2
2025.07.01	00:26:21.807	1.37246				2
2025.07.01	00:26:25.826	1.37248				2
2025.07.01	00:26:34.417	1.37249				2
2025.07.01	00:26:36.517	1.37250				2
2025.07.01	00:26:41.106	1.37251				2
2025.07.01	00:26:49.345	1.37256	1.37331			6
2025.07.01	00:26:54.930	1.37259				2
2025.07.01	00:27:00.113	1.37259				2
2025.07.01	00:27:00.417	1.37257				2
2025.07.01	00:27:00.737	1.37262				2
2025.07.01	00:27:03.248	1.37259				2
2025.07.01	00:27:06.403	1.37260				2
2025.07.01	00:27:06.928	1.37257				2
2025.07.01	00:27:09.332	1.37259				2
2025.07.01	00:27:09.844	1.37257	1.37350			6
2025.07.01	00:27:14.476	1.37259				2
2025.07.01	00:27:16.764	1.37260				2
2025.07.01	00:27:17.082	1.37257				2
2025.07.01	00:27:22.829	1.37261				2
2025.07.01	00:27:24.193	1.37262				2
2025.07.01	00:27:25.567	1.37265				2
2025.07.01	00:27:27.281	1.37268				2
2025.07.01	00:27:28.479	1.37269				2
2025.07.01	00:27:31.351	1.37271				2
2025.07.01	00:27:36.931	1.37270				2
2025.07.01	00:27:38.024	1.37271				2
2025.07.01	00:27:40.110	1.37279				2
2025.07.01	00:27:40.430	1.37274				2
2025.07.01	00:27:51.941	1.37271				2
2025.07.01	00:27:57.135	1.37273				2
2025.07.01	00:28:00.876	1.37273				2
2025.07.01	00:28:05.377	1.37275				2
2025.07.01	00:28:07.143	1.37274				2
2025.07.01	00:28:10.175		1.37350			4
2025.07.01	00:28:11.152	1.37275				2
2025.07.01	00:28:14.025	1.37276				2
2025.07.01	00:28:16.828	1.37280				2
2025.07.01	00:28:23.854	1.37273				2
2025.07.01	00:28:25.477	1.37272				2
2025.07.01	00:28:25.846	1.37283				2
2025.07.01	00:28:43.252	1.37267				2
2025.07.01	00:28:50.315	1.37265				2
2025.07.01	00:28:53.130	1.37269				2
2025.07.01	00:28:56.304	1.37265				2
2025.07.01	00:29:00.280	1.37265				2
2025.07.01	00:29:11.798		1.37350			4
2025.07.01	00:29:15.588	1.37266				2
2025.07.01	00:29:25.221	1.37268				2
2025.07.01	00:29:35.435	1.37279				2
2025.07.01	00:29:36.365	1.37268				2
2025.07.01	00:29:41.801	1.37269				2
2025.07.01	00:29:52.445	1.37266				2
2025.07.01	00:30:00.277	1.37266				2
2025.07.01	00:30:12.400		1.37350			4
2025.07.01	00:30:21.798	1.37267				2
2025.07.01	00:30:25.567		1.37351			4
2025.07.01	00:30:29.376	1.37268				2
2025.07.01	00:30:30.311	1.37267				2
2025.07.01	00:31:00.875	1.37267				2
2025.07.01	00:31:11.305	1.37265				2
2025.07.01	00:31:22.202	1.37264				2
2025.07.01	00:31:25.635	1.37265	1.37351			6
2025.07.01	00:31:27.176	1.37260	1.37380			6
2025.07.01	00:31:27.484	1.37272	1.37394			6
2025.07.01	00:31:27.787	1.37270	1.37368			6
2025.07.01	00:31:28.119	1.37265				2
2025.07.01	00:31:43.637	1.37264	1.37355			6
2025.07.01	00:31:43.952		1.37354			4
2025.07.01	00:31:44.971	1.37269				2
2025.07.01	00:31:53.630	1.37266	1.37395			6
2025.07.01	00:31:53.940	1.37265	1.37368			6
2025.07.01	00:31:54.247	1.37266	1.37397			6
2025.07.01	00:31:54.861	1.37270	1.37365			6
2025.07.01	00:31:55.184	1.37272	1.37398			6
2025.07.01	00:31:55.798	1.37270	1.37376			6
2025.07.01	00:31:56.104	1.37265	1.37377			6
2025.07.01	00:31:58.225		1.37368			4
2025.07.01	00:32:00.579	1.37265				2
2025.07.01	00:32:07.193	1.37266	1.37398			6
2025.07.01	00:32:07.501	1.37270	1.37377			6
2025.07.01	00:32:08.119	1.37266	1.37398			6
2025.07.01	00:32:08.426	1.37265	1.37368			6
2025.07.01	00:32:08.738		1.37365			4
2025.07.01	00:32:09.045	1.37272	1.37399			6
2025.07.01	00:32:09.658	1.37270	1.37365			6
2025.07.01	00:32:09.965	1.37272	1.37399			6
2025.07.01	00:32:10.275		1.37365			4
2025.07.01	00:32:10.578	1.37265	1.37368			6
2025.07.01	00:33:00.224	1.37270				2
2025.07.01	00:33:11.091		1.37368			4
2025.07.01	00:34:00.889	1.37270				2
2025.07.01	00:34:11.806		1.37368			4
2025.07.01	00:35:00.221	1.37270				2
2025.07.01	00:35:00.733		1.37374			4
2025.07.01	00:35:01.679		1.37368			4
2025.07.01	00:35:05.381	1.37266				2
2025.07.01	00:35:05.687	1.37264	1.37354			6
2025.07.01	00:35:06.186	1.37271				2
2025.07.01	00:35:12.563	1.37269				2
2025.07.01	00:35:12.873	1.37264				2
2025.07.01	00:35:13.188	1.37265	1.37368			6
2025.07.01	00:35:13.499	1.37268	1.37352			6
2025.07.01	00:35:14.107	1.37264				2
2025.07.01	00:35:18.050	1.37268				2
2025.07.01	00:35:18.358	1.37264				2
2025.07.01	00:35:18.931	1.37268				2
2025.07.01	00:35:19.621	1.37264				2
2025.07.01	00:35:26.504		1.37353			4
2025.07.01	00:35:29.209		1.37352			4
2025.07.01	00:35:31.324	1.37276				2
2025.07.01	00:35:31.624	1.37264				2
2025.07.01	00:35:33.394	1.37274				2
2025.07.01	00:35:35.209	1.37264				2
2025.07.01	00:35:35.623		1.37354			4
2025.07.01	00:35:36.830		1.37353			4
2025.07.01	00:35:37.903		1.37361			4
2025.07.01	00:35:39.013	1.37283	1.37358			6
2025.07.01	00:35:39.620		1.37368			4
2025.07.01	00:35:39.924	1.37264	1.37355			6
2025.07.01	00:35:42.894	1.37276				2
2025.07.01	00:35:44.415	1.37264				2
2025.07.01	00:35:46.997		1.37354			4
2025.07.01	00:35:49.907	1.37279				2
2025.07.01	00:35:50.521	1.37264	1.37360			6
2025.07.01	00:35:50.825		1.37359			4
2025.07.01	00:35:51.173		1.37356			4
2025.07.01	00:35:52.311	1.37284	1.37354			6
2025.07.01	00:35:59.928	1.37264				2
2025.07.01	00:36:00.359	1.37264				2
2025.07.01	00:36:00.664		1.37363			4
2025.07.01	00:36:00.967		1.37354			4
2025.07.01	00:36:05.087		1.37353			4
2025.07.01	00:36:23.535		1.37352			4
2025.07.01	00:36:23.852		1.37351			4
2025.07.01	00:36:40.361		1.37352			4
2025.07.01	00:37:00.357	1.37264				2
2025.07.01	00:37:04.158		1.37355			4
2025.07.01	00:37:04.462	1.37270	1.37368			6
2025.07.01	00:37:04.768	1.37268	1.37362			6
2025.07.01	00:37:05.407		1.37355			4
2025.07.01	00:37:08.059		1.37353			4
2025.07.01	00:37:15.100		1.37355			4
2025.07.01	00:37:15.401	1.37270	1.37367			6
2025.07.01	00:37:15.706	1.37272	1.37368			6
2025.07.01	00:37:16.019	1.37271	1.37353			6
2025.07.01	00:37:16.344	1.37264	1.37351			6
2025.07.01	00:37:17.237	1.37267	1.37357			6
2025.07.01	00:37:18.351	1.37270	1.37368			6
2025.07.01	00:37:18.661	1.37264	1.37354			6
2025.07.01	00:37:19.130	1.37268				2
2025.07.01	00:37:21.517	1.37289	1.37355			6
2025.07.01	00:37:24.887	1.37268				2
2025.07.01	00:37:33.713	1.37270				2
2025.07.01	00:37:35.396		1.37354			4
2025.07.01	00:37:35.914		1.37368			4
2025.07.01	00:37:36.219	1.37274	1.37360			6
2025.07.01	00:37:37.026	1.37278	1.37368			6
2025.07.01	00:37:37.341	1.37273	1.37354			6
2025.07.01	00:37:38.479	1.37270	1.37368			6
2025.07.01	00:37:38.785	1.37268	1.37354			6
2025.07.01	00:37:39.261	1.37270				2
2025.07.01	00:37:41.403	1.37291				2
2025.07.01	00:37:43.233	1.37270				2
2025.07.01	00:37:44.619	1.37294				2
2025.07.01	00:37:45.837	1.37270	1.37364			6
2025.07.01	00:37:46.351	1.37274	1.37368			6
2025.07.01	00:37:46.661	1.37269	1.37355			6
2025.07.01	00:37:46.974	1.37268				2
2025.07.01	00:37:47.280	1.37270	1.37368			6
2025.07.01	00:37:47.582	1.37269	1.37365			6
2025.07.01	00:37:47.888	1.37268				2
2025.07.01	00:37:48.957	1.37293				2
2025.07.01	00:37:49.261	1.37290				2
2025.07.01	00:37:49.568	1.37297	1.37367			6
2025.07.01	00:37:49.874	1.37299	1.37369			6
2025.07.01	00:37:50.181	1.37280				2
2025.07.01	00:37:50.959		1.37356			4
2025.07.01	00:37:51.669	1.37279	1.37355			6
2025.07.01	00:37:57.408		1.37354			4
2025.07.01	00:37:59.416	1.37270	1.37356			6
2025.07.01	00:37:59.720	1.37268				2
2025.07.01	00:38:00.026	1.37270	1.37368			6
2025.07.01	00:38:00.332	1.37271	1.37354			6
2025.07.01	00:38:01.134	1.37275	1.37356			6
2025.07.01	00:38:01.440	1.37268	1.37354			6
2025.07.01	00:38:02.741	1.37270	1.37368			6
2025.07.01	00:38:03.048	1.37268	1.37355			6
2025.07.01	00:38:05.658	1.37271	1.37367			6
2025.07.01	00:38:05.963		1.37360			4
2025.07.01	00:38:06.879	1.37284	1.37358			6
2025.07.01	00:38:08.962	1.37279	1.37354			6
2025.07.01	00:38:10.016	1.37289	1.37372			6
2025.07.01	00:38:10.325	1.37284	1.37360			6
2025.07.01	00:38:11.976	1.37287	1.37358			6
2025.07.01	00:38:12.326	1.37283				2
2025.07.01	00:38:13.392	1.37286	1.37352			6
2025.07.01	00:38:14.462	1.37284				2
2025.07.01	00:38:16.866	1.37283				2
2025.07.01	00:38:17.402	1.37297				2
2025.07.01	00:38:18.938	1.37283				2
2025.07.01	00:38:19.241	1.37300				2
2025.07.01	00:38:19.855	1.37294				2
2025.07.01	00:38:20.160	1.37284				2
2025.07.01	00:38:26.736	1.37300				2
2025.07.01	00:38:27.041	1.37284				2
2025.07.01	00:38:28.779	1.37292	1.37353			6
2025.07.01	00:38:29.078	1.37298	1.37355			6
2025.07.01	00:38:30.627	1.37296	1.37352			6
2025.07.01	00:38:30.932	1.37297				2
2025.07.01	00:38:32.469	1.37296				2
2025.07.01	00:38:34.855	1.37295				2
2025.07.01	00:38:35.196	1.37299				2
2025.07.01	00:38:36.425	1.37295				2
2025.07.01	00:38:43.260	1.37302				2
2025.07.01	00:38:45.091	1.37298				2
2025.07.01	00:38:45.411	1.37296				2
2025.07.01	00:38:48.329	1.37299				2
2025.07.01	00:38:49.552	1.37296				2
2025.07.01	00:38:52.603	1.37298	1.37355			6
2025.07.01	00:38:52.906	1.37302	1.37353			6
2025.07.01	00:38:53.212	1.37300				2
2025.07.01	00:38:54.353	1.37299	1.37352			6
2025.07.01	00:38:54.774	1.37296				2
2025.07.01	00:38:56.979	1.37304				2
2025.07.01	00:38:57.281	1.37296				2
2025.07.01	00:38:57.786	1.37304				2
2025.07.01	00:38:58.400	1.37292				2
2025.07.01	00:38:58.949		1.37355			4
2025.07.01	00:38:59.418	1.37291	1.37353			6
2025.07.01	00:38:59.752		1.37352			4
2025.07.01	00:39:00.347	1.37291				2
2025.07.01	00:39:00.664	1.37297	1.37355			6
2025.07.01	00:39:01.528	1.37299	1.37352			6
2025.07.01	00:39:03.642	1.37303				2
2025.07.01	00:39:05.487	1.37292				2
2025.07.01	00:39:05.797	1.37289				2
2025.07.01	00:39:06.271	1.37297	1.37354			6
2025.07.01	00:39:06.595		1.37352			4
2025.07.01	00:39:07.264	1.37295				2
2025.07.01	00:39:12.314	1.37297				2
2025.07.01	00:39:16.072	1.37296				2
2025.07.01	00:39:18.414	1.37294				2
2025.07.01	00:39:20.567	1.37297				2
2025.07.01	00:39:20.920	1.37294	1.37353			6
2025.07.01	00:39:21.460	1.37288				2
2025.07.01	00:39:21.799	1.37292				2
2025.07.01	00:39:22.408	1.37295	1.37355			6
2025.07.01	00:39:23.297	1.37299	1.37353			6
2025.07.01	00:39:25.178	1.37295				2
2025.07.01	00:39:26.982	1.37298	1.37352			6
2025.07.01	00:39:28.899	1.37301				2
2025.07.01	00:39:29.506	1.37297				2
2025.07.01	00:39:33.393	1.37295				2
2025.07.01	00:39:34.568	1.37299				2
2025.07.01	00:39:35.314	1.37295				2
2025.07.01	00:39:36.164	1.37299				2
2025.07.01	00:39:36.966	1.37298				2
2025.07.01	00:39:37.273	1.37295				2
2025.07.01	00:39:37.590	1.37292				2
2025.07.01	00:39:38.103	1.37305				2
2025.07.01	00:39:38.410	1.37297				2
2025.07.01	00:39:40.026	1.37305				2
2025.07.01	00:39:40.330	1.37297				2
2025.07.01	00:39:48.067		1.37353			4
2025.07.01	00:39:48.378		1.37354			4
2025.07.01	00:39:49.262		1.37353			4
2025.07.01	00:39:55.066		1.37352			4
2025.07.01	00:39:55.752	1.37294				2
2025.07.01	00:39:58.865	1.37297				2
2025.07.01	00:40:00.033	1.37295	1.37353			6
2025.07.01	00:40:01.547	1.37305	1.37352			6
2025.07.01	00:40:03.380	1.37299				2
2025.07.01	00:40:06.064	1.37295				2
2025.07.01	00:40:06.550	1.37297				2
2025.07.01	00:40:11.801	1.37296				2
2025.07.01	00:40:12.902	1.37304				2
2025.07.01	00:40:13.235	1.37303				2
2025.07.01	00:40:13.546	1.37304				2
2025.07.01	00:40:13.867	1.37298				2
2025.07.01	00:40:14.182	1.37303				2
2025.07.01	00:40:14.482	1.37302				2
2025.07.01	00:40:16.273	1.37306	1.37354			6
2025.07.01	00:40:17.004	1.37310				2
2025.07.01	00:40:22.165	1.37305	1.37352			6
2025.07.01	00:40:22.470	1.37302				2
2025.07.01	00:40:22.920	1.37308				2
2025.07.01	00:40:23.236		1.37353			4
2025.07.01	00:40:25.301	1.37306	1.37354			6
2025.07.01	00:40:29.462	1.37305				2
2025.07.01	00:40:29.792	1.37302				2
2025.07.01	00:40:31.226	1.37303				2
2025.07.01	00:40:32.976	1.37304				2
2025.07.01	00:40:33.280	1.37302				2
2025.07.01	00:40:33.585	1.37306				2
2025.07.01	00:40:34.196	1.37302				2
2025.07.01	00:40:36.937	1.37305				2
2025.07.01	00:40:38.138	1.37302				2
2025.07.01	00:40:39.763	1.37306				2
2025.07.01	00:40:40.369	1.37302				2
2025.07.01	00:40:50.677	1.37303				2
2025.07.01	00:40:50.978	1.37304				2
2025.07.01	00:40:53.088	1.37302				2
2025.07.01	00:40:53.472	1.37297				2
2025.07.01	00:40:59.511	1.37302				2
2025.07.01	00:41:00.124	1.37302				2
2025.07.01	00:41:00.428	1.37297	1.37355			6
2025.07.01	00:41:05.691	1.37296	1.37354			6
2025.07.01	00:41:06.203	1.37302				2
2025.07.01	00:41:09.071	1.37303				2
2025.07.01	00:41:09.560	1.37300				2
2025.07.01	00:41:09.863	1.37302				2
2025.07.01	00:41:10.470	1.37303				2
2025.07.01	00:41:14.162	1.37302				2
2025.07.01	00:41:29.797	1.37303				2
2025.07.01	00:41:30.102	1.37304				2
2025.07.01	00:41:30.515	1.37301				2
2025.07.01	00:41:36.277	1.37303				2
2025.07.01	00:41:36.589	1.37306				2
2025.07.01	00:41:36.895	1.37301				2
2025.07.01	00:41:39.367	1.37308				2
2025.07.01	00:41:39.668	1.37306				2
2025.07.01	00:41:40.163	1.37301				2
2025.07.01	00:41:45.315	1.37299				2
2025.07.01	00:41:55.163	1.37302				2
2025.07.01	00:41:55.472	1.37299				2
2025.07.01	00:41:57.009	1.37300				2
2025.07.01	00:41:57.320	1.37296				2
2025.07.01	00:41:58.884	1.37297				2
2025.07.01	00:42:00.441	1.37297				2
2025.07.01	00:42:00.763	1.37300	1.37356			6
2025.07.01	00:42:01.153	1.37299	1.37358			6
2025.07.01	00:42:01.460	1.37298				2
2025.07.01	00:42:02.191	1.37300				2
2025.07.01	00:42:05.253	1.37298				2
2025.07.01	00:42:05.790	1.37299				2
2025.07.01	00:42:06.966	1.37295				2
2025.07.01	00:42:08.123	1.37294				2
2025.07.01	00:42:09.070	1.37291				2
2025.07.01	00:42:10.267	1.37292				2
2025.07.01	00:42:12.061	1.37294				2
2025.07.01	00:42:13.727	1.37303	1.37356			6
2025.07.01	00:42:14.029	1.37299				2
2025.07.01	00:42:14.596	1.37306				2
2025.07.01	00:42:14.913	1.37303	1.37354			6
2025.07.01	00:42:15.306	1.37299				2
2025.07.01	00:42:16.407	1.37301				2
2025.07.01	00:42:17.321	1.37295				2
2025.07.01	00:42:19.458	1.37301	1.37355			6
2025.07.01	00:42:19.763	1.37296				2
2025.07.01	00:42:21.691	1.37301				2
2025.07.01	00:42:23.514	1.37303	1.37354			6
2025.07.01	00:42:23.815	1.37299	1.37356			6
2025.07.01	00:42:24.115	1.37302				2
2025.07.01	00:42:27.332	1.37298	1.37354			6
2025.07.01	00:42:27.643	1.37291				2
2025.07.01	00:42:27.949	1.37305				2
2025.07.01	00:42:33.161	1.37298				2
2025.07.01	00:42:33.662	1.37303				2
2025.07.01	00:42:35.181	1.37288				2
2025.07.01	00:42:35.504	1.37301				2
2025.07.01	00:42:36.593	1.37298				2
2025.07.01	00:42:37.166	1.37299				2
2025.07.01	00:42:37.655	1.37302				2
2025.07.01	00:42:45.319	1.37288				2
2025.07.01	00:42:45.639	1.37297				2
2025.07.01	00:42:47.796	1.37294				2
2025.07.01	00:42:48.100	1.37287	1.37355			6
2025.07.01	00:43:00.326	1.37287				2
2025.07.01	00:43:02.728		1.37354			4
2025.07.01	00:43:04.163	1.37292	1.37357			6
2025.07.01	00:43:04.773	1.37295				2
2025.07.01	00:43:05.074	1.37294	1.37354			6
2025.07.01	00:43:05.402		1.37356			4
2025.07.01	00:43:05.707		1.37354			4
2025.07.01	00:43:10.874	1.37293				2
2025.07.01	00:43:14.036	1.37292	1.37356			6
2025.07.01	00:43:14.351	1.37296	1.37360			6
2025.07.01	00:43:15.516	1.37301	1.37356			6
2025.07.01	00:43:19.575	1.37292				2
2025.07.01	00:43:20.531	1.37290	1.37357			6
2025.07.01	00:43:21.121	1.37287				2
2025.07.01	00:43:21.635		1.37356			4
2025.07.01	00:43:24.162	1.37289				2
2025.07.01	00:43:28.992	1.37291	1.37358			6
2025.07.01	00:43:30.162	1.37293				2
2025.07.01	00:43:31.164	1.37291				2
2025.07.01	00:43:35.169	1.37292				2
2025.07.01	00:43:35.618	1.37302				2
2025.07.01	00:43:35.922	1.37297				2
2025.07.01	00:43:36.242		1.37355			4
2025.07.01	00:43:36.634		1.37357			4
2025.07.01	00:43:37.164	1.37295	1.37355			6
2025.07.01	00:43:37.606	1.37292				2
2025.07.01	00:43:41.551	1.37290				2
2025.07.01	00:43:50.607	1.37291	1.37356			6
2025.07.01	00:43:51.045	1.37287				2
2025.07.01	00:43:53.220	1.37289				2
2025.07.01	00:43:58.349	1.37290				2
2025.07.01	00:43:58.768	1.37288				2
2025.07.01	00:43:59.252	1.37287				2
2025.07.01	00:44:00.327	1.37287				2
2025.07.01	00:44:04.635	1.37289				2
2025.07.01	00:44:05.173	1.37291				2
2025.07.01	00:44:11.172	1.37295				2
2025.07.01	00:44:11.557	1.37293				2
2025.07.01	00:44:13.578	1.37288				2
2025.07.01	00:44:15.974	1.37293				2
2025.07.01	00:44:16.574		1.37357			4
2025.07.01	00:44:17.174	1.37305	1.37360			6
2025.07.01	00:44:17.484	1.37296	1.37363			6
2025.07.01	00:44:17.787		1.37356			4
2025.07.01	00:44:18.816		1.37357			4
2025.07.01	00:44:22.575	1.37294	1.37356			6
2025.07.01	00:44:32.695	1.37297				2
2025.07.01	00:44:35.689	1.37290				2
2025.07.01	00:44:36.857	1.37296				2
2025.07.01	00:44:50.742	1.37293	1.37358			6
2025.07.01	00:45:00.442	1.37302	1.37356			6
2025.07.01	00:45:00.750	1.37301				2
2025.07.01	00:45:01.359	1.37297				2
2025.07.01	00:45:02.003	1.37284	1.37393			6
2025.07.01	00:45:04.784	1.37291	1.37359			6
2025.07.01	00:45:05.628	1.37296				2
2025.07.01	00:45:06.011	1.37297				2
2025.07.01	00:45:06.317	1.37299	1.37356			6
2025.07.01	00:45:10.493	1.37317	1.37338			6
2025.07.01	00:45:11.069	1.37309				2
2025.07.01	00:45:11.379	1.37311				2
2025.07.01	00:45:12.618	1.37309				2
2025.07.01	00:45:25.276	1.37315	1.37343			6
2025.07.01	00:45:25.582	1.37309	1.37340			6
2025.07.01	00:45:27.438	1.37317				2
2025.07.01	00:45:28.976	1.37309				2
2025.07.01	00:45:39.161	1.37318				2
2025.07.01	00:45:39.465	1.37309				2
2025.07.01	00:45:39.772	1.37320				2
2025.07.01	00:45:41.919	1.37309				2
2025.07.01	00:45:42.225	1.37308	1.37341			6
2025.07.01	00:45:57.659	1.37324				2
2025.07.01	00:45:58.889	1.37308				2
2025.07.01	00:46:00.134	1.37308				2
2025.07.01	00:46:05.377	1.37321				2
2025.07.01	00:46:05.680	1.37319				2
2025.07.01	00:46:09.008	1.37308				2
2025.07.01	00:46:11.152	1.37319				2
2025.07.01	00:46:11.457	1.37304				2
2025.07.01	00:46:17.010		1.37342			4
2025.07.01	00:46:19.167	1.37305	1.37340			6
2025.07.01	00:46:25.651	1.37304	1.37341			6
2025.07.01	00:46:31.823	1.37317				2
2025.07.01	00:46:35.795	1.37304				2
2025.07.01	00:46:36.402	1.37320				2
2025.07.01	00:46:37.011	1.37318				2
2025.07.01	00:46:37.322	1.37304				2
2025.07.01	00:46:39.172	1.37314				2
2025.07.01	00:46:40.703	1.37304	1.37342			6
2025.07.01	00:46:43.790		1.37343			4
2025.07.01	00:46:44.091		1.37345			4
2025.07.01	00:46:49.336	1.37315				2
2025.07.01	00:46:49.638	1.37304				2
2025.07.01	00:46:51.803	1.37311				2
2025.07.01	00:46:52.111	1.37304				2
2025.07.01	00:46:53.342		1.37342			4
2025.07.01	00:46:58.287		1.37340			4
2025.07.01	00:47:00.131	1.37304				2
2025.07.01	00:47:01.367	1.37305				2
2025.07.01	00:47:01.673	1.37304	1.37341			6
2025.07.01	00:47:01.986	1.37309	1.37368			6
2025.07.01	00:47:02.291	1.37315	1.37373			6
2025.07.01	00:47:03.215	1.37300	1.37367			6
2025.07.01	00:47:03.523	1.37315	1.37373			6
2025.07.01	00:47:04.757		1.37341			4
2025.07.01	00:47:05.994	1.37312				2
2025.07.01	00:47:06.303	1.37315				2
2025.07.01	00:47:06.919	1.37306	1.37342			6
2025.07.01	00:47:10.315	1.37310				2
2025.07.01	00:47:10.616	1.37306				2
2025.07.01	00:47:14.323	1.37312				2
2025.07.01	00:47:15.859	1.37306				2
2025.07.01	00:47:16.786	1.37314				2
2025.07.01	00:47:17.713	1.37306	1.37340			6
2025.07.01	00:47:18.327	1.37315				2
2025.07.01	00:47:18.629	1.37317				2
2025.07.01	00:47:19.559	1.37306	1.37342			6
2025.07.01	00:47:19.866	1.37313				2
2025.07.01	00:47:20.794	1.37306				2
2025.07.01	00:47:23.249	1.37305				2
2025.07.01	00:47:23.560	1.37303				2
2025.07.01	00:47:24.487	1.37313				2
2025.07.01	00:47:25.096	1.37271	1.37341			6
2025.07.01	00:47:26.024		1.37340			4
2025.07.01	00:47:26.325	1.37287				2
2025.07.01	00:47:26.635	1.37271				2
2025.07.01	00:47:27.562	1.37288				2
2025.07.01	00:47:28.798	1.37289	1.37339			6
2025.07.01	00:47:29.110	1.37277				2
2025.07.01	00:47:29.419	1.37293				2
2025.07.01	00:47:31.575		1.37340			4
2025.07.01	00:47:32.503	1.37277	1.37341			6
2025.07.01	00:47:33.427		1.37342			4
2025.07.01	00:47:34.041	1.37286				2
2025.07.01	00:47:34.341	1.37277				2
2025.07.01	00:47:34.647	1.37286	1.37350			6
2025.07.01	00:47:34.956	1.37277	1.37343			6
2025.07.01	00:47:35.262		1.37340			4
2025.07.01	00:47:47.251	1.37292				2
2025.07.01	00:47:47.873	1.37277				2
2025.07.01	00:48:00.194	1.37277				2
2025.07.01	00:48:03.272	1.37283	1.37341			6
2025.07.01	00:48:03.584	1.37270				2
2025.07.01	00:48:04.203	1.37292	1.37347			6
2025.07.01	00:48:04.510	1.37272				2
2025.07.01	00:48:05.443		1.37343			4
2025.07.01	00:48:09.128	1.37285				2
2025.07.01	00:48:13.436	1.37272	1.37345			6
2025.07.01	00:48:13.747		1.37341			4
2025.07.01	00:48:19.879	1.37284				2
2025.07.01	00:48:20.188	1.37272				2
2025.07.01	00:48:23.272		1.37342			4
2025.07.01	00:48:25.736		1.37347			4
2025.07.01	00:48:26.349		1.37340			4
2025.07.01	00:48:31.282	1.37292				2
2025.07.01	00:48:31.586	1.37272				2
2025.07.01	00:48:32.203		1.37347			4
2025.07.01	00:48:32.515		1.37346			4
2025.07.01	00:48:54.979	1.37281				2
2025.07.01	00:48:58.068	1.37279				2
2025.07.01	00:48:58.386	1.37288				2
2025.07.01	00:49:00.226	1.37288				2
2025.07.01	00:49:01.152	1.37279				2
2025.07.01	00:49:01.457		1.37347			4
2025.07.01	00:49:01.770	1.37280				2
2025.07.01	00:49:04.550		1.37342			4
2025.07.01	00:49:16.556	1.37290				2
2025.07.01	00:49:16.867	1.37280				2
2025.07.01	00:49:50.150	1.37292				2
2025.07.01	00:49:51.686	1.37280				2
2025.07.01	00:49:55.071		1.37365			4
2025.07.01	00:49:55.378		1.37362			4
2025.07.01	00:49:57.535		1.37342			4
2025.07.01	00:50:00.308	1.37280				2
2025.07.01	00:50:15.720	1.37289				2
2025.07.01	00:50:22.175	1.37280				2
2025.07.01	00:50:25.241	1.37288	1.37341			6
2025.07.01	00:50:25.552	1.37290				2
2025.07.01	00:50:28.328	1.37291	1.37347			6
2025.07.01	00:50:28.634		1.37342			4
2025.07.01	00:50:30.491	1.37280	1.37347			6
2025.07.01	00:50:30.795		1.37341			4
2025.07.01	00:50:58.196	1.37281				2
2025.07.01	00:51:00.028	1.37281				2
2025.07.01	00:51:21.842	1.37304				2
2025.07.01	00:51:27.318	1.37281				2
2025.07.01	00:51:29.470	1.37288				2
2025.07.01	00:51:30.693	1.37290				2
2025.07.01	00:51:30.999		1.37341			4
2025.07.01	00:51:38.968	1.37280				2
2025.07.01	00:51:39.591	1.37289				2
2025.07.01	00:51:39.897	1.37280				2
2025.07.01	00:52:00.225	1.37280				2
2025.07.01	00:52:22.266	1.37291				2
2025.07.01	00:52:22.580	1.37280				2
2025.07.01	00:52:30.859		1.37348			4
2025.07.01	00:52:40.402	1.37289				2
2025.07.01	00:52:49.343	1.37280	1.37349			6
2025.07.01	00:52:51.199	1.37289				2
2025.07.01	00:52:53.350		1.37348			4
2025.07.01	00:52:58.284	1.37280				2
2025.07.01	00:53:00.137	1.37280				2
2025.07.01	00:53:06.300	1.37278	1.37347			6
2025.07.01	00:53:06.922		1.37346			4
2025.07.01	00:53:07.231	1.37280				2
2025.07.01	00:53:08.156	1.37290				2
2025.07.01	00:53:08.471	1.37280	1.37342			6
2025.07.01	00:53:16.499		1.37340			4
2025.07.01	00:53:34.391	1.37290				2
2025.07.01	00:53:35.321	1.37280				2
2025.07.01	00:53:51.990	1.37293				2
2025.07.01	00:53:52.925	1.37280				2
2025.07.01	00:53:57.852	1.37300				2
2025.07.01	00:54:00.007	1.37300				2
2025.07.01	00:54:01.532	1.37280	1.37346			6
2025.07.01	00:54:02.769	1.37296	1.37340			6
2025.07.01	00:54:03.070	1.37294				2
2025.07.01	00:54:07.045	1.37280				2
2025.07.01	00:54:07.356	1.37281				2
2025.07.01	00:54:11.974	1.37290				2
2025.07.01	00:54:12.285	1.37298				2
2025.07.01	00:54:12.903	1.37281				2
2025.07.01	00:55:00.195	1.37281				2
2025.07.01	00:55:00.506		1.37347			4
2025.07.01	00:55:02.671	1.37291				2
2025.07.01	00:55:02.977	1.37292				2
2025.07.01	00:55:06.352	1.37281				2
2025.07.01	00:55:09.425		1.37345			4
2025.07.01	00:55:10.355	1.37294				2
2025.07.01	00:55:12.824		1.37346			4
2025.07.01	00:55:22.679		1.37347			4
2025.07.01	00:55:26.998	1.37281				2
2025.07.01	00:55:27.311	1.37298				2
2025.07.01	00:55:27.619	1.37281				2
2025.07.01	00:55:31.003	1.37296				2
2025.07.01	00:55:31.310	1.37298				2
2025.07.01	00:55:31.627	1.37281				2
2025.07.01	00:55:37.196	1.37298				2
2025.07.01	00:55:38.723	1.37281				2
2025.07.01	00:55:43.958	1.37280	1.37358			6
2025.07.01	00:55:44.271		1.37361			4
2025.07.01	00:55:46.429	1.37281	1.37362			6
2025.07.01	00:55:46.740	1.37291				2
2025.07.01	00:55:47.047	1.37280				2
2025.07.01	00:55:47.362	1.37289				2
2025.07.01	00:55:47.666	1.37286				2
2025.07.01	00:55:47.967	1.37281				2
2025.07.01	00:55:48.285	1.37283				2
2025.07.01	00:55:48.587	1.37284				2
2025.07.01	00:55:49.518	1.37287				2
2025.07.01	00:55:49.821	1.37282				2
2025.07.01	00:55:52.299	1.37286				2
2025.07.01	00:55:52.599	1.37282				2
2025.07.01	00:55:54.441	1.37284				2
2025.07.01	00:55:54.750	1.37285				2
2025.07.01	00:55:55.057	1.37279				2
2025.07.01	00:55:55.365	1.37306				2
2025.07.01	00:55:56.902	1.37280				2
2025.07.01	00:56:00.283	1.37280				2
2025.07.01	00:56:07.982	1.37287				2
2025.07.01	00:56:08.293	1.37309				2
2025.07.01	00:56:08.605	1.37274				2
2025.07.01	00:56:09.214	1.37279				2
2025.07.01	00:56:16.580	1.37280				2
2025.07.01	00:56:16.883	1.37284				2
2025.07.01	00:56:17.186	1.37282				2
2025.07.01	00:56:18.716	1.37288				2
2025.07.01	00:56:19.020	1.37286				2
2025.07.01	00:56:19.338	1.37291				2
2025.07.01	00:56:20.885	1.37295				2
2025.07.01	00:56:22.125	1.37277				2
2025.07.01	00:56:22.434	1.37284				2
2025.07.01	00:56:22.741	1.37279				2
2025.07.01	00:56:24.894	1.37282				2
2025.07.01	00:56:25.211	1.37284				2
2025.07.01	00:56:25.516	1.37287				2
2025.07.01	00:56:25.818	1.37291				2
2025.07.01	00:56:26.123	1.37294				2
2025.07.01	00:56:29.211	1.37277				2
2025.07.01	00:56:29.835	1.37309				2
2025.07.01	00:56:30.138	1.37277				2
2025.07.01	00:56:35.980	1.37313				2
2025.07.01	00:56:36.295	1.37290				2
2025.07.01	00:56:36.595	1.37316				2
2025.07.01	00:56:36.896	1.37270				2
2025.07.01	00:56:38.731	1.37273	1.37359			6
2025.07.01	00:56:39.038		1.37357			4
2025.07.01	00:56:47.065	1.37277				2
2025.07.01	00:56:48.305	1.37307				2
2025.07.01	00:56:51.942	1.37277				2
2025.07.01	00:56:54.094	1.37272	1.37359			6
2025.07.01	00:56:54.402	1.37278	1.37358			6
2025.07.01	00:57:00.257	1.37278				2
2025.07.01	00:57:00.878	1.37272	1.37354			6
2025.07.01	00:57:01.492	1.37306				2
2025.07.01	00:57:02.724	1.37272				2
2025.07.01	00:57:05.197	1.37306				2
2025.07.01	00:57:05.501	1.37277	1.37355			6
2025.07.01	00:57:06.431		1.37354			4
2025.07.01	00:57:07.036	1.37274				2
2025.07.01	00:57:07.348	1.37303				2
2025.07.01	00:57:07.656	1.37274	1.37339			6
2025.07.01	00:57:07.960	1.37276	1.37355			6
2025.07.01	00:57:08.262	1.37274	1.37345			6
2025.07.01	00:57:08.564	1.37270	1.37351			6
2025.07.01	00:57:08.866	1.37274	1.37352			6
2025.07.01	00:57:09.472	1.37302	1.37354			6
2025.07.01	00:57:09.784	1.37305				2
2025.07.01	00:57:11.629	1.37274				2
2025.07.01	00:57:14.716		1.37353			4
2025.07.01	00:57:19.960	1.37297	1.37354			6
2025.07.01	00:57:20.885	1.37274				2
2025.07.01	00:57:23.656	1.37270	1.37353			6
2025.07.01	00:57:25.199	1.37272				2
2025.07.01	00:57:33.525		1.37351			4
2025.07.01	00:57:33.837	1.37299	1.37345			6
2025.07.01	00:57:34.140	1.37300	1.37350			6
2025.07.01	00:57:34.445		1.37349			4
2025.07.01	00:57:34.751	1.37270	1.37350			6
2025.07.01	00:57:35.367	1.37271	1.37351			6
2025.07.01	00:57:35.675	1.37273	1.37359			6
2025.07.01	00:57:35.978	1.37280				2
2025.07.01	00:57:43.681		1.37357			4
2025.07.01	00:57:47.079	1.37296				2
2025.07.01	00:57:47.385	1.37277				2
2025.07.01	00:57:49.219	1.37260	1.37313			6
2025.07.01	00:57:49.522	1.37256				2
2025.07.01	00:57:49.833		1.37310			4
2025.07.01	00:57:50.133		1.37312			4
2025.07.01	00:57:50.748		1.37313			4
2025.07.01	00:57:57.131		1.37310			4
2025.07.01	00:58:00.197	1.37256				2
2025.07.01	00:58:11.789	1.37257				2
2025.07.01	00:58:13.636	1.37263	1.37333			6
2025.07.01	00:58:13.936	1.37266	1.37335			6
2025.07.01	00:58:14.238		1.37339			4
2025.07.01	00:58:15.164		1.37338			4
2025.07.01	00:58:15.479		1.37337			4
2025.07.01	00:58:16.102		1.37338			4
2025.07.01	00:58:17.029		1.37340			4
2025.07.01	00:58:18.270		1.37339			4
2025.07.01	00:58:19.499	1.37285				2
2025.07.01	00:58:21.657		1.37345			4
2025.07.01	00:58:26.909	1.37266	1.37344			6
2025.07.01	00:58:47.250		1.37345			4
2025.07.01	00:58:57.469	1.37283				2
2025.07.01	00:58:59.009	1.37284				2
2025.07.01	00:58:59.322	1.37266				2
2025.07.01	00:59:00.243	1.37266				2
2025.07.01	00:59:04.849		1.37342			4
2025.07.01	00:59:05.154	1.37292	1.37345			6
2025.07.01	00:59:05.456	1.37266	1.37342			6
2025.07.01	00:59:06.389		1.37345			4
2025.07.01	00:59:07.617		1.37342			4
2025.07.01	00:59:08.851		1.37336			4
2025.07.01	00:59:09.161		1.37338			4
2025.07.01	00:59:09.467		1.37336			4
2025.07.01	00:59:10.392		1.37337			4
2025.07.01	00:59:10.699	1.37285	1.37341			6
2025.07.01	00:59:11.004	1.37290				2
2025.07.01	00:59:12.545	1.37287	1.37336			6
2025.07.01	00:59:12.856	1.37266	1.37335			6
2025.07.01	00:59:14.095		1.37333			4
2025.07.01	00:59:16.879		1.37334			4
2025.07.01	00:59:17.515		1.37335			4
2025.07.01	00:59:18.132		1.37340			4
2025.07.01	00:59:18.748		1.37339			4
2025.07.01	00:59:19.363	1.37284				2
2025.07.01	00:59:20.298	1.37266	1.37340			6
2025.07.01	00:59:20.602		1.37341			4
2025.07.01	00:59:21.520		1.37340			4
2025.07.01	00:59:22.452		1.37341			4
2025.07.01	00:59:23.376		1.37340			4
2025.07.01	00:59:24.312		1.37339			4
2025.07.01	00:59:26.144		1.37338			4
2025.07.01	00:59:27.370		1.37339			4
2025.07.01	00:59:31.360		1.37338			4
2025.07.01	00:59:31.981	1.37276				2
2025.07.01	00:59:32.285	1.37278				2
2025.07.01	00:59:32.595	1.37266				2
2025.07.01	00:59:35.078	1.37270	1.37339			6
2025.07.01	00:59:36.325	1.37278				2
2025.07.01	00:59:37.874		1.37340			4
2025.07.01	00:59:40.339		1.37341			4
2025.07.01	00:59:43.425		1.37340			4
2025.07.01	00:59:43.734		1.37341			4
2025.07.01	00:59:44.354	1.37270				2
2025.07.01	00:59:45.577		1.37340			4
2025.07.01	00:59:45.892		1.37338			4
2025.07.01	00:59:46.506		1.37337			4
2025.07.01	00:59:47.124	1.37271	1.37335			6
2025.07.01	00:59:48.047		1.37336			4
2025.07.01	00:59:48.359		1.37338			4
2025.07.01	00:59:49.897	1.37285				2
2025.07.01	00:59:50.819		1.37337			4
2025.07.01	00:59:52.047	1.37276				2
2025.07.01	00:59:53.902	1.37271	1.37336			6
2025.07.01	00:59:55.128	1.37279				2
2025.07.01	00:59:55.439	1.37284				2
2025.07.01	00:59:56.676	1.37271	1.37337			6
2025.07.01	00:59:57.293	1.37287				2
2025.07.01	00:59:57.597	1.37288				2
2025.07.01	00:59:58.524	1.37271				2
2025.07.01	00:59:59.139	1.37287				2
2025.07.01	01:00:00.056	1.37287				2
2025.07.01	01:00:00.358	1.37305	1.37331			6
2025.07.01	01:00:00.660		1.37330			4
2025.07.01	01:00:01.280	1.37271	1.37339			6
2025.07.01	01:00:01.590		1.37347			4
2025.07.01	01:00:01.904	1.37287				2
2025.07.01	01:00:02.210	1.37288				2
2025.07.01	01:00:02.515	1.37271	1.37368			6
2025.07.01	01:00:04.671	1.37285	1.37362			6
2025.07.01	01:00:04.982	1.37271	1.37368			6
2025.07.01	01:00:05.286		1.37342			4
2025.07.01	01:00:05.907	1.37285				2
2025.07.01	01:00:06.211	1.37281	1.37337			6
2025.07.01	01:00:06.534	1.37271				2
2025.07.01	01:00:06.839	1.37280				2
2025.07.01	01:00:07.140	1.37271				2
2025.07.01	01:00:08.369	1.37282				2
2025.07.01	01:00:08.672	1.37271				2
2025.07.01	01:00:10.516	1.37282				2
2025.07.01	01:00:10.825	1.37271				2
2025.07.01	01:00:12.362	1.37301				2
2025.07.01	01:00:12.679	1.37271				2
2025.07.01	01:00:12.984	1.37293				2
2025.07.01	01:00:13.287	1.37302				2
2025.07.01	01:00:13.590	1.37291				2
2025.07.01	01:00:13.899	1.37271				2
2025.07.01	01:00:14.205		1.37339			4
2025.07.01	01:00:14.512	1.37293				2
2025.07.01	01:00:15.122	1.37271				2
2025.07.01	01:00:15.424	1.37296	1.37337			6
2025.07.01	01:00:15.729	1.37290				2
2025.07.01	01:00:16.029	1.37291				2
2025.07.01	01:00:16.647	1.37271				2
2025.07.01	01:00:18.493	1.37296				2
2025.07.01	01:00:18.804	1.37297				2
2025.07.01	01:00:19.105	1.37301	1.37347			6
2025.07.01	01:00:19.719	1.37271				2
2025.07.01	01:00:20.329	1.37296				2
2025.07.01	01:00:20.633	1.37273	1.37331			6
2025.07.01	01:00:20.950	1.37296				2
2025.07.01	01:00:21.266	1.37275				2
2025.07.01	01:00:21.568	1.37294				2
2025.07.01	01:00:21.878	1.37296				2
2025.07.01	01:00:23.108		1.37338			4
2025.07.01	01:00:23.726	1.37300				2
2025.07.01	01:00:24.038	1.37296				2
2025.07.01	01:00:24.977	1.37273	1.37339			6
2025.07.01	01:00:26.511	1.37298				2
2025.07.01	01:00:26.829	1.37273				2
2025.07.01	01:00:28.356	1.37299				2
2025.07.01	01:00:28.664	1.37273				2
2025.07.01	01:00:29.582	1.37275				2
2025.07.01	01:00:31.129	1.37306				2
2025.07.01	01:00:31.744	1.37275				2
2025.07.01	01:00:32.058	1.37307				2
2025.07.01	01:00:32.369	1.37275				2
2025.07.01	01:00:32.677	1.37309				2
2025.07.01	01:00:32.980	1.37275				2
2025.07.01	01:00:33.281	1.37309	1.37347			6
2025.07.01	01:00:33.590	1.37275				2
2025.07.01	01:00:34.202	1.37312				2
2025.07.01	01:00:35.118	1.37313				2
2025.07.01	01:00:35.426	1.37314	1.37339			6
2025.07.01	01:00:35.735	1.37274				2
2025.07.01	01:00:36.047	1.37314				2
2025.07.01	01:00:36.660	1.37274				2
2025.07.01	01:00:37.581	1.37315				2
2025.07.01	01:00:37.886	1.37274				2
2025.07.01	01:00:39.136	1.37315				2
2025.07.01	01:00:39.440	1.37274				2
2025.07.01	01:00:41.907	1.37314				2
2025.07.01	01:00:42.208	1.37274				2
2025.07.01	01:00:42.529	1.37313				2
2025.07.01	01:00:43.439	1.37315				2
2025.07.01	01:00:43.742	1.37275				2
2025.07.01	01:00:44.688	1.37316	1.37328			6
2025.07.01	01:00:45.303	1.37321	1.37329			6
2025.07.01	01:00:46.219	1.37315	1.37322			6
2025.07.01	01:00:47.131	1.37314				2
2025.07.01	01:00:50.800		1.37320			4
2025.07.01	01:00:59.378	1.37315	1.37322			6
2025.07.01	01:00:59.684		1.37323			4
2025.07.01	01:01:00.298	1.37320	1.37322			6
2025.07.01	01:01:00.599	1.37323	1.37326			6
2025.07.01	01:01:01.204	1.37325	1.37328			6
2025.07.01	01:01:01.819	1.37328	1.37331			6
2025.07.01	01:01:03.339	1.37337	1.37340			6
2025.07.01	01:01:15.860	1.37324	1.37327			6
2025.07.01	01:01:16.172	1.37328	1.37331			6
2025.07.01	01:01:16.479	1.37326	1.37329			6
2025.07.01	01:01:17.088	1.37325	1.37328			6
2025.07.01	01:01:21.986	1.37327	1.37330			6
2025.07.01	01:01:22.599	1.37326	1.37329			6
2025.07.01	01:01:23.220	1.37327	1.37330			6
2025.07.01	01:01:23.525	1.37326	1.37329			6
2025.07.01	01:01:23.826	1.37325	1.37328			6
2025.07.01	01:01:29.032	1.37324	1.37327			6
2025.07.01	01:01:36.655	1.37323	1.37326			6
2025.07.01	01:01:37.264	1.37319	1.37322			6
2025.07.01	01:01:43.401	1.37320	1.37323			6
2025.07.01	01:01:44.317	1.37321	1.37324			6
2025.07.01	01:01:44.625	1.37319	1.37322			6
2025.07.01	01:01:47.380	1.37318	1.37321			6
2025.07.01	01:01:47.684	1.37316	1.37319			6
2025.07.01	01:01:47.985	1.37315	1.37318			6
2025.07.01	01:01:50.737		1.37316			4
2025.07.01	01:01:51.039	1.37306	1.37309			6
2025.07.01	01:01:51.650	1.37305	1.37308			6
2025.07.01	01:02:00.187	1.37305				2
2025.07.01	01:02:01.107	1.37306	1.37309			6
2025.07.01	01:02:02.342	1.37307	1.37310			6
2025.07.01	01:02:03.247	1.37305	1.37308			6
2025.07.01	01:02:05.073	1.37306	1.37309			6
2025.07.01	01:02:09.368	1.37307	1.37310			6
2025.07.01	01:02:09.669	1.37306	1.37309			6
2025.07.01	01:02:09.980	1.37307	1.37310			6
2025.07.01	01:02:11.506	1.37306	1.37309			6
2025.07.01	01:02:15.182	1.37305	1.37308			6
2025.07.01	01:02:21.893	1.37304	1.37307			6
2025.07.01	01:02:22.196	1.37308	1.37309			6
2025.07.01	01:02:23.712	1.37309	1.37310			6
2025.07.01	01:02:24.019	1.37308	1.37309			6
2025.07.01	01:02:24.327	1.37309	1.37310			6
2025.07.01	01:02:24.633	1.37308	1.37309			6
2025.07.01	01:02:25.550	1.37309	1.37310			6
2025.07.01	01:02:26.768	1.37308	1.37309			6
2025.07.01	01:02:38.699	1.37309	1.37310			6
2025.07.01	01:02:58.874	1.37308	1.37309			6
2025.07.01	01:03:00.088	1.37308				2
2025.07.01	01:03:01.319	1.37309	1.37310			6
2025.07.01	01:03:01.624	1.37308	1.37309			6
2025.07.01	01:03:01.931	1.37309	1.37310			6
2025.07.01	01:03:03.453	1.37308	1.37309			6
2025.07.01	01:03:08.949	1.37307				2
2025.07.01	01:03:15.969	1.37309	1.37312			6
2025.07.01	01:03:16.275		1.37310			4
2025.07.01	01:03:24.210	1.37310	1.37311			6
2025.07.01	01:03:49.878	1.37311	1.37313			6
2025.07.01	01:03:53.245	1.37310				2
2025.07.01	01:03:55.392		1.37311			4
2025.07.01	01:03:57.834	1.37311	1.37312			6
2025.07.01	01:04:00.280	1.37311				2
2025.07.01	01:04:03.350	1.37310	1.37311			6
2025.07.01	01:04:04.260	1.37309	1.37310			6
2025.07.01	01:04:10.685	1.37310	1.37311			6
2025.07.01	01:04:10.997	1.37309	1.37310			6
2025.07.01	01:04:23.241		1.37312			4
2025.07.01	01:04:36.058	1.37310	1.37313			6
2025.07.01	01:04:37.272	1.37309	1.37312			6
2025.07.01	01:04:44.291	1.37308	1.37311			6
2025.07.01	01:04:45.203	1.37309	1.37312			6
2025.07.01	01:05:00.134	1.37309				2
2025.07.01	01:05:00.439	1.37310	1.37313			6
2025.07.01	01:05:05.354	1.37309	1.37312			6
2025.07.01	01:05:11.446	1.37317	1.37320			6
2025.07.01	01:05:13.900	1.37318	1.37321			6
2025.07.01	01:05:16.944	1.37317	1.37320			6
2025.07.01	01:05:26.423	1.37318				2
2025.07.01	01:05:36.212	1.37317				2
2025.07.01	01:05:40.506	1.37318				2
2025.07.01	01:05:52.230	1.37319				2
2025.07.01	01:05:56.555		1.37321			4
2025.07.01	01:05:57.488	1.37320				2
2025.07.01	01:05:57.793	1.37319	1.37322			6
2025.07.01	01:05:58.112	1.37320	1.37321			6
2025.07.01	01:05:59.021		1.37323			4
2025.07.01	01:05:59.948	1.37319	1.37322			6
2025.07.01	01:06:00.256	1.37319				2
2025.07.01	01:06:00.876	1.37320	1.37323			6
2025.07.01	01:06:01.494	1.37319	1.37322			6
2025.07.01	01:06:03.970	1.37320	1.37323			6
2025.07.01	01:06:04.276	1.37319	1.37322			6
2025.07.01	01:06:04.884	1.37320	1.37323			6
2025.07.01	01:06:10.146	1.37319	1.37322			6
2025.07.01	01:06:10.764	1.37320	1.37323			6
2025.07.01	01:06:14.167	1.37318	1.37321			6
2025.07.01	01:06:14.473	1.37319	1.37322			6
2025.07.01	01:06:14.780	1.37318	1.37321			6
2025.07.01	01:06:27.518	1.37303	1.37304			6
2025.07.01	01:06:28.144	1.37301				2
2025.07.01	01:06:35.223	1.37300	1.37303			6
2025.07.01	01:07:00.130	1.37300				2
2025.07.01	01:07:07.535	1.37299	1.37302			6
2025.07.01	01:07:12.811		1.37301			4
2025.07.01	01:07:19.306		1.37302			4
2025.07.01	01:07:19.609		1.37301			4
2025.07.01	01:07:22.076		1.37302			4
2025.07.01	01:07:52.265		1.37301			4
2025.07.01	01:07:53.506		1.37302			4
2025.07.01	01:07:58.441	1.37300	1.37303			6
2025.07.01	01:08:00.277	1.37300				2
2025.07.01	01:08:00.579	1.37297	1.37300			6
2025.07.01	01:08:00.880	1.37298	1.37301			6
2025.07.01	01:08:02.115	1.37297	1.37300			6
2025.07.01	01:08:02.422	1.37296	1.37299			6
2025.07.01	01:08:03.350	1.37299	1.37302			6
2025.07.01	01:08:07.949		1.37301			4
2025.07.01	01:08:08.887		1.37300			4
2025.07.01	01:08:09.202	1.37298				2
2025.07.01	01:08:10.136	1.37297				2
2025.07.01	01:08:12.635		1.37299			4
2025.07.01	01:08:14.803	1.37299	1.37301			6
2025.07.01	01:08:16.365		1.37300			4
2025.07.01	01:08:23.475	1.37295	1.37298			6
2025.07.01	01:08:24.096	1.37293	1.37295			6
2025.07.01	01:08:25.334	1.37292				2
2025.07.01	01:08:27.200	1.37293				2
2025.07.01	01:08:28.122	1.37292				2
2025.07.01	01:08:29.678	1.37293				2
2025.07.01	01:08:31.518	1.37297	1.37298			6
2025.07.01	01:08:32.157	1.37294	1.37297			6
2025.07.01	01:08:33.067	1.37293	1.37296			6
2025.07.01	01:08:39.872	1.37291	1.37292			6
2025.07.01	01:08:40.172	1.37290	1.37293			6
2025.07.01	01:08:40.486		1.37291			4
2025.07.01	01:08:42.351		1.37293			4
2025.07.01	01:08:42.659	1.37292	1.37295			6
2025.07.01	01:08:44.199		1.37294			4
2025.07.01	01:08:48.545	1.37288	1.37289			6
2025.07.01	01:08:49.469	1.37287				2
2025.07.01	01:08:49.781	1.37283	1.37286			6
2025.07.01	01:08:50.093	1.37287	1.37289			6
2025.07.01	01:08:50.395	1.37284	1.37287			6
2025.07.01	01:08:51.006		1.37285			4
2025.07.01	01:08:51.320	1.37282				2
2025.07.01	01:08:51.631	1.37283				2
2025.07.01	01:08:52.557		1.37286			4
2025.07.01	01:08:53.789		1.37284			4
2025.07.01	01:08:54.097	1.37282	1.37285			6
2025.07.01	01:08:57.162	1.37281	1.37283			6
2025.07.01	01:08:57.468		1.37282			4
2025.07.01	01:08:57.779		1.37283			4
2025.07.01	01:09:00.255	1.37280				2
2025.07.01	01:09:02.732	1.37277	1.37278			6
2025.07.01	01:09:03.042	1.37278	1.37280			6
2025.07.01	01:09:06.111	1.37274	1.37275			6
2025.07.01	01:09:06.424	1.37270	1.37273			6
2025.07.01	01:09:07.039	1.37273	1.37276			6
2025.07.01	01:09:07.345	1.37274	1.37277			6
2025.07.01	01:09:07.966	1.37277	1.37279			6
2025.07.01	01:09:08.285	1.37274	1.37277			6
2025.07.01	01:09:09.520	1.37273	1.37275			6
2025.07.01	01:09:09.829	1.37270	1.37273			6
2025.07.01	01:09:10.440	1.37271	1.37274			6
2025.07.01	01:09:10.741	1.37272	1.37275			6
2025.07.01	01:09:11.054	1.37278	1.37279			6
2025.07.01	01:09:11.669		1.37280			4
2025.07.01	01:09:11.970	1.37279				2
2025.07.01	01:09:15.689	1.37277	1.37279			6
2025.07.01	01:09:16.614	1.37274	1.37277			6
2025.07.01	01:09:16.919	1.37273	1.37276			6
2025.07.01	01:09:17.855		1.37274			4
2025.07.01	01:09:18.160	1.37272	1.37273			6
2025.07.01	01:09:25.525		1.37275			4
2025.07.01	01:09:26.139		1.37274			4
2025.07.01	01:09:32.273		1.37275			4
2025.07.01	01:09:32.899		1.37274			4
2025.07.01	01:09:33.203		1.37273			4
2025.07.01	01:09:34.122	1.37271				2
2025.07.01	01:09:36.570	1.37272				2
2025.07.01	01:09:37.178	1.37271	1.37274			6
2025.07.01	01:09:37.483	1.37272	1.37275			6
2025.07.01	01:09:38.411	1.37279	1.37280			6
2025.07.01	01:09:39.645	1.37281	1.37282			6
2025.07.01	01:09:39.962	1.37280	1.37281			6
2025.07.01	01:09:41.189	1.37279	1.37282			6
2025.07.01	01:09:41.493	1.37280	1.37283			6
2025.07.01	01:09:43.035	1.37282	1.37285			6
2025.07.01	01:09:43.340	1.37281	1.37284			6
2025.07.01	01:09:43.957	1.37280	1.37283			6
2025.07.01	01:09:47.355	1.37281	1.37284			6
2025.07.01	01:09:48.280	1.37280	1.37283			6
2025.07.01	01:09:48.584	1.37281	1.37284			6
2025.07.01	01:09:49.209	1.37280	1.37283			6
2025.07.01	01:09:49.514	1.37281	1.37284			6
2025.07.01	01:09:50.439	1.37285	1.37288			6
2025.07.01	01:09:52.303	1.37286	1.37289			6
2025.07.01	01:09:54.140	1.37285	1.37288			6
2025.07.01	01:09:55.382	1.37286	1.37289			6
2025.07.01	01:09:57.524	1.37287				2
2025.07.01	01:09:59.046	1.37288				2
2025.07.01	01:10:00.280	1.37288				2
2025.07.01	01:10:00.585		1.37291			4
2025.07.01	01:10:00.887	1.37287	1.37290			6
2025.07.01	01:10:01.811	1.37290	1.37293			6
2025.07.01	01:10:02.122	1.37288	1.37291			6
2025.07.01	01:10:03.067	1.37293	1.37296			6
2025.07.01	01:10:03.368	1.37295	1.37298			6
2025.07.01	01:10:04.296	1.37301	1.37304			6
2025.07.01	01:10:04.598	1.37302	1.37305			6
2025.07.01	01:10:05.527	1.37303	1.37306			6
2025.07.01	01:10:19.193	1.37302	1.37305			6
2025.07.01	01:10:21.971	1.37303	1.37306			6
2025.07.01	01:10:26.320	1.37304	1.37307			6
2025.07.01	01:10:26.627	1.37305	1.37308			6
2025.07.01	01:10:28.500	1.37304	1.37307			6
2025.07.01	01:10:30.677	1.37305	1.37308			6
2025.07.01	01:10:33.477	1.37306	1.37309			6
2025.07.01	01:10:39.335	1.37305	1.37308			6
2025.07.01	01:10:40.252	1.37306	1.37309			6
2025.07.01	01:10:44.274	1.37307	1.37310			6
2025.07.01	01:10:44.577	1.37309	1.37312			6
2025.07.01	01:10:53.849	1.37310	1.37313			6
2025.07.01	01:10:54.162	1.37312	1.37315			6
2025.07.01	01:10:54.778	1.37313	1.37316			6
2025.07.01	01:10:57.578	1.37308	1.37311			6
2025.07.01	01:10:57.881	1.37310	1.37313			6
2025.07.01	01:10:59.422	1.37309	1.37312			6
2025.07.01	01:10:59.728	1.37310	1.37313			6
2025.07.01	01:11:00.123	1.37309	1.37312			6
2025.07.01	01:11:00.432	1.37311	1.37313			6
2025.07.01	01:11:00.741	1.37309	1.37312			6
2025.07.01	01:11:15.878	1.37308	1.37311			6
2025.07.01	01:11:19.254	1.37309	1.37312			6
2025.07.01	01:11:25.089	1.37308	1.37311			6
2025.07.01	01:11:27.570	1.37309	1.37312			6
2025.07.01	01:11:37.463	1.37310	1.37313			6
2025.07.01	01:11:42.685	1.37311	1.37314			6
2025.07.01	01:11:43.913	1.37310	1.37313			6
2025.07.01	01:11:48.866	1.37311	1.37314			6
2025.07.01	01:11:56.254		1.37313			4
2025.07.01	01:11:56.867	1.37312				2
2025.07.01	01:11:59.019		1.37315			4
2025.07.01	01:11:59.326	1.37311	1.37314			6
2025.07.01	01:11:59.936	1.37314	1.37317			6
2025.07.01	01:12:00.243	1.37316	1.37319			6
2025.07.01	01:12:00.549	1.37315	1.37318			6
2025.07.01	01:12:01.479		1.37316			4
2025.07.01	01:12:01.781	1.37313				2
2025.07.01	01:12:02.410	1.37311	1.37314			6
2025.07.01	01:12:03.334	1.37308	1.37311			6
2025.07.01	01:12:03.642	1.37309	1.37312			6
2025.07.01	01:12:06.730	1.37305	1.37308			6
2025.07.01	01:12:07.356		1.37307			4
2025.07.01	01:12:07.658	1.37304				2
2025.07.01	01:12:08.591	1.37303	1.37306			6
2025.07.01	01:12:09.824	1.37302	1.37305			6
2025.07.01	01:12:11.374	1.37298	1.37301			6
2025.07.01	01:12:12.302	1.37297	1.37300			6
2025.07.01	01:12:13.855	1.37296	1.37299			6
2025.07.01	01:12:17.870	1.37297	1.37300			6
2025.07.01	01:12:18.478	1.37298				2
2025.07.01	01:12:19.403	1.37297				2
2025.07.01	01:12:21.251	1.37296	1.37299			6
2025.07.01	01:12:23.709	1.37297	1.37300			6
2025.07.01	01:12:25.258	1.37298				2
2025.07.01	01:12:27.100	1.37297				2
2025.07.01	01:12:27.402	1.37298				2
2025.07.01	01:12:28.324	1.37297				2
2025.07.01	01:12:28.630	1.37298				2
2025.07.01	01:12:30.167	1.37297				2
2025.07.01	01:12:31.406	1.37298				2
2025.07.01	01:12:33.566	1.37296	1.37299			6
2025.07.01	01:12:34.186	1.37297	1.37300			6
2025.07.01	01:12:34.491	1.37298				2
2025.07.01	01:12:34.796	1.37297				2
2025.07.01	01:12:35.111	1.37298				2
2025.07.01	01:12:36.333	1.37297				2
2025.07.01	01:12:36.651	1.37298				2
2025.07.01	01:12:54.147	1.37297				2
2025.07.01	01:12:57.530	1.37298				2
2025.07.01	01:12:59.059	1.37297				2
2025.07.01	01:12:59.671	1.37298	1.37301			6
2025.07.01	01:13:00.287	1.37298	1.37299			6
2025.07.01	01:13:00.896	1.37297				2
2025.07.01	01:13:01.515		1.37300			4
2025.07.01	01:13:01.819	1.37296	1.37299			6
2025.07.01	01:13:04.595	1.37297	1.37300			6
2025.07.01	01:13:04.902	1.37296	1.37299			6
2025.07.01	01:13:06.140	1.37297	1.37300			6
2025.07.01	01:13:13.855	1.37296	1.37299			6
2025.07.01	01:13:15.392	1.37297	1.37300			6
2025.07.01	01:13:29.549	1.37300	1.37303			6
2025.07.01	01:13:29.855	1.37301	1.37304			6
2025.07.01	01:13:30.175	1.37300	1.37303			6
2025.07.01	01:13:40.009	1.37301	1.37304			6
2025.07.01	01:13:40.315	1.37300	1.37303			6
2025.07.01	01:13:47.664	1.37304	1.37307			6
2025.07.01	01:13:47.974	1.37303	1.37306			6
2025.07.01	01:13:48.899	1.37302	1.37305			6
2025.07.01	01:13:58.203	1.37301	1.37304			6
2025.07.01	01:14:00.042	1.37301				2
2025.07.01	01:14:14.488	1.37302	1.37305			6
2025.07.01	01:14:14.802	1.37304	1.37307			6
2025.07.01	01:14:20.020	1.37305	1.37308			6
2025.07.01	01:14:20.328	1.37311	1.37314			6
2025.07.01	01:14:20.643	1.37309	1.37312			6
2025.07.01	01:14:28.366	1.37310	1.37313			6
2025.07.01	01:14:31.452	1.37311	1.37314			6
2025.07.01	01:14:32.390	1.37312	1.37315			6
2025.07.01	01:14:32.698	1.37311	1.37314			6
2025.07.01	01:14:33.317	1.37310	1.37313			6
2025.07.01	01:14:33.631	1.37311	1.37314			6
2025.07.01	01:14:34.884	1.37310	1.37313			6
2025.07.01	01:14:35.196	1.37311	1.37314			6
2025.07.01	01:14:36.730	1.37312	1.37315			6
2025.07.01	01:14:38.564	1.37311	1.37314			6
2025.07.01	01:14:41.933	1.37312	1.37315			6
2025.07.01	01:14:45.618	1.37313	1.37316			6
2025.07.01	01:14:48.994	1.37312	1.37315			6
2025.07.01	01:14:49.304	1.37313	1.37316			6
2025.07.01	01:14:50.219	1.37312	1.37315			6
2025.07.01	01:14:57.308	1.37311	1.37314			6
2025.07.01	01:15:00.076	1.37311				2
2025.07.01	01:15:00.382	1.37308	1.37311			6
2025.07.01	01:15:02.838	1.37307	1.37310			6
2025.07.01	01:15:05.600	1.37306	1.37309			6
2025.07.01	01:15:05.905	1.37307	1.37310			6
2025.07.01	01:15:08.975	1.37308	1.37311			6
2025.07.01	01:15:11.117	1.37307	1.37310			6
2025.07.01	01:15:12.959	1.37308	1.37311			6
2025.07.01	01:15:15.098	1.37307	1.37310			6
2025.07.01	01:15:19.387	1.37308	1.37311			6
2025.07.01	01:15:21.227	1.37307	1.37310			6
2025.07.01	01:15:21.536	1.37308	1.37311			6
2025.07.01	01:15:21.848	1.37307	1.37310			6
2025.07.01	01:15:22.161	1.37308	1.37311			6
2025.07.01	01:15:22.778	1.37307	1.37310			6
2025.07.01	01:15:23.083	1.37308	1.37311			6
2025.07.01	01:15:23.389	1.37307	1.37310			6
2025.07.01	01:15:24.012	1.37308	1.37311			6
2025.07.01	01:15:24.325	1.37307	1.37310			6
2025.07.01	01:15:24.937	1.37308	1.37311			6
2025.07.01	01:15:25.247	1.37307	1.37310			6
2025.07.01	01:15:29.272	1.37310	1.37313			6
2025.07.01	01:15:29.580	1.37309	1.37312			6
2025.07.01	01:15:30.196	1.37310	1.37313			6
2025.07.01	01:15:30.502	1.37311	1.37314			6
2025.07.01	01:15:31.428	1.37310	1.37313			6
2025.07.01	01:15:35.757	1.37311	1.37314			6
2025.07.01	01:15:36.376	1.37310	1.37313			6
2025.07.01	01:15:36.685	1.37311	1.37314			6
2025.07.01	01:15:40.075	1.37310	1.37313			6
2025.07.01	01:15:40.385	1.37311	1.37314			6
2025.07.01	01:15:44.094	1.37312	1.37315			6
2025.07.01	01:15:44.398	1.37311	1.37314			6
2025.07.01	01:15:46.567	1.37312	1.37315			6
2025.07.01	01:15:47.181	1.37314	1.37317			6
2025.07.01	01:15:48.414	1.37312	1.37315			6
2025.07.01	01:15:50.268	1.37316	1.37319			6
2025.07.01	01:16:00.135	1.37316				2
2025.07.01	01:16:02.604	1.37313	1.37316			6
2025.07.01	01:16:03.838	1.37312	1.37315			6
2025.07.01	01:16:07.873	1.37311	1.37314			6
2025.07.01	01:16:13.416	1.37312	1.37315			6
2025.07.01	01:16:13.721	1.37311	1.37314			6
2025.07.01	01:16:19.604	1.37312	1.37315			6
2025.07.01	01:16:19.912	1.37311	1.37314			6
2025.07.01	01:16:20.529	1.37309	1.37312			6
2025.07.01	01:16:21.143	1.37308	1.37311			6
2025.07.01	01:16:22.999	1.37307	1.37310			6
2025.07.01	01:16:25.487	1.37309	1.37312			6
2025.07.01	01:16:25.796	1.37313	1.37316			6
2025.07.01	01:16:26.721	1.37311	1.37314			6
2025.07.01	01:16:29.803	1.37313	1.37316			6
2025.07.01	01:16:30.714	1.37311	1.37314			6
2025.07.01	01:16:31.017	1.37312	1.37315			6
2025.07.01	01:16:31.323	1.37311	1.37314			6
2025.07.01	01:16:31.936	1.37312	1.37315			6
2025.07.01	01:16:32.245	1.37311	1.37314			6
2025.07.01	01:16:44.907	1.37314	1.37317			6
2025.07.01	01:16:45.220	1.37313	1.37316			6
2025.07.01	01:16:46.155	1.37312	1.37315			6
2025.07.01	01:16:47.821	1.37313	1.37316			6
2025.07.01	01:16:50.598	1.37314	1.37317			6
2025.07.01	01:16:50.900	1.37318	1.37321			6
2025.07.01	01:16:52.132	1.37319	1.37322			6
2025.07.01	01:16:52.437	1.37322	1.37325			6
2025.07.01	01:16:54.305	1.37320	1.37323			6
2025.07.01	01:17:00.193	1.37320				2
2025.07.01	01:17:04.192	1.37321	1.37324			6
2025.07.01	01:17:04.501	1.37320	1.37323			6
2025.07.01	01:17:05.118	1.37319	1.37322			6
2025.07.01	01:17:08.190	1.37321	1.37324			6
2025.07.01	01:17:09.426	1.37322	1.37325			6
2025.07.01	01:17:10.366	1.37323	1.37326			6
2025.07.01	01:17:13.786	1.37320	1.37323			6
2025.07.01	01:17:14.089	1.37322	1.37325			6
2025.07.01	01:17:15.004	1.37323	1.37326			6
2025.07.01	01:17:16.258	1.37324	1.37327			6
2025.07.01	01:17:26.505	1.37323	1.37326			6
2025.07.01	01:17:30.857	1.37322	1.37325			6
2025.07.01	01:17:33.342	1.37321	1.37324			6
2025.07.01	01:17:34.273	1.37322	1.37325			6
2025.07.01	01:17:35.218	1.37321	1.37324			6
2025.07.01	01:17:35.532	1.37322	1.37325			6
2025.07.01	01:17:36.148	1.37319	1.37322			6
2025.07.01	01:17:36.456	1.37318	1.37321			6
2025.07.01	01:17:42.951	1.37320	1.37323			6
2025.07.01	01:17:46.953	1.37321	1.37324			6
2025.07.01	01:17:50.947	1.37322	1.37325			6
2025.07.01	01:17:51.253	1.37323	1.37326			6
2025.07.01	01:18:00.151	1.37323				2
2025.07.01	01:18:00.458	1.37324	1.37327			6
2025.07.01	01:18:09.974	1.37323	1.37326			6
2025.07.01	01:18:12.128	1.37326	1.37329			6
2025.07.01	01:18:12.432	1.37325	1.37328			6
2025.07.01	01:18:13.053	1.37323	1.37326			6
2025.07.01	01:18:13.974	1.37324	1.37327			6
2025.07.01	01:18:16.766	1.37329	1.37332			6
2025.07.01	01:18:18.292	1.37325	1.37328			6
2025.07.01	01:18:21.065	1.37330	1.37333			6
2025.07.01	01:18:39.555	1.37331	1.37334			6
2025.07.01	01:18:39.860	1.37330	1.37333			6
2025.07.01	01:18:41.092	1.37329	1.37332			6
2025.07.01	01:18:42.322	1.37333	1.37336			6
2025.07.01	01:18:42.627	1.37331	1.37334			6
2025.07.01	01:18:44.474	1.37330	1.37333			6
2025.07.01	01:18:46.038	1.37331	1.37334			6
2025.07.01	01:18:46.347	1.37330	1.37333			6
2025.07.01	01:18:46.965	1.37334	1.37336			6
2025.07.01	01:18:47.274	1.37336	1.37339			6
2025.07.01	01:18:48.503	1.37335	1.37338			6
2025.07.01	01:18:51.586	1.37336	1.37339			6
2025.07.01	01:18:55.609	1.37334	1.37337			6
2025.07.01	01:18:55.917	1.37333	1.37336			6
2025.07.01	01:18:58.393	1.37331	1.37334			6
2025.07.01	01:18:58.702	1.37332	1.37335			6
2025.07.01	01:18:59.332	1.37333	1.37336			6
2025.07.01	01:18:59.942	1.37332	1.37335			6
2025.07.01	01:19:00.261	1.37332				2
2025.07.01	01:19:00.566	1.37333	1.37336			6
2025.07.01	01:19:00.876	1.37332	1.37335			6
2025.07.01	01:19:01.497	1.37333	1.37336			6
2025.07.01	01:19:02.749	1.37337	1.37340			6
2025.07.01	01:19:03.052	1.37336	1.37339			6
2025.07.01	01:19:05.837	1.37337	1.37340			6
2025.07.01	01:19:06.140	1.37336	1.37339			6
2025.07.01	01:19:07.382	1.37337	1.37340			6
2025.07.01	01:19:15.121	1.37341	1.37344			6
2025.07.01	01:19:15.444	1.37342	1.37345			6
2025.07.01	01:19:16.380	1.37343	1.37346			6
2025.07.01	01:19:23.436	1.37341	1.37344			6
2025.07.01	01:19:24.051	1.37345	1.37348			6
2025.07.01	01:19:31.445	1.37346	1.37349			6
2025.07.01	01:19:40.407	1.37345	1.37348			6
2025.07.01	01:19:56.157	1.37346	1.37349			6
2025.07.01	01:19:59.557	1.37345	1.37348			6
2025.07.01	01:19:59.865	1.37347	1.37350			6
2025.07.01	01:20:00.173	1.37346	1.37349			6
2025.07.01	01:20:00.483	1.37347	1.37350			6
2025.07.01	01:20:01.102	1.37348	1.37351			6
2025.07.01	01:20:02.958	1.37346	1.37349			6
2025.07.01	01:20:03.269	1.37347	1.37350			6
2025.07.01	01:20:05.124	1.37348	1.37351			6
2025.07.01	01:20:05.439	1.37347	1.37350			6
2025.07.01	01:20:21.512	1.37345	1.37348			6
2025.07.01	01:20:30.813	1.37346	1.37349			6
2025.07.01	01:20:31.117	1.37345	1.37348			6
2025.07.01	01:20:31.424	1.37346	1.37349			6
2025.07.01	01:20:33.591	1.37345	1.37348			6
2025.07.01	01:20:35.144	1.37346	1.37349			6
2025.07.01	01:20:40.077	1.37345	1.37348			6
2025.07.01	01:20:40.396	1.37346	1.37349			6
2025.07.01	01:20:40.696	1.37345	1.37348			6
2025.07.01	01:20:41.932	1.37346	1.37349			6
2025.07.01	01:20:42.243	1.37345	1.37348			6
2025.07.01	01:20:42.557	1.37346	1.37349			6
2025.07.01	01:20:42.859	1.37345	1.37348			6
2025.07.01	01:20:44.408	1.37346	1.37349			6
2025.07.01	01:20:45.340	1.37345	1.37348			6
2025.07.01	01:20:45.648	1.37346	1.37349			6
2025.07.01	01:20:47.194	1.37345	1.37348			6
2025.07.01	01:20:56.488	1.37341	1.37344			6
2025.07.01	01:20:58.348	1.37340	1.37342			6
2025.07.01	01:20:58.651		1.37343			4
2025.07.01	01:20:59.273		1.37342			4
2025.07.01	01:20:59.577		1.37343			4
2025.07.01	01:21:00.194	1.37340				2
2025.07.01	01:21:01.425		1.37342			4
2025.07.01	01:21:01.735	1.37339				2
2025.07.01	01:21:03.281	1.37340				2
2025.07.01	01:21:05.132	1.37339				2
2025.07.01	01:21:08.528	1.37343	1.37346			6
2025.07.01	01:21:08.851	1.37344	1.37347			6
2025.07.01	01:21:10.087	1.37343	1.37346			6
2025.07.01	01:21:11.330	1.37348	1.37351			6
2025.07.01	01:21:20.311	1.37350	1.37353			6
2025.07.01	01:21:20.619	1.37351	1.37354			6
2025.07.01	01:21:23.116	1.37349	1.37352			6
2025.07.01	01:21:23.423	1.37348	1.37351			6
2025.07.01	01:21:26.846	1.37350	1.37353			6
2025.07.01	01:21:27.146	1.37351	1.37354			6
2025.07.01	01:21:31.171		1.37353			4
2025.07.01	01:21:33.643		1.37352			4
2025.07.01	01:21:33.950		1.37353			4
2025.07.01	01:21:34.869	1.37348	1.37351			6
2025.07.01	01:21:40.415	1.37347	1.37350			6
2025.07.01	01:21:40.720	1.37348	1.37351			6
2025.07.01	01:21:44.716	1.37347	1.37350			6
2025.07.01	01:21:45.331	1.37348	1.37351			6
2025.07.01	01:21:48.704	1.37342	1.37344			6
2025.07.01	01:21:57.002	1.37345	1.37348			6
2025.07.01	01:21:57.310	1.37346	1.37349			6
2025.07.01	01:22:00.087	1.37346				2
2025.07.01	01:22:00.401	1.37347	1.37350			6
2025.07.01	01:22:01.945	1.37346	1.37349			6
2025.07.01	01:22:03.176	1.37347	1.37350			6
2025.07.01	01:22:04.715	1.37346	1.37349			6
2025.07.01	01:22:05.021	1.37345	1.37348			6
2025.07.01	01:22:05.337	1.37344	1.37347			6
2025.07.01	01:22:05.957	1.37345	1.37348			6
2025.07.01	01:22:06.265	1.37344	1.37347			6
2025.07.01	01:22:06.571	1.37345	1.37348			6
2025.07.01	01:22:06.879	1.37344	1.37347			6
2025.07.01	01:22:07.805	1.37345	1.37348			6
2025.07.01	01:22:08.110	1.37344	1.37347			6
2025.07.01	01:22:08.429	1.37345	1.37348			6
2025.07.01	01:22:09.037	1.37344	1.37347			6
2025.07.01	01:22:09.343	1.37345	1.37348			6
2025.07.01	01:22:10.265	1.37344	1.37347			6
2025.07.01	01:22:10.571	1.37345	1.37348			6
2025.07.01	01:22:27.450	1.37346	1.37349			6
2025.07.01	01:22:28.060	1.37345	1.37348			6
2025.07.01	01:22:28.371	1.37346	1.37349			6
2025.07.01	01:22:28.685	1.37345	1.37348			6
2025.07.01	01:22:28.990	1.37346	1.37349			6
2025.07.01	01:22:29.296	1.37345	1.37348			6
2025.07.01	01:22:29.607	1.37346	1.37349			6
2025.07.01	01:22:41.363	1.37345	1.37348			6
2025.07.01	01:22:44.138	1.37346	1.37349			6
2025.07.01	01:22:44.455	1.37345	1.37348			6
2025.07.01	01:22:51.250	1.37346	1.37349			6
2025.07.01	01:22:51.864	1.37345	1.37348			6
2025.07.01	01:22:52.174	1.37346	1.37349			6
2025.07.01	01:22:58.997	1.37347				2
2025.07.01	01:22:59.302	1.37346				2
2025.07.01	01:22:59.914	1.37347				2
2025.07.01	01:23:00.232	1.37346				2
2025.07.01	01:23:00.554	1.37347				2
2025.07.01	01:23:00.857	1.37346				2
2025.07.01	01:23:01.163	1.37347				2
2025.07.01	01:23:01.471	1.37346				2
2025.07.01	01:23:01.785	1.37347				2
2025.07.01	01:23:02.094	1.37345	1.37348			6
2025.07.01	01:23:03.326	1.37344	1.37347			6
2025.07.01	01:23:03.642	1.37345	1.37348			6
2025.07.01	01:23:07.361	1.37344	1.37347			6
2025.07.01	01:23:08.605		1.37346			4
2025.07.01	01:23:09.541	1.37343				2
2025.07.01	01:23:12.328	1.37338	1.37340			6
2025.07.01	01:23:12.637		1.37339			4
2025.07.01	01:23:13.568	1.37336	1.37337			6
2025.07.01	01:23:14.189	1.37338	1.37341			6
2025.07.01	01:23:15.108	1.37337	1.37340			6
2025.07.01	01:23:15.421	1.37336	1.37339			6
2025.07.01	01:23:26.161	1.37335	1.37338			6
2025.07.01	01:23:30.188	1.37336	1.37339			6
2025.07.01	01:23:37.604	1.37337	1.37340			6
2025.07.01	01:23:41.632	1.37336	1.37339			6
2025.07.01	01:23:42.882	1.37337	1.37340			6
2025.07.01	01:23:47.847	1.37336	1.37339			6
2025.07.01	01:23:51.573	1.37341	1.37342			6
2025.07.01	01:23:51.883	1.37345	1.37348			6
2025.07.01	01:23:52.197	1.37346	1.37349			6
2025.07.01	01:23:55.898	1.37342	1.37344			6
2025.07.01	01:23:56.517	1.37341				2
2025.07.01	01:23:57.448	1.37340				2
2025.07.01	01:23:57.751	1.37339	1.37343			6
2025.07.01	01:23:58.373	1.37340				2
2025.07.01	01:24:00.232	1.37340				2
2025.07.01	01:24:05.502	1.37341	1.37344			6
2025.07.01	01:24:06.116	1.37340	1.37342			6
2025.07.01	01:24:06.419	1.37344	1.37347			6
2025.07.01	01:24:07.356	1.37342	1.37345			6
2025.07.01	01:24:07.664	1.37343				2
2025.07.01	01:24:13.240	1.37342				2
2025.07.01	01:24:19.130	1.37344	1.37347			6
2025.07.01	01:24:21.927	1.37343	1.37345			6
2025.07.01	01:24:22.236	1.37342				2
2025.07.01	01:24:33.712	1.37343				2
2025.07.01	01:24:46.385	1.37342				2
2025.07.01	01:24:48.541	1.37343				2
2025.07.01	01:24:48.852	1.37344	1.37346			6
2025.07.01	01:24:49.470	1.37343	1.37345			6
2025.07.01	01:24:50.697	1.37342	1.37344			6
2025.07.01	01:25:00.025	1.37342				2
2025.07.01	01:25:19.882	1.37341	1.37343			6
2025.07.01	01:25:32.293	1.37342	1.37344			6
2025.07.01	01:25:43.458	1.37343				2
2025.07.01	01:25:45.940	1.37345	1.37346			6
2025.07.01	01:25:46.558	1.37343	1.37345			6
2025.07.01	01:25:56.151	1.37344				2
2025.07.01	01:26:00.178	1.37344				2
2025.07.01	01:26:00.482	1.37346	1.37347			6
2025.07.01	01:26:18.422	1.37345				2
2025.07.01	01:26:21.523	1.37344	1.37345			6
2025.07.01	01:26:22.453	1.37343	1.37344			6
2025.07.01	01:26:27.403	1.37348	1.37349			6
2025.07.01	01:26:27.711		1.37350			4
2025.07.01	01:26:28.032	1.37347				2
2025.07.01	01:26:29.262		1.37349			4
2025.07.01	01:26:40.397	1.37350	1.37351			6
2025.07.01	01:26:40.713	1.37349	1.37350			6
2025.07.01	01:26:41.954	1.37348				2
2025.07.01	01:26:50.318	1.37350	1.37351			6
2025.07.01	01:26:50.635	1.37349	1.37350			6
2025.07.01	01:26:51.874	1.37348				2
2025.07.01	01:27:00.162	1.37348				2
2025.07.01	01:27:28.364	1.37349				2
2025.07.01	01:27:28.669	1.37348				2
2025.07.01	01:27:36.329	1.37356	1.37359			6
2025.07.01	01:27:36.642		1.37357			4
2025.07.01	01:27:36.953	1.37358	1.37359			6
2025.07.01	01:27:37.258	1.37359	1.37360			6
2025.07.01	01:27:37.566	1.37358				2
2025.07.01	01:27:52.614	1.37359				2
2025.07.01	01:28:00.291	1.37358				2
2025.07.01	01:28:01.819	1.37359				2
2025.07.01	01:28:02.120	1.37360	1.37361			6
2025.07.01	01:28:15.898	1.37358	1.37359			6
2025.07.01	01:28:16.200		1.37360			4
2025.07.01	01:28:16.507	1.37357				2
2025.07.01	01:28:17.125	1.37356	1.37359			6
2025.07.01	01:28:21.741		1.37358			4
2025.07.01	01:28:22.057	1.37359	1.37361			6
2025.07.01	01:28:55.329	1.37360	1.37362			6
2025.07.01	01:28:59.352	1.37359	1.37360			6
2025.07.01	01:28:59.660	1.37357	1.37358			6
2025.07.01	01:29:00.272	1.37357				2
2025.07.01	01:29:00.584		1.37360			4
2025.07.01	01:29:01.200	1.37353	1.37355			6
2025.07.01	01:29:02.140	1.37352				2
2025.07.01	01:29:03.377	1.37351	1.37354			6
2025.07.01	01:29:05.845	1.37353	1.37355			6
2025.07.01	01:29:09.249	1.37349	1.37350			6
2025.07.01	01:29:10.489	1.37347	1.37349			6
2025.07.01	01:29:14.498	1.37346				2
2025.07.01	01:29:27.109	1.37347				2
2025.07.01	01:29:43.155	1.37348				2
2025.07.01	01:29:43.457	1.37347				2
2025.07.01	01:29:44.083		1.37348			4
2025.07.01	01:29:46.225	1.37346				2
2025.07.01	01:29:54.527	1.37347				2
2025.07.01	01:30:00.052	1.37349	1.37350			6
2025.07.01	01:30:00.366	1.37348	1.37349			6
2025.07.01	01:30:02.215		1.37351			4
2025.07.01	01:30:04.678		1.37349			4
2025.07.01	01:30:09.318	1.37350	1.37351			6
2025.07.01	01:30:09.630	1.37349	1.37350			6
2025.07.01	01:30:10.868	1.37348	1.37349			6
2025.07.01	01:30:18.887	1.37355	1.37358			6
2025.07.01	01:30:19.198	1.37356	1.37361			6
2025.07.01	01:30:22.281	1.37358	1.37363			6
2025.07.01	01:30:22.591	1.37365	1.37368			6
2025.07.01	01:30:22.897	1.37366	1.37370			6
2025.07.01	01:30:23.216	1.37365				2
2025.07.01	01:30:24.453	1.37367	1.37373			6
2025.07.01	01:30:25.074	1.37365	1.37367			6
2025.07.01	01:30:25.386		1.37369			4
2025.07.01	01:30:28.179	1.37364				2
2025.07.01	01:30:28.488	1.37359	1.37365			6
2025.07.01	01:30:28.807	1.37358				2
2025.07.01	01:30:29.113		1.37364			4
2025.07.01	01:30:29.421	1.37357				2
2025.07.01	01:30:30.971	1.37358				2
2025.07.01	01:30:33.117		1.37363			4
2025.07.01	01:30:33.421	1.37357	1.37364			6
2025.07.01	01:30:34.353	1.37359	1.37365			6
2025.07.01	01:30:36.205	1.37360	1.37368			6
2025.07.01	01:30:36.510	1.37359	1.37366			6
2025.07.01	01:30:36.812		1.37365			4
2025.07.01	01:30:37.746	1.37360				2
2025.07.01	01:30:39.603	1.37364	1.37370			6
2025.07.01	01:30:41.458	1.37358	1.37364			6
2025.07.01	01:30:42.387	1.37357				2
2025.07.01	01:30:44.552	1.37358	1.37363			6
2025.07.01	01:30:46.408	1.37357				2
2025.07.01	01:30:47.020	1.37358				2
2025.07.01	01:30:47.335		1.37364			4
2025.07.01	01:30:51.637	1.37359				2
2025.07.01	01:30:52.552	1.37358				2
2025.07.01	01:30:55.623	1.37357	1.37365			6
2025.07.01	01:30:55.937	1.37358				2
2025.07.01	01:30:56.244		1.37364			4
2025.07.01	01:30:56.551	1.37364	1.37371			6
2025.07.01	01:31:00.249	1.37364				2
2025.07.01	01:31:10.080		1.37372			4
2025.07.01	01:31:10.691	1.37367				2
2025.07.01	01:31:11.314	1.37366				2
2025.07.01	01:31:12.236	1.37365				2
2025.07.01	01:31:14.698	1.37366	1.37371			6
2025.07.01	01:31:15.320	1.37365				2
2025.07.01	01:31:15.940	1.37364				2
2025.07.01	01:31:19.942	1.37363	1.37369			6
2025.07.01	01:31:20.247	1.37362				2
2025.07.01	01:31:20.863	1.37364				2
2025.07.01	01:31:23.666	1.37363	1.37368			6
2025.07.01	01:31:24.916		1.37367			4
2025.07.01	01:31:25.226	1.37358	1.37364			6
2025.07.01	01:31:30.806	1.37359				2
2025.07.01	01:31:31.113	1.37358				2
2025.07.01	01:31:31.423		1.37365			4
2025.07.01	01:31:35.117	1.37359				2
2025.07.01	01:31:41.262	1.37358				2
2025.07.01	01:31:41.567	1.37359				2
2025.07.01	01:31:44.335	1.37360				2
2025.07.01	01:31:48.299	1.37361	1.37362			6
2025.07.01	01:31:48.601	1.37357	1.37361			6
2025.07.01	01:31:52.593	1.37359	1.37363			6
2025.07.01	01:31:53.201	1.37358	1.37361			6
2025.07.01	01:31:56.251	1.37359				2
2025.07.01	01:32:00.210	1.37359				2
2025.07.01	01:32:00.515	1.37358				2
2025.07.01	01:32:02.333		1.37362			4
2025.07.01	01:32:05.385	1.37359				2
2025.07.01	01:32:09.662	1.37358				2
2025.07.01	01:32:09.968	1.37359				2
2025.07.01	01:32:13.327	1.37360				2
2025.07.01	01:32:19.130	1.37358	1.37361			6
2025.07.01	01:32:20.970	1.37359	1.37362			6
2025.07.01	01:32:26.159	1.37358	1.37360			6
2025.07.01	01:32:26.460	1.37357				2
2025.07.01	01:32:47.248	1.37358	1.37361			6
2025.07.01	01:32:57.756	1.37357	1.37360			6
2025.07.01	01:33:00.183	1.37357				2
2025.07.01	01:33:04.765	1.37356	1.37358			6
2025.07.01	01:33:05.073		1.37359			4
2025.07.01	01:33:05.683	1.37357	1.37360			6
2025.07.01	01:33:17.634	1.37358	1.37361			6
2025.07.01	01:33:17.936	1.37356	1.37359			6
2025.07.01	01:33:20.683	1.37354	1.37357			6
2025.07.01	01:33:21.894	1.37356	1.37359			6
2025.07.01	01:33:25.545	1.37354	1.37357			6
2025.07.01	01:33:36.870	1.37355	1.37358			6
2025.07.01	01:33:37.178	1.37354	1.37357			6
2025.07.01	01:33:53.640	1.37356	1.37359			6
2025.07.01	01:33:53.945	1.37354	1.37357			6
2025.07.01	01:33:58.508		1.37356			4
2025.07.01	01:34:00.032	1.37354				2
2025.07.01	01:34:02.508	1.37353				2
2025.07.01	01:34:03.115	1.37354				2
2025.07.01	01:34:04.045	1.37353				2
2025.07.01	01:34:05.271	1.37354				2
2025.07.01	01:34:05.886	1.37353				2
2025.07.01	01:34:08.644	1.37354				2
2025.07.01	01:34:11.734	1.37353				2
2025.07.01	01:34:14.788	1.37351	1.37354			6
2025.07.01	01:34:15.091	1.37352				2
2025.07.01	01:34:16.935	1.37351				2
2025.07.01	01:34:20.947		1.37353			4
2025.07.01	01:34:21.560	1.37347	1.37350			6
2025.07.01	01:34:22.789	1.37346	1.37349			6
2025.07.01	01:34:23.716	1.37345	1.37348			6
2025.07.01	01:34:24.644	1.37344	1.37346			6
2025.07.01	01:35:00.297	1.37344				2
2025.07.01	01:35:04.309		1.37347			4
2025.07.01	01:35:05.842	1.37346	1.37349			6
2025.07.01	01:35:14.742	1.37344	1.37346			6
2025.07.01	01:35:22.127	1.37343				2
2025.07.01	01:35:22.739	1.37339	1.37342			6
2025.07.01	01:35:23.041	1.37341	1.37343			6
2025.07.01	01:35:23.955	1.37339	1.37342			6
2025.07.01	01:35:24.260	1.37338	1.37341			6
2025.07.01	01:35:26.421	1.37334	1.37337			6
2025.07.01	01:35:31.383	1.37327	1.37328			6
2025.07.01	01:35:31.689	1.37325				2
2025.07.01	01:35:32.010		1.37327			4
2025.07.01	01:35:32.312	1.37324				2
2025.07.01	01:35:32.613	1.37323	1.37324			6
2025.07.01	01:35:32.919		1.37327			4
2025.07.01	01:35:38.186	1.37321	1.37325			6
2025.07.01	01:35:38.491	1.37316	1.37319			6
2025.07.01	01:35:39.116		1.37322			4
2025.07.01	01:35:43.125		1.37321			4
2025.07.01	01:35:49.888	1.37315				2
2025.07.01	01:35:51.118		1.37320			4
2025.07.01	01:35:55.127	1.37314	1.37319			6
2025.07.01	01:35:55.430		1.37318			4
2025.07.01	01:35:55.751	1.37316	1.37321			6
2025.07.01	01:35:56.058		1.37320			4
2025.07.01	01:36:00.068	1.37316				2
2025.07.01	01:36:02.217		1.37319			4
2025.07.01	01:36:03.440		1.37320			4
2025.07.01	01:36:06.834		1.37319			4
2025.07.01	01:36:07.453	1.37315				2
2025.07.01	01:36:10.533	1.37316	1.37320			6
2025.07.01	01:36:10.837	1.37315	1.37319			6
2025.07.01	01:36:12.390	1.37316				2
2025.07.01	01:36:44.169	1.37317	1.37320			6
2025.07.01	01:36:44.473	1.37316	1.37319			6
2025.07.01	01:36:44.775	1.37317	1.37320			6
2025.07.01	01:36:45.077	1.37316	1.37319			6
2025.07.01	01:37:00.137	1.37316				2
2025.07.01	01:37:00.446	1.37315	1.37318			6
2025.07.01	01:37:00.750	1.37316	1.37319			6
2025.07.01	01:37:01.374	1.37315	1.37318			6
2025.07.01	01:37:06.579	1.37316	1.37319			6
2025.07.01	01:37:11.489	1.37315	1.37318			6
2025.07.01	01:37:12.715	1.37316	1.37319			6
2025.07.01	01:37:16.715	1.37315	1.37318			6
2025.07.01	01:37:18.862	1.37316	1.37319			6
2025.07.01	01:37:25.924	1.37315	1.37318			6
2025.07.01	01:37:27.771	1.37316	1.37319			6
2025.07.01	01:37:41.955	1.37317	1.37320			6
2025.07.01	01:37:42.276	1.37316	1.37319			6
2025.07.01	01:37:45.698	1.37315	1.37318			6
2025.07.01	01:37:47.235	1.37316	1.37319			6
2025.07.01	01:37:56.517	1.37315	1.37318			6
2025.07.01	01:37:58.679	1.37316	1.37319			6
2025.07.01	01:38:00.230	1.37316				2
2025.07.01	01:38:00.536	1.37315	1.37318			6
2025.07.01	01:38:04.537	1.37316	1.37319			6
2025.07.01	01:38:10.067	1.37315	1.37318			6
2025.07.01	01:38:12.230	1.37314	1.37317			6
2025.07.01	01:38:12.535	1.37315				2
2025.07.01	01:38:15.017	1.37313	1.37315			6
2025.07.01	01:38:15.944	1.37315	1.37317			6
2025.07.01	01:38:17.797	1.37313	1.37315			6
2025.07.01	01:38:26.760	1.37315	1.37317			6
2025.07.01	01:38:27.698	1.37313	1.37315			6
2025.07.01	01:38:28.934	1.37315	1.37317			6
2025.07.01	01:38:29.872	1.37313	1.37315			6
2025.07.01	01:38:36.681	1.37315	1.37317			6
2025.07.01	01:38:44.730		1.37318			4
2025.07.01	01:38:51.553	1.37316				2
2025.07.01	01:38:52.790	1.37315				2
2025.07.01	01:38:56.507	1.37314	1.37317			6
2025.07.01	01:39:00.226	1.37314				2
2025.07.01	01:39:00.546	1.37315	1.37318			6
2025.07.01	01:39:32.647	1.37317				2
2025.07.01	01:39:33.267	1.37316				2
2025.07.01	01:39:33.568	1.37315				2
2025.07.01	01:39:36.966		1.37317			4
2025.07.01	01:39:39.754	1.37319	1.37321			6
2025.07.01	01:39:40.063	1.37325	1.37327			6
2025.07.01	01:39:41.297	1.37323				2
2025.07.01	01:39:51.803		1.37328			4
2025.07.01	01:39:56.139	1.37324				2
2025.07.01	01:40:00.166	1.37324				2
2025.07.01	01:40:08.231	1.37325				2
2025.07.01	01:40:10.055	1.37327				2
2025.07.01	01:40:10.669	1.37325				2
2025.07.01	01:40:12.195		1.37326			4
2025.07.01	01:40:15.559	1.37324				2
2025.07.01	01:40:20.133	1.37325				2
2025.07.01	01:40:23.509		1.37327			4
2025.07.01	01:40:24.111	1.37324				2
2025.07.01	01:40:24.415	1.37325				2
2025.07.01	01:40:31.154	1.37324				2
2025.07.01	01:40:34.549	1.37325				2
2025.07.01	01:40:48.145	1.37326				2
2025.07.01	01:40:54.314		1.37329			4
2025.07.01	01:40:55.552	1.37325	1.37328			6
2025.07.01	01:40:58.629	1.37326	1.37329			6
2025.07.01	01:41:00.178	1.37326				2
2025.07.01	01:41:04.584	1.37325	1.37328			6
2025.07.01	01:41:04.893	1.37326	1.37329			6
2025.07.01	01:41:23.163	1.37325	1.37327			6
2025.07.01	01:41:36.826	1.37326	1.37329			6
2025.07.01	01:42:00.056	1.37326				2
2025.07.01	01:42:00.363		1.37327			4
2025.07.01	01:42:00.676	1.37324	1.37326			6
2025.07.01	01:42:04.692	1.37325				2
2025.07.01	01:42:11.168	1.37324	1.37325			6
2025.07.01	01:42:12.101	1.37325	1.37326			6
2025.07.01	01:42:12.730	1.37324	1.37325			6
2025.07.01	01:42:21.089	1.37319	1.37322			6
2025.07.01	01:42:22.341	1.37323	1.37324			6
2025.07.01	01:42:25.739	1.37324	1.37325			6
2025.07.01	01:42:31.600	1.37321	1.37324			6
2025.07.01	01:42:31.902	1.37319	1.37322			6
2025.07.01	01:42:42.738	1.37320	1.37323			6
2025.07.01	01:42:50.532	1.37321	1.37324			6
2025.07.01	01:42:50.837	1.37320	1.37323			6
2025.07.01	01:43:00.136	1.37320				2
2025.07.01	01:43:33.424	1.37317	1.37319			6
2025.07.01	01:43:42.719	1.37316	1.37318			6
2025.07.01	01:43:48.283	1.37322	1.37323			6
2025.07.01	01:43:48.584	1.37323	1.37324			6
2025.07.01	01:43:54.161	1.37324	1.37325			6
2025.07.01	01:43:54.788	1.37323	1.37324			6
2025.07.01	01:44:00.043	1.37323				2
2025.07.01	01:44:01.583	1.37324	1.37325			6
2025.07.01	01:45:00.126	1.37324				2
2025.07.01	01:45:01.668		1.37325			4
2025.07.01	01:45:27.360	1.37325	1.37328			6
2025.07.01	01:45:27.665	1.37335	1.37337			6
2025.07.01	01:45:28.283	1.37334				2
2025.07.01	01:45:29.204	1.37333				2
2025.07.01	01:45:30.429	1.37334				2
2025.07.01	01:45:31.359		1.37336			4
2025.07.01	01:45:36.597	1.37335				2
2025.07.01	01:45:36.905		1.37337			4
2025.07.01	01:45:37.208	1.37337	1.37341			6
2025.07.01	01:45:58.536	1.37335	1.37342			6
2025.07.01	01:45:58.841	1.37334				2
2025.07.01	01:45:59.148		1.37343			4
2025.07.01	01:45:59.459		1.37338			4
2025.07.01	01:46:00.080	1.37334				2
2025.07.01	01:46:00.381	1.37335				2
2025.07.01	01:46:00.689		1.37342			4
2025.07.01	01:46:01.003		1.37341			4
2025.07.01	01:46:02.229	1.37340	1.37342			6
2025.07.01	01:46:05.602	1.37335				2
2025.07.01	01:46:06.519	1.37338	1.37341			6
2025.07.01	01:46:12.380	1.37333	1.37336			6
2025.07.01	01:46:12.691		1.37335			4
2025.07.01	01:46:18.263		1.37334			4
2025.07.01	01:46:32.311	1.37334	1.37335			6
2025.07.01	01:46:51.877	1.37333	1.37334			6
2025.07.01	01:46:59.816	1.37334	1.37335			6
2025.07.01	01:47:00.127	1.37334				2
2025.07.01	01:47:05.938	1.37333	1.37334			6
2025.07.01	01:47:08.678	1.37334	1.37335			6
2025.07.01	01:47:09.298	1.37333	1.37334			6
2025.07.01	01:47:16.020	1.37334	1.37335			6
2025.07.01	01:47:17.543	1.37333	1.37334			6
2025.07.01	01:47:18.454	1.37334	1.37335			6
2025.07.01	01:48:00.086	1.37334				2
2025.07.01	01:48:03.146	1.37332	1.37333			6
2025.07.01	01:48:03.454	1.37334	1.37337			6
2025.07.01	01:48:04.075		1.37335			4
2025.07.01	01:48:12.434	1.37333	1.37334			6
2025.07.01	01:48:58.165	1.37329	1.37330			6
2025.07.01	01:48:58.466	1.37328	1.37331			6
2025.07.01	01:48:58.769	1.37327	1.37330			6
2025.07.01	01:48:59.073	1.37328	1.37329			6
2025.07.01	01:48:59.998	1.37327	1.37328			6
2025.07.01	01:49:00.303	1.37327				2
2025.07.01	01:49:01.534	1.37329	1.37332			6
2025.07.01	01:49:01.840	1.37328	1.37331			6
2025.07.01	01:49:02.147	1.37327	1.37330			6
2025.07.01	01:49:03.694	1.37328				2
2025.07.01	01:49:08.037	1.37327				2
2025.07.01	01:49:34.325	1.37328				2
2025.07.01	01:49:35.557	1.37327				2
2025.07.01	01:49:37.092	1.37328				2
2025.07.01	01:49:44.481		1.37331			4
2025.07.01	01:49:47.262	1.37327	1.37330			6
2025.07.01	01:50:00.253	1.37327				2
2025.07.01	01:50:02.130	1.37329	1.37332			6
2025.07.01	01:50:15.169	1.37332	1.37335			6
2025.07.01	01:50:20.438	1.37333				2
2025.07.01	01:50:56.973		1.37334			4
2025.07.01	01:50:58.829	1.37332				2
2025.07.01	01:51:00.077	1.37332				2
2025.07.01	01:51:00.688		1.37335			4
2025.07.01	01:51:01.314	1.37334	1.37337			6
2025.07.01	01:51:01.619	1.37332	1.37333			6
2025.07.01	01:51:11.267	1.37333	1.37336			6
2025.07.01	01:51:12.215	1.37335	1.37338			6
2025.07.01	01:51:12.519	1.37336	1.37339			6
2025.07.01	01:51:21.244	1.37344	1.37347			6
2025.07.01	01:51:22.173	1.37343	1.37348			6
2025.07.01	01:51:26.836	1.37340	1.37346			6
2025.07.01	01:51:27.138	1.37338				2
2025.07.01	01:51:28.072	1.37335	1.37341			6
2025.07.01	01:51:28.683	1.37336				2
2025.07.01	01:51:30.861	1.37337				2
2025.07.01	01:51:31.481	1.37335	1.37338			6
2025.07.01	01:51:33.646	1.37336				2
2025.07.01	01:51:53.415		1.37337			4
2025.07.01	01:52:00.266	1.37336				2
2025.07.01	01:52:01.212	1.37333	1.37336			6
2025.07.01	01:52:01.516	1.37334				2
2025.07.01	01:52:13.021	1.37336	1.37337			6
2025.07.01	01:52:13.323	1.37337	1.37338			6
2025.07.01	01:52:48.263	1.37334	1.37337			6
2025.07.01	01:52:48.570	1.37335				2
2025.07.01	01:52:53.433	1.37334				2
2025.07.01	01:52:53.740	1.37336				2
2025.07.01	01:52:58.306	1.37335				2
2025.07.01	01:53:00.141	1.37335				2
2025.07.01	01:53:03.191	1.37334				2
2025.07.01	01:53:03.492	1.37335				2
2025.07.01	01:53:05.648	1.37334				2
2025.07.01	01:53:08.403	1.37335				2
2025.07.01	01:53:08.714	1.37334				2
2025.07.01	01:53:10.846	1.37335				2
2025.07.01	01:53:18.176	1.37336				2
2025.07.01	01:53:22.465	1.37335				2
2025.07.01	01:53:23.381	1.37336				2
2025.07.01	01:53:23.682	1.37335				2
2025.07.01	01:53:26.140	1.37336				2
2025.07.01	01:53:27.684	1.37334	1.37336			6
2025.07.01	01:53:50.444	1.37335				2
2025.07.01	01:53:51.368	1.37327	1.37330			6
2025.07.01	01:53:52.299	1.37325	1.37331			6
2025.07.01	01:53:57.283	1.37324	1.37327			6
2025.07.01	01:53:57.588	1.37325	1.37331			6
2025.07.01	01:53:58.518		1.37327			4
2025.07.01	01:53:59.748		1.37331			4
2025.07.01	01:54:00.056	1.37325	1.37327			6
2025.07.01	01:54:00.999		1.37331			4
2025.07.01	01:54:01.921		1.37327			4
2025.07.01	01:54:02.230		1.37331			4
2025.07.01	01:54:02.857		1.37327			4
2025.07.01	01:54:03.159	1.37326	1.37331			6
2025.07.01	01:54:03.767	1.37327				2
2025.07.01	01:54:04.393	1.37326				2
2025.07.01	01:54:05.320	1.37327				2
2025.07.01	01:54:11.468		1.37332			4
2025.07.01	01:54:12.388	1.37328				2
2025.07.01	01:54:12.697		1.37331			4
2025.07.01	01:54:18.266	1.37326	1.37330			6
2025.07.01	01:54:18.878	1.37328	1.37332			6
2025.07.01	01:54:19.186	1.37326	1.37328			6
2025.07.01	01:54:20.734		1.37330			4
2025.07.01	01:54:21.041	1.37327	1.37331			6
2025.07.01	01:54:24.465	1.37326	1.37330			6
2025.07.01	01:54:24.774	1.37327	1.37331			6
2025.07.01	01:54:25.085		1.37328			4
2025.07.01	01:54:25.717		1.37331			4
2025.07.01	01:54:27.267	1.37328				2
2025.07.01	01:54:27.578	1.37327	1.37328			6
2025.07.01	01:54:29.107	1.37329	1.37332			6
2025.07.01	01:54:30.347	1.37328				2
2025.07.01	01:54:37.190	1.37329				2
2025.07.01	01:54:44.538	1.37327	1.37328			6
2025.07.01	01:55:00.150	1.37327				2
2025.07.01	01:55:03.809		1.37330			4
2025.07.01	01:55:10.844	1.37326	1.37329			6
2025.07.01	01:55:11.150	1.37327	1.37330			6
2025.07.01	01:55:12.983	1.37328	1.37331			6
2025.07.01	01:55:21.579	1.37327	1.37330			6
2025.07.01	01:55:23.114		1.37329			4
2025.07.01	01:55:30.866		1.37330			4
2025.07.01	01:55:32.104		1.37329			4
2025.07.01	01:55:48.103		1.37330			4
2025.07.01	01:55:48.419	1.37328	1.37331			6
2025.07.01	01:55:48.725		1.37330			4
2025.07.01	01:55:49.037	1.37327				2
2025.07.01	01:55:50.282		1.37329			4
2025.07.01	01:55:50.588		1.37330			4
2025.07.01	01:55:53.347		1.37328			4
2025.07.01	01:55:53.653		1.37330			4
2025.07.01	01:55:53.960		1.37329			4
2025.07.01	01:55:54.261		1.37330			4
2025.07.01	01:55:55.208	1.37328	1.37331			6
2025.07.01	01:55:55.816	1.37327	1.37330			6
2025.07.01	01:55:57.359		1.37328			4
2025.07.01	01:56:00.126	1.37327				2
2025.07.01	01:56:00.434		1.37330			4
2025.07.01	01:56:01.977		1.37328			4
2025.07.01	01:56:02.585		1.37330			4
2025.07.01	01:56:03.495	1.37328	1.37331			6
2025.07.01	01:56:04.720		1.37329			4
2025.07.01	01:56:05.338	1.37327	1.37330			6
2025.07.01	01:56:06.564		1.37328			4
2025.07.01	01:56:19.780	1.37325	1.37327			6
2025.07.01	01:57:00.161	1.37325				2
2025.07.01	01:57:14.310	1.37326	1.37328			6
2025.07.01	01:57:14.619	1.37325				2
2025.07.01	01:57:14.921	1.37326				2
2025.07.01	01:57:15.845	1.37325	1.37327			6
2025.07.01	01:57:32.148		1.37328			4
2025.07.01	01:57:49.423	1.37324	1.37327			6
2025.07.01	01:57:50.339	1.37315	1.37317			6
2025.07.01	01:57:51.267	1.37312				2
2025.07.01	01:57:51.575	1.37313				2
2025.07.01	01:58:00.233	1.37313				2
2025.07.01	01:58:00.537		1.37315			4
2025.07.01	01:58:00.853	1.37303	1.37311			6
2025.07.01	01:58:01.154		1.37309			4
2025.07.01	01:58:05.493	1.37304	1.37311			6
2025.07.01	01:58:06.728	1.37306	1.37313			6
2025.07.01	01:58:46.139	1.37307				2
2025.07.01	01:58:48.906	1.37306				2
2025.07.01	01:58:53.227	1.37307				2
2025.07.01	01:58:54.769	1.37308				2
2025.07.01	01:59:00.006	1.37308				2
2025.07.01	01:59:01.224	1.37309				2
2025.07.01	01:59:03.365	1.37308				2
2025.07.01	01:59:07.029		1.37313			4
2025.07.01	01:59:07.340		1.37312			4
2025.07.01	01:59:14.373	1.37309				2
2025.07.01	01:59:40.010	1.37313	1.37316			6
2025.07.01	01:59:40.317	1.37316	1.37318			6
2025.07.01	01:59:41.238	1.37313				2
2025.07.01	01:59:51.110	1.37314				2
2025.07.01	01:59:55.122		1.37320			4
2025.07.01	01:59:55.427	1.37317	1.37323			6
2025.07.01	01:59:56.351	1.37316				2
2025.07.01	02:00:00.050	1.37316				2
2025.07.01	02:00:03.140	1.37317				2
2025.07.01	02:00:05.298	1.37314	1.37320			6
2025.07.01	02:00:06.222	1.37307	1.37312			6
2025.07.01	02:00:06.533	1.37308	1.37315			6
2025.07.01	02:00:07.161	1.37306	1.37316			6
2025.07.01	02:00:07.473	1.37315	1.37323			6
2025.07.01	02:00:12.752	1.37316				2
2025.07.01	02:00:19.570	1.37315	1.37318			6
2025.07.01	02:00:21.099	1.37316				2
2025.07.01	02:00:33.733		1.37323			4
2025.07.01	02:00:39.908	1.37317				2
2025.07.01	02:00:53.449	1.37316	1.37319			6
2025.07.01	02:00:54.072	1.37317				2
2025.07.01	02:00:56.224		1.37318			4
2025.07.01	02:00:56.537		1.37322			4
2025.07.01	02:00:56.840		1.37323			4
2025.07.01	02:00:59.024		1.37318			4
2025.07.01	02:00:59.656		1.37323			4
2025.07.01	02:00:59.963	1.37318				2
2025.07.01	02:01:00.266	1.37318				2
2025.07.01	02:01:13.457	1.37319				2
2025.07.01	02:01:15.898	1.37321				2
2025.07.01	02:01:21.065	1.37322				2
2025.07.01	02:01:26.882	1.37321				2
2025.07.01	02:01:28.109	1.37322				2
2025.07.01	02:01:30.544		1.37325			4
2025.07.01	02:01:31.461		1.37324			4
2025.07.01	02:01:32.070	1.37319	1.37322			6
2025.07.01	02:01:33.289	1.37318	1.37323			6
2025.07.01	02:01:34.199		1.37322			4
2025.07.01	02:01:41.230	1.37319				2
2025.07.01	02:02:00.014	1.37319				2
2025.07.01	02:02:09.792	1.37318	1.37321			6
2025.07.01	02:02:12.227	1.37322	1.37325			6
2025.07.01	02:02:12.840	1.37318	1.37321			6
2025.07.01	02:02:13.142	1.37321	1.37324			6
2025.07.01	02:02:14.371	1.37322	1.37325			6
2025.07.01	02:02:34.574	1.37319	1.37322			6
2025.07.01	02:02:34.875	1.37318	1.37321			6
2025.07.01	02:02:35.177	1.37319	1.37320			6
2025.07.01	02:02:35.480	1.37318	1.37319			6
2025.07.01	02:02:35.783	1.37317	1.37318			6
2025.07.01	02:02:36.387		1.37319			4
2025.07.01	02:02:41.278	1.37318				2
2025.07.01	02:02:45.889	1.37317	1.37318			6
2025.07.01	02:02:49.563	1.37319	1.37322			6
2025.07.01	02:02:52.631	1.37320	1.37323			6
2025.07.01	02:02:54.162	1.37319	1.37322			6
2025.07.01	02:03:00.258	1.37319				2
2025.07.01	02:03:01.183	1.37324	1.37327			6
2025.07.01	02:03:02.097	1.37323				2
2025.07.01	02:03:06.123	1.37324				2
2025.07.01	02:03:08.272		1.37326			4
2025.07.01	02:03:08.877		1.37327			4
2025.07.01	02:03:10.702	1.37323	1.37326			6
2025.07.01	02:03:11.003	1.37321	1.37324			6
2025.07.01	02:03:11.616	1.37320	1.37323			6
2025.07.01	02:03:12.222	1.37319				2
2025.07.01	02:03:12.538	1.37323	1.37326			6
2025.07.01	02:03:13.148	1.37321	1.37324			6
2025.07.01	02:03:13.449	1.37319	1.37323			6
2025.07.01	02:03:14.379	1.37318				2
2025.07.01	02:03:21.778	1.37317				2
2025.07.01	02:03:26.994		1.37322			4
2025.07.01	02:03:28.529	1.37318	1.37323			6
2025.07.01	02:03:32.211		1.37322			4
2025.07.01	02:03:32.822	1.37317	1.37321			6
2025.07.01	02:03:33.128	1.37318	1.37322			6
2025.07.01	02:03:36.209	1.37317	1.37321			6
2025.07.01	02:03:38.048	1.37318	1.37322			6
2025.07.01	02:03:41.143	1.37319				2
2025.07.01	02:03:56.110	1.37320	1.37323			6
2025.07.01	02:03:57.947	1.37319	1.37322			6
2025.07.01	02:03:58.250	1.37324	1.37327			6
2025.07.01	02:03:58.551	1.37323	1.37325			6
2025.07.01	02:03:58.861	1.37320	1.37323			6
2025.07.01	02:03:59.167	1.37319				2
2025.07.01	02:04:00.104	1.37318				2
2025.07.01	02:04:09.702	1.37317	1.37322			6
2025.07.01	02:04:13.388	1.37318				2
2025.07.01	02:04:24.158	1.37319				2
2025.07.01	02:04:29.817	1.37317	1.37320			6
2025.07.01	02:04:31.331		1.37319			4
2025.07.01	02:04:33.786		1.37320			4
2025.07.01	02:05:00.132	1.37317				2
2025.07.01	02:05:00.442	1.37320	1.37322			6
2025.07.01	02:05:00.744	1.37319	1.37321			6
2025.07.01	02:05:02.879	1.37318				2
2025.07.01	02:05:03.182	1.37317	1.37320			6
2025.07.01	02:05:10.532		1.37319			4
2025.07.01	02:05:12.369		1.37320			4
2025.07.01	02:05:12.678	1.37318	1.37321			6
2025.07.01	02:05:15.135	1.37317	1.37320			6
2025.07.01	02:05:17.281	1.37322	1.37324			6
2025.07.01	02:05:17.593	1.37321				2
2025.07.01	02:05:20.674	1.37320	1.37323			6
2025.07.01	02:05:22.830	1.37321	1.37324			6
2025.07.01	02:05:26.836	1.37320	1.37323			6
2025.07.01	02:05:28.991	1.37321	1.37324			6
2025.07.01	02:05:29.298		1.37323			4
2025.07.01	02:05:29.605	1.37320				2
2025.07.01	02:05:29.907	1.37321	1.37324			6
2025.07.01	02:05:33.608	1.37320	1.37323			6
2025.07.01	02:05:36.071	1.37321	1.37324			6
2025.07.01	02:05:38.227	1.37320	1.37323			6
2025.07.01	02:05:42.224	1.37321	1.37324			6
2025.07.01	02:05:42.536	1.37320	1.37323			6
2025.07.01	02:05:44.082	1.37321	1.37324			6
2025.07.01	02:05:46.531	1.37320	1.37323			6
2025.07.01	02:05:47.155	1.37321	1.37324			6
2025.07.01	02:05:50.229	1.37320	1.37323			6
2025.07.01	02:05:52.688	1.37321	1.37324			6
2025.07.01	02:06:00.088	1.37321				2
2025.07.01	02:06:00.707	1.37320	1.37323			6
2025.07.01	02:06:05.046	1.37321	1.37324			6
2025.07.01	02:06:05.971	1.37324	1.37327			6
2025.07.01	02:06:06.583	1.37325				2
2025.07.01	02:06:08.443		1.37326			4
2025.07.01	02:06:08.744	1.37324				2
2025.07.01	02:06:11.550	1.37325	1.37327			6
2025.07.01	02:06:11.859	1.37324				2
2025.07.01	02:06:13.422	1.37327	1.37330			6
2025.07.01	02:06:13.726	1.37328	1.37331			6
2025.07.01	02:06:15.290	1.37330	1.37333			6
2025.07.01	02:06:15.600	1.37331	1.37334			6
2025.07.01	02:06:16.204	1.37330				2
2025.07.01	02:06:16.515	1.37329	1.37333			6
2025.07.01	02:06:17.442	1.37330	1.37334			6
2025.07.01	02:06:19.304	1.37331				2
2025.07.01	02:06:25.168	1.37330	1.37333			6
2025.07.01	02:06:25.482	1.37331	1.37334			6
2025.07.01	02:06:27.016		1.37333			4
2025.07.01	02:06:28.246		1.37334			4
2025.07.01	02:06:29.476	1.37330	1.37333			6
2025.07.01	02:06:32.877	1.37327	1.37329			6
2025.07.01	02:06:33.195		1.37330			4
2025.07.01	02:06:33.816		1.37329			4
2025.07.01	02:06:45.511	1.37333	1.37336			6
2025.07.01	02:06:45.820	1.37335	1.37337			6
2025.07.01	02:06:46.137	1.37332				2
2025.07.01	02:06:47.068		1.37336			4
2025.07.01	02:06:47.371	1.37333				2
2025.07.01	02:06:55.414		1.37337			4
2025.07.01	02:06:58.207		1.37336			4
2025.07.01	02:06:58.822		1.37337			4
2025.07.01	02:07:00.053	1.37333				2
2025.07.01	02:07:01.914		1.37339			4
2025.07.01	02:07:02.220	1.37332				2
2025.07.01	02:07:02.528	1.37333				2
2025.07.01	02:07:06.257		1.37338			4
2025.07.01	02:07:30.389	1.37334				2
2025.07.01	02:07:33.459	1.37331	1.37336			6
2025.07.01	02:07:34.375	1.37332	1.37335			6
2025.07.01	02:07:35.291	1.37329				2
2025.07.01	02:07:37.450		1.37334			4
2025.07.01	02:07:38.372	1.37330				2
2025.07.01	02:07:39.295	1.37329				2
2025.07.01	02:07:40.224	1.37330				2
2025.07.01	02:07:41.446	1.37331				2
2025.07.01	02:07:41.747	1.37330				2
2025.07.01	02:07:43.881	1.37331				2
2025.07.01	02:07:48.589	1.37330	1.37331			6
2025.07.01	02:07:48.894	1.37326	1.37329			6
2025.07.01	02:07:49.197	1.37327	1.37328			6
2025.07.01	02:07:49.808	1.37328	1.37332			6
2025.07.01	02:07:50.117	1.37327	1.37334			6
2025.07.01	02:07:50.425		1.37333			4
2025.07.01	02:07:51.037	1.37326				2
2025.07.01	02:07:53.807		1.37331			4
2025.07.01	02:07:54.730		1.37330			4
2025.07.01	02:07:55.037	1.37325	1.37329			6
2025.07.01	02:07:55.958		1.37328			4
2025.07.01	02:08:00.261	1.37325				2
2025.07.01	02:08:03.327		1.37329			4
2025.07.01	02:08:05.175	1.37326				2
2025.07.01	02:08:08.253		1.37331			4
2025.07.01	02:08:09.196	1.37327				2
2025.07.01	02:08:11.356		1.37332			4
2025.07.01	02:08:12.283	1.37328				2
2025.07.01	02:08:12.896	1.37327				2
2025.07.01	02:08:17.233	1.37328				2
2025.07.01	02:08:26.371	1.37329				2
2025.07.01	02:08:31.561		1.37330			4
2025.07.01	02:08:31.863	1.37327	1.37329			6
2025.07.01	02:09:00.259	1.37327				2
2025.07.01	02:09:03.306	1.37326	1.37328			6
2025.07.01	02:09:06.966		1.37327			4
2025.07.01	02:09:07.581	1.37325				2
2025.07.01	02:09:14.304		1.37328			4
2025.07.01	02:09:14.615	1.37326				2
2025.07.01	02:09:15.836		1.37327			4
2025.07.01	02:09:18.893	1.37325				2
2025.07.01	02:09:20.718		1.37326			4
2025.07.01	02:09:26.504		1.37327			4
2025.07.01	02:09:26.809	1.37326				2
2025.07.01	02:09:27.117	1.37325				2
2025.07.01	02:09:27.428	1.37326				2
2025.07.01	02:09:27.729	1.37325				2
2025.07.01	02:09:28.657		1.37326			4
2025.07.01	02:09:37.570	1.37326	1.37328			6
2025.07.01	02:09:37.871	1.37328	1.37329			6
2025.07.01	02:09:42.778	1.37327	1.37328			6
2025.07.01	02:09:56.540	1.37326				2
2025.07.01	02:10:00.228	1.37326				2
2025.07.01	02:10:00.531	1.37327				2
2025.07.01	02:10:01.145	1.37326	1.37329			6
2025.07.01	02:10:01.447	1.37327				2
2025.07.01	02:10:07.244	1.37326				2
2025.07.01	02:10:08.786		1.37328			4
2025.07.01	02:10:09.093	1.37327				2
2025.07.01	02:10:10.008	1.37326				2
2025.07.01	02:10:14.325	1.37327				2
2025.07.01	02:10:21.397	1.37326				2
2025.07.01	02:10:32.258	1.37327				2
2025.07.01	02:10:37.204	1.37326	1.37329			6
2025.07.01	02:10:37.818	1.37327	1.37328			6
2025.07.01	02:10:38.122		1.37329			4
2025.07.01	02:10:40.609		1.37328			4
2025.07.01	02:10:42.173	1.37328	1.37329			6
2025.07.01	02:10:46.186	1.37327				2
2025.07.01	02:11:00.171	1.37327				2
2025.07.01	02:11:01.408	1.37326				2
2025.07.01	02:11:11.336	1.37327				2
2025.07.01	02:11:12.271		1.37328			4
2025.07.01	02:11:12.575		1.37329			4
2025.07.01	02:11:12.881		1.37330			4
2025.07.01	02:11:20.009		1.37329			4
2025.07.01	02:11:20.314	1.37326				2
2025.07.01	02:11:21.252	1.37327				2
2025.07.01	02:11:22.485	1.37326				2
2025.07.01	02:11:22.793	1.37325	1.37328			6
2025.07.01	02:11:23.101		1.37327			4
2025.07.01	02:11:25.261		1.37326			4
2025.07.01	02:11:34.204	1.37326	1.37327			6
2025.07.01	02:11:36.059	1.37325	1.37326			6
2025.07.01	02:12:00.175	1.37325				2
2025.07.01	02:12:02.017	1.37326	1.37327			6
2025.07.01	02:12:07.268	1.37325				2
2025.07.01	02:12:07.577		1.37326			4
2025.07.01	02:12:07.885	1.37324				2
2025.07.01	02:12:27.320	1.37323				2
2025.07.01	02:12:38.127		1.37325			4
2025.07.01	02:12:38.433	1.37322				2
2025.07.01	02:12:38.741		1.37323			4
2025.07.01	02:12:39.671	1.37321				2
2025.07.01	02:12:43.364	1.37322				2
2025.07.01	02:12:55.395	1.37321				2
2025.07.01	02:13:00.044	1.37321				2
2025.07.01	02:13:09.653	1.37320				2
2025.07.01	02:13:10.587	1.37321				2
2025.07.01	02:13:10.889	1.37320				2
2025.07.01	02:13:17.069	1.37321				2
2025.07.01	02:13:25.718	1.37322				2
2025.07.01	02:13:26.028	1.37321				2
2025.07.01	02:13:27.273	1.37322				2
2025.07.01	02:13:33.751	1.37321				2
2025.07.01	02:13:34.372	1.37317	1.37320			6
2025.07.01	02:13:34.995		1.37319			4
2025.07.01	02:13:39.011	1.37318	1.37320			6
2025.07.01	02:13:39.316	1.37317				2
2025.07.01	02:13:40.238		1.37319			4
2025.07.01	02:13:45.172		1.37318			4
2025.07.01	02:13:55.611	1.37316	1.37317			6
2025.07.01	02:13:58.066	1.37317	1.37318			6
2025.07.01	02:14:00.206	1.37317				2
2025.07.01	02:14:13.135	1.37321	1.37323			6
2025.07.01	02:14:13.440		1.37322			4
2025.07.01	02:14:14.681	1.37320	1.37321			6
2025.07.01	02:14:23.609	1.37319				2
2025.07.01	02:14:26.691	1.37320				2
2025.07.01	02:14:29.147	1.37319				2
2025.07.01	02:14:30.071		1.37322			4
2025.07.01	02:14:30.687	1.37320	1.37323			6
2025.07.01	02:14:30.995		1.37322			4
2025.07.01	02:14:32.225		1.37323			4
2025.07.01	02:14:47.889		1.37322			4
2025.07.01	02:14:48.195	1.37319				2
2025.07.01	02:14:48.804	1.37318	1.37321			6
2025.07.01	02:14:49.720	1.37320				2
2025.07.01	02:14:50.325	1.37319	1.37320			6
2025.07.01	02:14:51.559	1.37318				2
2025.07.01	02:14:52.473	1.37319				2
2025.07.01	02:14:54.929	1.37318				2
2025.07.01	02:14:56.150	1.37325	1.37326			6
2025.07.01	02:14:57.370	1.37324	1.37327			6
2025.07.01	02:14:57.674	1.37323				2
2025.07.01	02:15:00.147	1.37323				2
2025.07.01	02:15:00.761		1.37326			4
2025.07.01	02:15:01.380	1.37324	1.37329			6
2025.07.01	02:15:01.684	1.37328	1.37334			6
2025.07.01	02:15:02.302	1.37326	1.37333			6
2025.07.01	02:15:02.610	1.37325	1.37332			6
2025.07.01	02:15:03.224	1.37326				2
2025.07.01	02:15:05.393		1.37331			4
2025.07.01	02:15:05.706		1.37332			4
2025.07.01	02:15:06.630		1.37331			4
2025.07.01	02:15:06.938		1.37332			4
2025.07.01	02:15:13.102		1.37331			4
2025.07.01	02:15:13.406	1.37325				2
2025.07.01	02:15:13.717		1.37330			4
2025.07.01	02:15:14.635		1.37329			4
2025.07.01	02:15:15.245	1.37324				2
2025.07.01	02:15:29.361	1.37325				2
2025.07.01	02:15:29.972	1.37324				2
2025.07.01	02:15:38.559	1.37326				2
2025.07.01	02:15:41.335	1.37320	1.37325			6
2025.07.01	02:15:41.951	1.37319	1.37324			6
2025.07.01	02:15:42.257		1.37323			4
2025.07.01	02:15:44.097		1.37322			4
2025.07.01	02:15:48.110		1.37323			4
2025.07.01	02:15:49.345		1.37322			4
2025.07.01	02:15:51.204		1.37323			4
2025.07.01	02:15:53.364		1.37322			4
2025.07.01	02:16:00.178	1.37319				2
2025.07.01	02:16:05.127	1.37318				2
2025.07.01	02:16:07.286		1.37323			4
2025.07.01	02:16:07.591		1.37322			4
2025.07.01	02:16:08.526		1.37323			4
2025.07.01	02:16:08.837		1.37322			4
2025.07.01	02:16:12.235	1.37319				2
2025.07.01	02:16:14.690		1.37321			4
2025.07.01	02:16:14.998		1.37322			4
2025.07.01	02:16:15.299	1.37318				2
2025.07.01	02:16:16.531	1.37319				2
2025.07.01	02:16:21.104	1.37318				2
2025.07.01	02:16:24.148	1.37319				2
2025.07.01	02:16:28.111	1.37320				2
2025.07.01	02:16:31.786	1.37316	1.37319			6
2025.07.01	02:16:32.090	1.37315				2
2025.07.01	02:16:38.830	1.37317	1.37321			6
2025.07.01	02:16:39.132	1.37314	1.37319			6
2025.07.01	02:16:39.754	1.37316				2
2025.07.01	02:16:40.057		1.37320			4
2025.07.01	02:16:46.175	1.37318	1.37322			6
2025.07.01	02:16:48.325	1.37319	1.37323			6
2025.07.01	02:16:51.968	1.37318	1.37322			6
2025.07.01	02:16:55.342	1.37319				2
2025.07.01	02:17:00.230	1.37319				2
2025.07.01	02:17:10.289	1.37320	1.37323			6
2025.07.01	02:17:10.601	1.37325	1.37326			6
2025.07.01	02:17:10.907	1.37324				2
2025.07.01	02:17:11.215	1.37323				2
2025.07.01	02:17:11.821		1.37325			4
2025.07.01	02:17:13.358		1.37326			4
2025.07.01	02:17:14.594		1.37327			4
2025.07.01	02:17:18.926	1.37324	1.37329			6
2025.07.01	02:17:20.771		1.37328			4
2025.07.01	02:17:30.261	1.37323	1.37327			6
2025.07.01	02:17:33.337	1.37324				2
2025.07.01	02:17:43.734	1.37327	1.37330			6
2025.07.01	02:17:44.345	1.37326				2
2025.07.01	02:17:45.583	1.37327	1.37331			6
2025.07.01	02:17:45.885	1.37326	1.37330			6
2025.07.01	02:17:52.374	1.37327				2
2025.07.01	02:17:56.670	1.37330	1.37333			6
2025.07.01	02:17:57.279	1.37329				2
2025.07.01	02:17:58.207		1.37331			4
2025.07.01	02:17:58.511	1.37327				2
2025.07.01	02:18:00.050	1.37327				2
2025.07.01	02:18:04.047	1.37329	1.37332			6
2025.07.01	02:18:04.661		1.37333			4
2025.07.01	02:18:04.966		1.37332			4
2025.07.01	02:18:05.272	1.37328				2
2025.07.01	02:18:07.421		1.37333			4
2025.07.01	02:18:07.730	1.37329	1.37334			6
2025.07.01	02:18:08.339		1.37330			4
2025.07.01	02:18:15.102	1.37330	1.37331			6
