<DATE>	<TIME>	<BID>	<ASK>	<LAST>	<VOLUME>	<FLAGS>
2025.09.25	00:03:30.748	1.34454	1.34532			6
2025.09.25	00:04:00.081	1.34454				2
2025.09.25	00:04:30.971		1.34532			4
2025.09.25	00:05:00.226	1.34454				2
2025.09.25	00:05:00.534	1.34452	1.34531			6
2025.09.25	00:05:16.193	1.34468	1.34556			6
2025.09.25	00:05:16.507	1.34462				2
2025.09.25	00:05:16.813	1.34466				2
2025.09.25	00:05:17.421	1.34462	1.34552			6
2025.09.25	00:05:35.242	1.34479	1.34560			6
2025.09.25	00:05:52.490	1.34478				2
2025.09.25	00:06:00.202	1.34478				2
2025.09.25	00:06:02.049	1.34470	1.34556			6
2025.09.25	00:06:07.603	1.34473	1.34563			6
2025.09.25	00:06:08.222	1.34470	1.34557			6
2025.09.25	00:06:15.322		1.34556			4
2025.09.25	00:06:42.213		1.34557			4
2025.09.25	00:06:46.848	1.34479	1.34562			6
2025.09.25	00:06:47.165	1.34473	1.34563			6
2025.09.25	00:06:47.468	1.34472	1.34562			6
2025.09.25	00:06:50.877		1.34561			4
2025.09.25	00:06:55.827	1.34464	1.34554			6
2025.09.25	00:07:00.143	1.34464				2
2025.09.25	00:07:11.255	1.34465	1.34555			6
2025.09.25	00:07:13.106	1.34460	1.34550			6
2025.09.25	00:07:45.090	1.34459	1.34549			6
2025.09.25	00:07:54.376	1.34454	1.34544			6
2025.09.25	00:07:58.392	1.34456	1.34546			6
2025.09.25	00:08:00.238	1.34456				2
2025.09.25	00:08:05.495	1.34457	1.34547			6
2025.09.25	00:08:24.657	1.34458	1.34548			6
2025.09.25	00:08:25.583	1.34457	1.34547			6
2025.09.25	00:08:46.941	1.34458	1.34548			6
2025.09.25	00:08:47.248	1.34457	1.34547			6
2025.09.25	00:08:49.112	1.34456	1.34546			6
2025.09.25	00:08:56.539	1.34454	1.34544			6
2025.09.25	00:09:00.241	1.34454				2
2025.09.25	00:09:02.097	1.34456	1.34546			6
2025.09.25	00:09:10.444	1.34453	1.34543			6
2025.09.25	00:09:34.589	1.34455	1.34545			6
2025.09.25	00:09:34.897	1.34452	1.34543			6
2025.09.25	00:10:00.220	1.34452				2
2025.09.25	00:10:04.244	1.34454				2
2025.09.25	00:10:07.022	1.34453				2
2025.09.25	00:10:11.349	1.34452				2
2025.09.25	00:10:13.201	1.34453				2
2025.09.25	00:10:35.125		1.34543			4
2025.09.25	00:11:00.120	1.34453				2
2025.09.25	00:11:27.607	1.34454				2
2025.09.25	00:11:28.845	1.34453				2
2025.09.25	00:11:35.329		1.34543			4
2025.09.25	00:11:57.241		1.34515			4
2025.09.25	00:11:57.551	1.34444				2
2025.09.25	00:11:58.475	1.34438				2
2025.09.25	00:12:02.153	1.34438	1.34513			6
2025.09.25	00:12:07.495	1.34389	1.34482			6
2025.09.25	00:12:07.805	1.34425	1.34485			6
2025.09.25	00:12:08.736		1.34501			4
2025.09.25	00:12:09.653		1.34503			4
2025.09.25	00:12:48.889	1.34426	1.34510			6
2025.09.25	00:12:49.807	1.34425	1.34501			6
2025.09.25	00:13:00.013	1.34425				2
2025.09.25	00:13:07.732	1.34426				2
2025.09.25	00:13:20.421	1.34428				2
2025.09.25	00:13:21.348		1.34503			4
2025.09.25	00:13:34.953		1.34498			4
2025.09.25	00:14:00.302	1.34428				2
2025.09.25	00:14:07.431	1.34434				2
2025.09.25	00:14:18.256	1.34428				2
2025.09.25	00:14:24.733	1.34438	1.34514			6
2025.09.25	00:14:29.390	1.34439	1.34529			6
2025.09.25	00:14:30.003	1.34442				2
2025.09.25	00:15:00.305	1.34442				2
2025.09.25	00:15:05.881		1.34528			4
2025.09.25	00:15:07.116		1.34529			4
2025.09.25	00:15:12.073		1.34528			4
2025.09.25	00:15:14.849		1.34530			4
2025.09.25	00:15:16.707		1.34531			4
2025.09.25	00:15:17.635	1.34444	1.34534			6
2025.09.25	00:15:36.163	1.34441	1.34531			6
2025.09.25	00:15:36.465	1.34442				2
2025.09.25	00:15:41.426	1.34441	1.34530			6
2025.09.25	00:15:51.624		1.34531			4
2025.09.25	00:15:52.858	1.34442				2
2025.09.25	00:15:57.797	1.34450	1.34536			6
2025.09.25	00:16:00.268	1.34450				2
2025.09.25	00:16:07.064		1.34533			4
2025.09.25	00:16:07.994	1.34449	1.34532			6
2025.09.25	00:16:12.030		1.34533			4
2025.09.25	00:16:21.613	1.34459	1.34540			6
2025.09.25	00:16:21.928		1.34539			4
2025.09.25	00:16:22.856		1.34538			4
2025.09.25	00:16:29.039		1.34536			4
2025.09.25	00:16:31.823		1.34535			4
2025.09.25	00:16:41.094	1.34450	1.34536			6
2025.09.25	00:16:41.713	1.34451	1.34541			6
2025.09.25	00:16:45.738	1.34450	1.34539			6
2025.09.25	00:16:47.597	1.34454	1.34544			6
2025.09.25	00:16:55.639	1.34456	1.34546			6
2025.09.25	00:17:00.279	1.34456				2
2025.09.25	00:17:03.681	1.34459				2
2025.09.25	00:17:03.991	1.34456				2
2025.09.25	00:17:11.418	1.34455	1.34545			6
2025.09.25	00:17:23.487	1.34456	1.34546			6
2025.09.25	00:17:29.676	1.34455	1.34545			6
2025.09.25	00:17:30.609	1.34456	1.34546			6
2025.09.25	00:17:34.336	1.34455	1.34542			6
2025.09.25	00:17:37.723	1.34454	1.34540			6
2025.09.25	00:17:39.891		1.34541			4
2025.09.25	00:17:41.123	1.34447	1.34537			6
2025.09.25	00:17:44.212	1.34448	1.34538			6
2025.09.25	00:17:52.547	1.34447	1.34537			6
2025.09.25	00:18:00.277	1.34447				2
2025.09.25	00:18:40.770	1.34448	1.34538			6
2025.09.25	00:18:55.011	1.34447	1.34537			6
2025.09.25	00:18:55.320	1.34448	1.34538			6
2025.09.25	00:18:57.177	1.34447	1.34537			6
2025.09.25	00:19:00.278	1.34447				2
2025.09.25	00:19:14.511	1.34444	1.34534			6
2025.09.25	00:19:30.281	1.34443	1.34533			6
2025.09.25	00:19:32.763	1.34444	1.34534			6
2025.09.25	00:20:00.001	1.34444				2
2025.09.25	00:20:00.311	1.34441	1.34531			6
2025.09.25	00:20:12.397	1.34440				2
2025.09.25	00:20:18.286	1.34441				2
2025.09.25	00:20:19.834	1.34439	1.34530			6
2025.09.25	00:20:21.994		1.34529			4
2025.09.25	00:20:22.302		1.34530			4
2025.09.25	00:20:27.245	1.34440				2
2025.09.25	00:21:00.295	1.34440				2
2025.09.25	00:21:14.523	1.34441	1.34531			6
2025.09.25	00:21:18.855	1.34443	1.34530			6
2025.09.25	00:21:19.164	1.34440				2
2025.09.25	00:21:41.710	1.34446	1.34540			6
2025.09.25	00:21:47.267	1.34445				2
2025.09.25	00:21:47.577	1.34444	1.34543			6
2025.09.25	00:21:48.817	1.34447				2
2025.09.25	00:21:49.120		1.34542			4
2025.09.25	00:21:50.054	1.34444	1.34543			6
2025.09.25	00:21:50.363	1.34446	1.34538			6
2025.09.25	00:21:51.596	1.34445				2
2025.09.25	00:22:00.264	1.34445				2
2025.09.25	00:22:10.762	1.34444				2
2025.09.25	00:22:11.997		1.34539			4
2025.09.25	00:22:17.564		1.34538			4
2025.09.25	00:22:19.100	1.34442				2
2025.09.25	00:22:20.648	1.34441				2
2025.09.25	00:22:21.268		1.34537			4
2025.09.25	00:22:22.501	1.34442	1.34542			6
2025.09.25	00:22:27.435	1.34441	1.34541			6
2025.09.25	00:22:32.369	1.34442	1.34542			6
2025.09.25	00:22:32.678	1.34441	1.34541			6
2025.09.25	00:22:33.299	1.34442	1.34542			6
2025.09.25	00:22:33.917	1.34441	1.34541			6
2025.09.25	00:22:34.540	1.34442	1.34542			6
2025.09.25	00:22:35.153		1.34541			4
2025.09.25	00:22:35.458	1.34441				2
2025.09.25	00:22:35.772	1.34442				2
2025.09.25	00:22:36.080		1.34542			4
2025.09.25	00:22:36.391	1.34441	1.34541			6
2025.09.25	00:22:37.008	1.34442				2
2025.09.25	00:22:37.313		1.34542			4
2025.09.25	00:22:37.939		1.34541			4
2025.09.25	00:22:38.553		1.34542			4
2025.09.25	00:22:39.172	1.34441	1.34541			6
2025.09.25	00:22:39.478	1.34436	1.34535			6
2025.09.25	00:22:40.103	1.34437	1.34536			6
2025.09.25	00:22:52.482	1.34436	1.34534			6
2025.09.25	00:22:54.332	1.34437	1.34537			6
2025.09.25	00:23:00.209	1.34437				2
2025.09.25	00:23:01.753	1.34438				2
2025.09.25	00:23:09.178	1.34437				2
2025.09.25	00:23:49.616		1.34538			4
2025.09.25	00:23:54.550	1.34436	1.34535			6
2025.09.25	00:24:00.112	1.34436				2
2025.09.25	00:24:25.721	1.34435				2
2025.09.25	00:24:28.182	1.34438	1.34538			6
2025.09.25	00:24:32.487	1.34437				2
2025.09.25	00:24:37.402	1.34436	1.34537			6
2025.09.25	00:24:38.322	1.34437				2
2025.09.25	00:24:39.554		1.34538			4
2025.09.25	00:24:56.541	1.34435	1.34536			6
2025.09.25	00:25:00.251	1.34435				2
2025.09.25	00:25:00.560	1.34436	1.34538			6
2025.09.25	00:25:03.949		1.34537			4
2025.09.25	00:25:09.184	1.34437	1.34538			6
2025.09.25	00:25:19.057	1.34436				2
2025.09.25	00:25:22.138		1.34539			4
2025.09.25	00:25:22.454	1.34437				2
2025.09.25	00:25:30.792	1.34436				2
2025.09.25	00:25:35.106		1.34538			4
2025.09.25	00:25:37.868	1.34435				2
2025.09.25	00:25:42.170	1.34436	1.34539			6
2025.09.25	00:25:44.640	1.34435				2
2025.09.25	00:25:48.668	1.34436				2
2025.09.25	00:25:52.065		1.34540			4
2025.09.25	00:25:55.153	1.34435				2
2025.09.25	00:25:58.542	1.34433	1.34537			6
2025.09.25	00:26:00.080	1.34433				2
2025.09.25	00:26:13.901		1.34536			4
2025.09.25	00:26:25.590		1.34537			4
2025.09.25	00:26:32.047	1.34434				2
2025.09.25	00:26:34.202		1.34538			4
2025.09.25	00:26:39.117		1.34537			4
2025.09.25	00:26:41.268	1.34433				2
2025.09.25	00:26:48.998	1.34434	1.34542			6
2025.09.25	00:26:49.307	1.34433				2
2025.09.25	00:27:00.149	1.34433				2
2025.09.25	00:27:03.255	1.34434	1.34543			6
2025.09.25	00:27:03.571	1.34435				2
2025.09.25	00:27:05.430		1.34544			4
2025.09.25	00:27:06.048	1.34441	1.34542			6
2025.09.25	00:27:06.355	1.34442				2
2025.09.25	00:27:06.667		1.34543			4
2025.09.25	00:27:06.983	1.34435				2
2025.09.25	00:27:07.604	1.34434				2
2025.09.25	00:27:17.800	1.34433				2
2025.09.25	00:27:31.700		1.34542			4
2025.09.25	00:27:35.719		1.34543			4
2025.09.25	00:28:00.096	1.34433				2
2025.09.25	00:28:05.976		1.34538			4
2025.09.25	00:28:06.595		1.34537			4
2025.09.25	00:28:18.026		1.34538			4
2025.09.25	00:28:33.165		1.34537			4
2025.09.25	00:28:33.473	1.34432				2
2025.09.25	00:28:37.486		1.34538			4
2025.09.25	00:28:37.790	1.34433				2
2025.09.25	00:28:47.361		1.34537			4
2025.09.25	00:28:47.673	1.34432				2
2025.09.25	00:28:55.099		1.34538			4
2025.09.25	00:29:00.037	1.34432				2
2025.09.25	00:29:01.273		1.34537			4
2025.09.25	00:29:06.217		1.34543			4
2025.09.25	00:29:19.196	1.34451				2
2025.09.25	00:29:21.344	1.34433	1.34544			6
2025.09.25	00:29:32.453	1.34432	1.34543			6
2025.09.25	00:29:38.328	1.34433	1.34544			6
2025.09.25	00:29:48.837	1.34432	1.34543			6
2025.09.25	00:29:50.070	1.34451				2
2025.09.25	00:29:50.989	1.34432				2
2025.09.25	00:29:53.143	1.34431				2
2025.09.25	00:30:00.234	1.34428	1.34532			6
2025.09.25	00:30:01.125		1.34530			4
2025.09.25	00:30:02.454		1.34531			4
2025.09.25	00:30:04.016		1.34530			4
2025.09.25	00:30:04.622		1.34531			4
2025.09.25	00:30:13.674	1.34429	1.34533			6
2025.09.25	00:30:14.124		1.34532			4
2025.09.25	00:30:18.293		1.34530			4
2025.09.25	00:30:18.603	1.34431				2
2025.09.25	00:30:18.917	1.34429				2
2025.09.25	00:30:37.902		1.34528			4
2025.09.25	00:30:47.816	1.34430				2
2025.09.25	00:30:57.405	1.34429				2
2025.09.25	00:31:00.576	1.34429				2
2025.09.25	00:31:19.161	1.34430				2
2025.09.25	00:31:21.638	1.34431				2
2025.09.25	00:31:29.373	1.34432				2
2025.09.25	00:31:30.301	1.34441				2
2025.09.25	00:31:30.604	1.34436				2
2025.09.25	00:31:31.224	1.34432				2
2025.09.25	00:31:34.003		1.34530			4
2025.09.25	00:31:34.316	1.34430	1.34531			6
2025.09.25	00:31:34.935	1.34433				2
2025.09.25	00:31:35.243	1.34437	1.34530			6
2025.09.25	00:31:35.855	1.34439				2
2025.09.25	00:31:36.471		1.34531			4
2025.09.25	00:31:37.089	1.34433				2
2025.09.25	00:31:37.397	1.34434				2
2025.09.25	00:31:43.571	1.34435				2
2025.09.25	00:31:46.664	1.34429				2
2025.09.25	00:31:51.653		1.34530			4
2025.09.25	00:32:00.418	1.34429				2
2025.09.25	00:32:02.524		1.34529			4
2025.09.25	00:32:06.649		1.34531			4
2025.09.25	00:32:07.613		1.34532			4
2025.09.25	00:32:09.874	1.34430				2
2025.09.25	00:32:12.037	1.34429				2
2025.09.25	00:32:17.605		1.34530			4
2025.09.25	00:32:23.216		1.34531			4
2025.09.25	00:32:36.210	1.34436	1.34535			6
2025.09.25	00:32:38.070	1.34435				2
2025.09.25	00:32:41.469		1.34536			4
2025.09.25	00:32:52.600	1.34434				2
2025.09.25	00:32:55.690	1.34435				2
2025.09.25	00:33:00.020	1.34435				2
2025.09.25	00:33:06.512		1.34537			4
2025.09.25	00:33:14.545	1.34434				2
2025.09.25	00:33:34.304		1.34538			4
2025.09.25	00:33:36.160	1.34431				2
2025.09.25	00:33:37.087		1.34537			4
2025.09.25	00:33:38.321	1.34430				2
2025.09.25	00:33:53.211		1.34536			4
2025.09.25	00:33:57.531		1.34537			4
2025.09.25	00:34:00.007	1.34430				2
2025.09.25	00:34:01.862	1.34429				2
2025.09.25	00:34:15.106		1.34536			4
2025.09.25	00:34:18.600		1.34537			4
2025.09.25	00:34:29.435		1.34538			4
2025.09.25	00:34:31.477		1.34537			4
2025.09.25	00:34:34.570		1.34538			4
2025.09.25	00:34:54.191		1.34539			4
2025.09.25	00:34:55.153		1.34538			4
2025.09.25	00:35:00.091	1.34429				2
2025.09.25	00:35:02.872		1.34539			4
2025.09.25	00:35:15.816	1.34432	1.34527			6
2025.09.25	00:35:36.969	1.34428	1.34536			6
2025.09.25	00:35:37.274		1.34535			4
2025.09.25	00:35:37.583		1.34534			4
2025.09.25	00:35:40.056		1.34532			4
2025.09.25	00:35:40.365	1.34432	1.34525			6
2025.09.25	00:35:40.907	1.34430	1.34529			6
2025.09.25	00:35:41.212	1.34433	1.34525			6
2025.09.25	00:35:41.524	1.34430	1.34526			6
2025.09.25	00:35:41.827	1.34435	1.34530			6
2025.09.25	00:35:42.451	1.34432	1.34520			6
2025.09.25	00:35:42.754	1.34427	1.34518			6
2025.09.25	00:35:43.064	1.34428				2
2025.09.25	00:35:43.380	1.34429				2
2025.09.25	00:35:43.680		1.34516			4
2025.09.25	00:35:44.610	1.34430	1.34515			6
2025.09.25	00:35:45.538	1.34427				2
2025.09.25	00:35:45.859	1.34430				2
2025.09.25	00:35:47.081	1.34433				2
2025.09.25	00:35:48.715	1.34432				2
2025.09.25	00:35:50.113	1.34434				2
2025.09.25	00:35:50.912	1.34432				2
2025.09.25	00:35:51.219	1.34436				2
2025.09.25	00:35:51.520	1.34432	1.34516			6
2025.09.25	00:35:51.824		1.34515			4
2025.09.25	00:35:52.737	1.34433	1.34527			6
2025.09.25	00:35:53.058	1.34432	1.34526			6
2025.09.25	00:35:53.361	1.34430	1.34521			6
2025.09.25	00:35:55.206	1.34428	1.34515			6
2025.09.25	00:35:55.516	1.34429				2
2025.09.25	00:35:55.819	1.34428				2
2025.09.25	00:35:56.133	1.34427				2
2025.09.25	00:35:57.988	1.34426				2
2025.09.25	00:35:59.537	1.34424				2
2025.09.25	00:35:59.843	1.34427				2
2025.09.25	00:36:00.146	1.34426				2
2025.09.25	00:36:01.058	1.34424				2
2025.09.25	00:36:01.371	1.34425				2
2025.09.25	00:36:02.917	1.34426				2
2025.09.25	00:36:03.537	1.34428				2
2025.09.25	00:36:03.842	1.34426				2
2025.09.25	00:36:05.078	1.34425				2
2025.09.25	00:36:05.388	1.34422	1.34514			6
2025.09.25	00:36:05.696	1.34421				2
2025.09.25	00:36:06.314	1.34422				2
2025.09.25	00:36:06.806		1.34515			4
2025.09.25	00:36:08.420		1.34514			4
2025.09.25	00:36:10.229	1.34423				2
2025.09.25	00:36:10.545		1.34513			4
2025.09.25	00:36:12.091	1.34424	1.34515			6
2025.09.25	00:36:12.399	1.34426				2
2025.09.25	00:36:12.702	1.34423				2
2025.09.25	00:36:13.020	1.34424				2
2025.09.25	00:36:14.145	1.34426				2
2025.09.25	00:36:14.450	1.34424				2
2025.09.25	00:36:15.061	1.34426				2
2025.09.25	00:36:18.473	1.34424				2
2025.09.25	00:36:19.457	1.34425				2
2025.09.25	00:36:19.762	1.34424				2
2025.09.25	00:36:20.233	1.34423	1.34514			6
2025.09.25	00:36:20.852	1.34424	1.34515			6
2025.09.25	00:36:21.431	1.34423				2
2025.09.25	00:36:21.734	1.34424				2
2025.09.25	00:36:25.156	1.34433				2
2025.09.25	00:36:25.458	1.34430				2
2025.09.25	00:36:26.085	1.34425				2
2025.09.25	00:36:27.145	1.34430				2
2025.09.25	00:36:30.843	1.34431				2
2025.09.25	00:36:35.171	1.34429				2
2025.09.25	00:36:35.479	1.34433				2
2025.09.25	00:36:39.488	1.34431				2
2025.09.25	00:36:40.102	1.34432				2
2025.09.25	00:36:40.411	1.34435				2
2025.09.25	00:36:41.651	1.34428				2
2025.09.25	00:36:41.962	1.34425				2
2025.09.25	00:36:44.151	1.34426				2
2025.09.25	00:36:44.671	1.34429				2
2025.09.25	00:36:44.980	1.34426				2
2025.09.25	00:36:45.304	1.34425				2
2025.09.25	00:36:45.876	1.34430				2
2025.09.25	00:36:46.188	1.34432				2
2025.09.25	00:36:50.195	1.34433				2
2025.09.25	00:36:51.122	1.34432				2
2025.09.25	00:36:52.670	1.34431				2
2025.09.25	00:36:52.981	1.34430				2
2025.09.25	00:36:53.289	1.34431				2
2025.09.25	00:36:54.822	1.34429				2
2025.09.25	00:36:55.450	1.34427				2
2025.09.25	00:36:55.922	1.34430				2
2025.09.25	00:36:56.237	1.34427				2
2025.09.25	00:36:56.768	1.34426				2
2025.09.25	00:36:57.271	1.34425				2
2025.09.25	00:36:59.443	1.34427				2
2025.09.25	00:36:59.755	1.34425				2
2025.09.25	00:37:00.079	1.34431				2
2025.09.25	00:37:00.391	1.34426				2
2025.09.25	00:37:00.706	1.34430				2
2025.09.25	00:37:01.017	1.34431				2
2025.09.25	00:37:01.333	1.34435				2
2025.09.25	00:37:01.639	1.34436				2
2025.09.25	00:37:02.198	1.34434				2
2025.09.25	00:37:03.153		1.34514			4
2025.09.25	00:37:03.772		1.34515			4
2025.09.25	00:37:05.949		1.34514			4
2025.09.25	00:37:06.876		1.34515			4
2025.09.25	00:37:08.119	1.34430				2
2025.09.25	00:37:12.806		1.34513			4
2025.09.25	00:37:13.117		1.34514			4
2025.09.25	00:37:13.428		1.34512			4
2025.09.25	00:37:13.740		1.34513			4
2025.09.25	00:37:14.043		1.34515			4
2025.09.25	00:37:17.639		1.34513			4
2025.09.25	00:37:17.948	1.34427	1.34515			6
2025.09.25	00:37:18.262	1.34430				2
2025.09.25	00:37:18.735		1.34514			4
2025.09.25	00:37:19.039		1.34515			4
2025.09.25	00:37:19.648	1.34428				2
2025.09.25	00:37:22.129	1.34427	1.34514			6
2025.09.25	00:37:22.760		1.34513			4
2025.09.25	00:37:23.069		1.34515			4
2025.09.25	00:37:27.394		1.34514			4
2025.09.25	00:37:28.321		1.34513			4
2025.09.25	00:37:30.785		1.34514			4
2025.09.25	00:37:32.945	1.34429	1.34515			6
2025.09.25	00:37:33.254	1.34430				2
2025.09.25	00:37:33.569	1.34429				2
2025.09.25	00:37:33.873	1.34430				2
2025.09.25	00:37:34.183	1.34432				2
2025.09.25	00:37:34.491	1.34433				2
2025.09.25	00:37:34.794	1.34430				2
2025.09.25	00:37:35.111	1.34431				2
2025.09.25	00:37:37.900	1.34433				2
2025.09.25	00:37:38.520	1.34432				2
2025.09.25	00:37:39.138	1.34435				2
2025.09.25	00:37:40.687	1.34434				2
2025.09.25	00:37:40.995	1.34436				2
2025.09.25	00:37:41.300	1.34435				2
2025.09.25	00:37:41.606	1.34436				2
2025.09.25	00:37:41.921	1.34435				2
2025.09.25	00:37:42.231	1.34437				2
2025.09.25	00:37:42.854	1.34436				2
2025.09.25	00:37:44.402	1.34437				2
2025.09.25	00:37:45.963	1.34433				2
2025.09.25	00:37:47.502	1.34432				2
2025.09.25	00:37:47.809	1.34433				2
2025.09.25	00:37:53.998	1.34434				2
2025.09.25	00:37:58.309	1.34437				2
2025.09.25	00:37:59.237	1.34438				2
2025.09.25	00:38:00.165	1.34438				2
2025.09.25	00:38:02.017	1.34435				2
2025.09.25	00:38:03.254	1.34434				2
2025.09.25	00:38:04.189	1.34435				2
2025.09.25	00:38:05.123	1.34434				2
2025.09.25	00:38:06.355	1.34438				2
2025.09.25	00:38:06.663	1.34433				2
2025.09.25	00:38:06.976	1.34434				2
2025.09.25	00:38:07.278	1.34435				2
2025.09.25	00:38:07.884	1.34433				2
2025.09.25	00:38:08.190	1.34434				2
2025.09.25	00:38:08.493	1.34436				2
2025.09.25	00:38:08.798	1.34435				2
2025.09.25	00:38:09.118	1.34437				2
2025.09.25	00:38:09.431	1.34433				2
2025.09.25	00:38:09.737	1.34440				2
2025.09.25	00:38:10.038	1.34432				2
2025.09.25	00:38:10.340	1.34435				2
2025.09.25	00:38:10.643	1.34438				2
2025.09.25	00:38:11.258	1.34441				2
2025.09.25	00:38:11.562	1.34434				2
2025.09.25	00:38:11.876	1.34433				2
2025.09.25	00:38:12.181	1.34430				2
2025.09.25	00:38:12.496	1.34428				2
2025.09.25	00:38:12.799	1.34436				2
2025.09.25	00:38:13.109	1.34433				2
2025.09.25	00:38:13.418	1.34437				2
2025.09.25	00:38:14.963	1.34434				2
2025.09.25	00:38:15.272		1.34517			4
2025.09.25	00:38:15.586	1.34436				2
2025.09.25	00:38:15.892	1.34435	1.34515			6
2025.09.25	00:38:16.740	1.34436				2
2025.09.25	00:38:17.061	1.34440				2
2025.09.25	00:38:17.996	1.34438				2
2025.09.25	00:38:18.347	1.34441				2
2025.09.25	00:38:18.650	1.34440				2
2025.09.25	00:38:18.961	1.34442				2
2025.09.25	00:38:19.264	1.34439				2
2025.09.25	00:38:19.573	1.34445				2
2025.09.25	00:38:19.881	1.34439				2
2025.09.25	00:38:20.188	1.34437				2
2025.09.25	00:38:20.504	1.34440				2
2025.09.25	00:38:21.142	1.34437				2
2025.09.25	00:38:21.448	1.34441				2
2025.09.25	00:38:22.067	1.34440				2
2025.09.25	00:38:23.307	1.34438				2
2025.09.25	00:38:23.609	1.34442				2
2025.09.25	00:38:24.225	1.34440				2
2025.09.25	00:38:24.847	1.34439				2
2025.09.25	00:38:25.147	1.34438				2
2025.09.25	00:38:25.458	1.34442				2
2025.09.25	00:38:25.761	1.34436				2
2025.09.25	00:38:26.079	1.34432				2
2025.09.25	00:38:26.382	1.34436				2
2025.09.25	00:38:26.695	1.34433	1.34516			6
2025.09.25	00:38:27.002	1.34431				2
2025.09.25	00:38:27.478	1.34432				2
2025.09.25	00:38:27.791	1.34434	1.34515			6
2025.09.25	00:38:28.096	1.34436				2
2025.09.25	00:38:28.716	1.34440				2
2025.09.25	00:38:29.017	1.34436				2
2025.09.25	00:38:29.331	1.34438				2
2025.09.25	00:38:29.942	1.34432				2
2025.09.25	00:38:30.276	1.34438				2
2025.09.25	00:38:30.892	1.34437				2
2025.09.25	00:38:31.201	1.34439				2
2025.09.25	00:38:31.508	1.34443				2
2025.09.25	00:38:31.824	1.34438				2
2025.09.25	00:38:32.125	1.34439	1.34524			6
2025.09.25	00:38:32.437		1.34523			4
2025.09.25	00:38:32.740	1.34440				2
2025.09.25	00:38:35.833		1.34515			4
2025.09.25	00:38:36.142	1.34438				2
2025.09.25	00:38:36.767	1.34441				2
2025.09.25	00:38:37.069	1.34438				2
2025.09.25	00:38:40.154	1.34439				2
2025.09.25	00:38:41.696	1.34442				2
2025.09.25	00:38:41.998	1.34440				2
2025.09.25	00:38:42.313	1.34445				2
2025.09.25	00:38:42.927	1.34434				2
2025.09.25	00:38:43.241	1.34432				2
2025.09.25	00:38:43.855	1.34434				2
2025.09.25	00:38:44.168	1.34433				2
2025.09.25	00:38:45.092	1.34436	1.34517			6
2025.09.25	00:38:45.396	1.34440	1.34522			6
2025.09.25	00:38:45.712		1.34516			4
2025.09.25	00:38:46.022	1.34441				2
2025.09.25	00:38:46.331	1.34438	1.34515			6
2025.09.25	00:38:47.257	1.34440				2
2025.09.25	00:38:48.802	1.34439				2
2025.09.25	00:38:50.958	1.34437				2
2025.09.25	00:38:53.131	1.34440				2
2025.09.25	00:38:55.292	1.34441				2
2025.09.25	00:38:56.221	1.34440				2
2025.09.25	00:39:00.232	1.34436	1.34518			6
2025.09.25	00:39:00.543	1.34437				2
2025.09.25	00:39:00.849	1.34435	1.34516			6
2025.09.25	00:39:01.158	1.34438				2
2025.09.25	00:39:01.803	1.34446				2
2025.09.25	00:39:02.113	1.34444				2
2025.09.25	00:39:02.737	1.34441				2
2025.09.25	00:39:03.047	1.34440				2
2025.09.25	00:39:03.359	1.34442				2
2025.09.25	00:39:03.666	1.34441				2
2025.09.25	00:39:03.976	1.34438				2
2025.09.25	00:39:04.353	1.34441				2
2025.09.25	00:39:04.967	1.34442				2
2025.09.25	00:39:07.442	1.34438				2
2025.09.25	00:39:07.816	1.34444				2
2025.09.25	00:39:08.124	1.34439	1.34518			6
2025.09.25	00:39:08.429	1.34443				2
2025.09.25	00:39:09.052	1.34439				2
2025.09.25	00:39:09.357	1.34441	1.34520			6
2025.09.25	00:39:09.988	1.34438				2
2025.09.25	00:39:10.794		1.34522			4
2025.09.25	00:39:11.153	1.34442	1.34520			6
2025.09.25	00:39:11.769	1.34443				2
2025.09.25	00:39:12.079	1.34446	1.34516			6
2025.09.25	00:39:12.391	1.34443	1.34515			6
2025.09.25	00:39:12.704	1.34442	1.34519			6
2025.09.25	00:39:13.211	1.34445	1.34517			6
2025.09.25	00:39:13.520		1.34518			4
2025.09.25	00:39:13.830	1.34441	1.34515			6
2025.09.25	00:39:14.178	1.34443				2
2025.09.25	00:39:14.795	1.34447	1.34517			6
2025.09.25	00:39:15.105	1.34446	1.34515			6
2025.09.25	00:39:15.415	1.34444				2
2025.09.25	00:39:15.720		1.34518			4
2025.09.25	00:39:16.037	1.34447				2
2025.09.25	00:39:16.653	1.34446				2
2025.09.25	00:39:20.355	1.34443				2
2025.09.25	00:39:20.671	1.34444				2
2025.09.25	00:39:23.141	1.34442				2
2025.09.25	00:39:23.694	1.34443				2
2025.09.25	00:39:24.000		1.34519			4
2025.09.25	00:39:24.307	1.34444				2
2025.09.25	00:39:24.618	1.34452	1.34518			6
2025.09.25	00:39:24.922	1.34440	1.34516			6
2025.09.25	00:39:27.619	1.34441				2
2025.09.25	00:39:27.927	1.34442	1.34515			6
2025.09.25	00:39:30.063	1.34443				2
2025.09.25	00:39:36.014	1.34445	1.34517			6
2025.09.25	00:39:36.329	1.34443	1.34519			6
2025.09.25	00:39:36.638	1.34447				2
2025.09.25	00:39:36.948	1.34445	1.34515			6
2025.09.25	00:39:37.370	1.34444				2
2025.09.25	00:39:37.671		1.34516			4
2025.09.25	00:39:37.978		1.34515			4
2025.09.25	00:39:38.285		1.34517			4
2025.09.25	00:39:38.591	1.34443	1.34515			6
2025.09.25	00:39:42.285	1.34444	1.34517			6
2025.09.25	00:39:43.210	1.34443				2
2025.09.25	00:39:43.518	1.34442				2
2025.09.25	00:39:47.474	1.34441	1.34520			6
2025.09.25	00:39:47.775	1.34443	1.34517			6
2025.09.25	00:39:48.190	1.34444				2
2025.09.25	00:39:48.500	1.34449				2
2025.09.25	00:39:49.425	1.34448	1.34515			6
2025.09.25	00:39:49.736	1.34444	1.34518			6
2025.09.25	00:39:50.367	1.34445				2
2025.09.25	00:39:50.669	1.34447	1.34520			6
2025.09.25	00:39:51.290	1.34448				2
2025.09.25	00:39:51.597	1.34447				2
2025.09.25	00:39:51.898	1.34445	1.34519			6
2025.09.25	00:39:52.526	1.34448	1.34516			6
2025.09.25	00:39:52.847	1.34446	1.34515			6
2025.09.25	00:39:53.148	1.34447				2
2025.09.25	00:39:53.456		1.34518			4
2025.09.25	00:39:53.769	1.34446	1.34515			6
2025.09.25	00:39:54.254		1.34520			4
2025.09.25	00:39:54.569	1.34445	1.34517			6
2025.09.25	00:39:54.884	1.34447	1.34515			6
2025.09.25	00:39:55.210	1.34446				2
2025.09.25	00:39:56.440	1.34448				2
2025.09.25	00:39:59.844	1.34445				2
2025.09.25	00:40:00.150	1.34446	1.34516			6
2025.09.25	00:40:00.457	1.34447				2
2025.09.25	00:40:00.762	1.34449				2
2025.09.25	00:40:01.076	1.34446				2
2025.09.25	00:40:01.381	1.34443				2
2025.09.25	00:40:03.238	1.34447	1.34515			6
2025.09.25	00:40:03.541		1.34520			4
2025.09.25	00:40:03.848	1.34444	1.34518			6
2025.09.25	00:40:04.150	1.34449				2
2025.09.25	00:40:04.650		1.34515			4
2025.09.25	00:40:06.302	1.34447				2
2025.09.25	00:40:10.832	1.34444	1.34518			6
2025.09.25	00:40:11.154	1.34449				2
2025.09.25	00:40:12.080	1.34447	1.34520			6
2025.09.25	00:40:12.763		1.34521			4
2025.09.25	00:40:13.811		1.34524			4
2025.09.25	00:40:14.123	1.34450				2
2025.09.25	00:40:15.051	1.34446				2
2025.09.25	00:40:15.356	1.34450				2
2025.09.25	00:40:15.978	1.34447	1.34528			6
2025.09.25	00:40:16.286	1.34446				2
2025.09.25	00:40:16.587	1.34443				2
2025.09.25	00:40:18.451	1.34441				2
2025.09.25	00:40:19.691	1.34442				2
2025.09.25	00:40:20.302	1.34449	1.34536			6
2025.09.25	00:40:20.610	1.34443	1.34531			6
2025.09.25	00:40:25.862	1.34449	1.34535			6
2025.09.25	00:40:26.357	1.34452	1.34540			6
2025.09.25	00:40:26.975	1.34454	1.34534			6
2025.09.25	00:40:28.115	1.34456	1.34536			6
2025.09.25	00:40:29.121	1.34455				2
2025.09.25	00:40:29.768	1.34449	1.34535			6
2025.09.25	00:40:30.088	1.34447	1.34532			6
2025.09.25	00:40:30.393	1.34443	1.34533			6
2025.09.25	00:40:30.705	1.34454	1.34536			6
2025.09.25	00:40:32.116	1.34456				2
2025.09.25	00:40:34.087	1.34458	1.34535			6
2025.09.25	00:40:35.601	1.34447				2
2025.09.25	00:40:38.411	1.34450				2
2025.09.25	00:40:38.720	1.34447				2
2025.09.25	00:40:39.201		1.34534			4
2025.09.25	00:40:39.521		1.34535			4
2025.09.25	00:40:40.691	1.34452	1.34541			6
2025.09.25	00:40:41.006	1.34456	1.34535			6
2025.09.25	00:40:43.799	1.34458				2
2025.09.25	00:40:44.127	1.34456				2
2025.09.25	00:40:44.566	1.34451	1.34541			6
2025.09.25	00:40:45.194	1.34450	1.34540			6
2025.09.25	00:40:45.811	1.34454	1.34535			6
2025.09.25	00:40:46.181	1.34459				2
2025.09.25	00:40:52.916	1.34465	1.34534			6
2025.09.25	00:40:53.223	1.34451	1.34536			6
2025.09.25	00:40:53.743	1.34453				2
2025.09.25	00:40:54.227	1.34460	1.34529			6
2025.09.25	00:40:54.547	1.34452	1.34536			6
2025.09.25	00:40:54.958	1.34454				2
2025.09.25	00:41:00.434	1.34454				2
2025.09.25	00:41:04.741	1.34453				2
2025.09.25	00:41:05.256	1.34458				2
2025.09.25	00:41:05.567	1.34454				2
2025.09.25	00:41:06.033	1.34457				2
2025.09.25	00:41:06.346	1.34454				2
2025.09.25	00:41:08.769	1.34460				2
2025.09.25	00:41:09.110	1.34452	1.34535			6
2025.09.25	00:41:10.089	1.34458	1.34537			6
2025.09.25	00:41:11.014	1.34462				2
2025.09.25	00:41:11.582	1.34455	1.34536			6
2025.09.25	00:41:12.055	1.34459				2
2025.09.25	00:41:12.641	1.34460				2
2025.09.25	00:41:14.915	1.34459				2
2025.09.25	00:41:15.219		1.34538			4
2025.09.25	00:41:15.562		1.34535			4
2025.09.25	00:41:18.237	1.34466	1.34534			6
2025.09.25	00:41:18.586		1.34536			4
2025.09.25	00:41:18.889	1.34456	1.34533			6
2025.09.25	00:41:19.214	1.34454				2
2025.09.25	00:41:19.693	1.34455				2
2025.09.25	00:41:20.177	1.34459				2
2025.09.25	00:41:20.684	1.34454				2
2025.09.25	00:41:25.880	1.34456				2
2025.09.25	00:41:26.555		1.34529			4
2025.09.25	00:41:26.871		1.34538			4
2025.09.25	00:41:27.355		1.34534			4
2025.09.25	00:41:30.231	1.34458	1.34532			6
2025.09.25	00:41:31.397	1.34462	1.34529			6
2025.09.25	00:41:32.775	1.34457	1.34527			6
2025.09.25	00:41:33.080	1.34455	1.34528			6
2025.09.25	00:41:33.394	1.34452	1.34530			6
2025.09.25	00:41:34.637	1.34459	1.34529			6
2025.09.25	00:41:35.169	1.34449	1.34530			6
2025.09.25	00:41:36.564	1.34453				2
2025.09.25	00:41:37.047	1.34454	1.34533			6
2025.09.25	00:41:37.351	1.34452	1.34534			6
2025.09.25	00:41:37.831	1.34455				2
2025.09.25	00:41:47.357	1.34457				2
2025.09.25	00:41:52.278	1.34454	1.34531			6
2025.09.25	00:41:56.499	1.34453	1.34529			6
2025.09.25	00:41:56.937	1.34460	1.34528			6
2025.09.25	00:41:58.180	1.34459	1.34535			6
2025.09.25	00:42:00.352	1.34459				2
2025.09.25	00:42:00.914	1.34458	1.34532			6
2025.09.25	00:42:02.038	1.34461	1.34528			6
2025.09.25	00:42:03.446	1.34459	1.34533			6
2025.09.25	00:42:03.768	1.34466	1.34529			6
2025.09.25	00:42:04.093	1.34460	1.34528			6
2025.09.25	00:42:06.094	1.34459				2
2025.09.25	00:42:15.169	1.34457	1.34534			6
2025.09.25	00:42:15.476	1.34463	1.34533			6
2025.09.25	00:42:16.841	1.34462	1.34535			6
2025.09.25	00:42:19.143	1.34459	1.34534			6
2025.09.25	00:42:19.463	1.34458				2
2025.09.25	00:42:19.871	1.34457				2
2025.09.25	00:42:23.292	1.34453	1.34532			6
2025.09.25	00:42:23.689	1.34457	1.34534			6
2025.09.25	00:42:24.013	1.34456	1.34529			6
2025.09.25	00:42:24.316	1.34459	1.34532			6
2025.09.25	00:42:24.674	1.34455				2
2025.09.25	00:42:25.039	1.34461	1.34531			6
2025.09.25	00:42:26.826	1.34457				2
2025.09.25	00:42:27.161	1.34459	1.34535			6
2025.09.25	00:42:30.781	1.34453	1.34531			6
2025.09.25	00:42:31.324	1.34460	1.34537			6
2025.09.25	00:42:33.080	1.34461	1.34530			6
2025.09.25	00:42:36.298	1.34451	1.34531			6
2025.09.25	00:42:36.620	1.34463	1.34530			6
2025.09.25	00:42:38.996	1.34462				2
2025.09.25	00:42:40.847	1.34450	1.34536			6
2025.09.25	00:42:41.421	1.34455				2
2025.09.25	00:42:42.840		1.34535			4
2025.09.25	00:42:43.244	1.34457	1.34534			6
2025.09.25	00:42:43.998	1.34460				2
2025.09.25	00:42:44.913	1.34457	1.34530			6
2025.09.25	00:42:47.954	1.34472	1.34535			6
2025.09.25	00:42:49.617	1.34470	1.34530			6
2025.09.25	00:42:51.061		1.34531			4
2025.09.25	00:42:51.618	1.34473				2
2025.09.25	00:42:54.596	1.34459	1.34529			6
2025.09.25	00:42:55.839	1.34458				2
2025.09.25	00:42:57.392	1.34459				2
2025.09.25	00:42:58.769	1.34463	1.34528			6
2025.09.25	00:42:59.076	1.34464	1.34530			6
2025.09.25	00:42:59.557	1.34460	1.34531			6
2025.09.25	00:42:59.877	1.34461	1.34530			6
2025.09.25	00:43:00.396	1.34465				2
2025.09.25	00:43:00.737	1.34463	1.34531			6
2025.09.25	00:43:01.113	1.34462	1.34528			6
2025.09.25	00:43:01.429		1.34531			4
2025.09.25	00:43:01.827		1.34528			4
2025.09.25	00:43:02.197	1.34466	1.34530			6
2025.09.25	00:43:02.501	1.34468				2
2025.09.25	00:43:04.412	1.34470	1.34528			6
2025.09.25	00:43:04.754	1.34462	1.34529			6
2025.09.25	00:43:05.874	1.34463	1.34528			6
2025.09.25	00:43:06.195	1.34460				2
2025.09.25	00:43:06.622	1.34464				2
2025.09.25	00:43:08.897	1.34463				2
2025.09.25	00:43:09.235	1.34459				2
2025.09.25	00:43:11.836	1.34464				2
2025.09.25	00:43:12.137	1.34465				2
2025.09.25	00:43:13.428	1.34479	1.34531			6
2025.09.25	00:43:13.756	1.34456	1.34530			6
2025.09.25	00:43:14.063	1.34465	1.34528			6
2025.09.25	00:43:17.261	1.34454	1.34530			6
2025.09.25	00:43:17.927	1.34469	1.34529			6
2025.09.25	00:43:18.353		1.34530			4
2025.09.25	00:43:18.929	1.34460	1.34531			6
2025.09.25	00:43:19.239	1.34465	1.34532			6
2025.09.25	00:43:19.541	1.34470				2
2025.09.25	00:43:21.091	1.34461	1.34531			6
2025.09.25	00:43:21.397	1.34467				2
2025.09.25	00:43:21.886	1.34462				2
2025.09.25	00:43:22.279	1.34461	1.34528			6
2025.09.25	00:43:22.823	1.34467				2
2025.09.25	00:43:24.307	1.34459				2
2025.09.25	00:43:27.335	1.34453	1.34531			6
2025.09.25	00:43:27.700	1.34458	1.34528			6
2025.09.25	00:43:28.679	1.34462				2
2025.09.25	00:43:28.994	1.34461				2
2025.09.25	00:43:29.689	1.34457	1.34529			6
2025.09.25	00:43:29.998	1.34460	1.34528			6
2025.09.25	00:43:30.317	1.34458				2
2025.09.25	00:43:30.619	1.34459	1.34529			6
2025.09.25	00:43:37.095		1.34528			4
2025.09.25	00:43:40.206	1.34455	1.34529			6
2025.09.25	00:43:40.540	1.34458				2
2025.09.25	00:43:40.938	1.34464	1.34528			6
2025.09.25	00:43:41.247	1.34457				2
2025.09.25	00:43:41.711	1.34455				2
2025.09.25	00:43:42.022	1.34460	1.34529			6
2025.09.25	00:43:42.358	1.34459	1.34528			6
2025.09.25	00:43:42.799	1.34465				2
2025.09.25	00:43:43.640		1.34529			4
2025.09.25	00:43:43.950	1.34464				2
2025.09.25	00:43:44.350	1.34466				2
2025.09.25	00:43:45.350	1.34468				2
2025.09.25	00:43:45.712	1.34466	1.34528			6
2025.09.25	00:43:46.018	1.34471	1.34530			6
2025.09.25	00:43:46.434	1.34470	1.34531			6
2025.09.25	00:43:47.349	1.34473	1.34532			6
2025.09.25	00:43:49.764	1.34474	1.34530			6
2025.09.25	00:43:50.517	1.34473	1.34529			6
2025.09.25	00:43:51.697	1.34464	1.34542			6
2025.09.25	00:43:52.084	1.34463	1.34549			6
2025.09.25	00:43:52.690	1.34464				2
2025.09.25	00:43:52.998	1.34467				2
2025.09.25	00:43:53.310		1.34550			4
2025.09.25	00:43:54.851	1.34469	1.34546			6
2025.09.25	00:43:55.157	1.34464	1.34547			6
2025.09.25	00:43:55.630	1.34466	1.34535			6
2025.09.25	00:43:55.932	1.34467				2
2025.09.25	00:43:56.244	1.34459	1.34538			6
2025.09.25	00:43:56.734	1.34461				2
2025.09.25	00:43:57.321	1.34467	1.34550			6
2025.09.25	00:43:57.657	1.34469	1.34547			6
2025.09.25	00:43:57.966	1.34460	1.34550			6
2025.09.25	00:43:58.272	1.34463	1.34552			6
2025.09.25	00:43:58.608	1.34460	1.34550			6
2025.09.25	00:43:58.912	1.34464	1.34549			6
2025.09.25	00:43:59.220		1.34550			4
2025.09.25	00:44:00.139	1.34464				2
2025.09.25	00:44:01.380	1.34461	1.34544			6
2025.09.25	00:44:01.883	1.34465	1.34538			6
2025.09.25	00:44:02.188	1.34458	1.34539			6
2025.09.25	00:44:02.636	1.34464	1.34546			6
2025.09.25	00:44:02.948	1.34460	1.34539			6
2025.09.25	00:44:05.876	1.34466	1.34541			6
2025.09.25	00:44:06.297	1.34459	1.34537			6
2025.09.25	00:44:09.162	1.34462	1.34543			6
2025.09.25	00:44:10.276	1.34469	1.34550			6
2025.09.25	00:44:10.591	1.34470	1.34551			6
2025.09.25	00:44:10.998	1.34466	1.34550			6
2025.09.25	00:44:11.340	1.34471	1.34548			6
2025.09.25	00:44:11.650	1.34464	1.34550			6
2025.09.25	00:44:11.955	1.34468				2
2025.09.25	00:44:12.271	1.34466	1.34551			6
2025.09.25	00:44:12.585	1.34462	1.34548			6
2025.09.25	00:44:12.892	1.34469	1.34550			6
2025.09.25	00:44:13.212	1.34464	1.34544			6
2025.09.25	00:44:13.518	1.34465	1.34547			6
2025.09.25	00:44:13.829	1.34468	1.34544			6
2025.09.25	00:44:14.327	1.34466	1.34543			6
2025.09.25	00:44:14.798	1.34461	1.34542			6
2025.09.25	00:44:15.234	1.34464	1.34547			6
2025.09.25	00:44:16.312	1.34462	1.34532			6
2025.09.25	00:44:16.622	1.34460	1.34544			6
2025.09.25	00:44:16.936		1.34545			4
2025.09.25	00:44:17.247	1.34456	1.34546			6
2025.09.25	00:44:17.552	1.34461	1.34547			6
2025.09.25	00:44:17.870	1.34457	1.34538			6
2025.09.25	00:44:18.391		1.34533			4
2025.09.25	00:44:19.142	1.34459	1.34535			6
2025.09.25	00:44:19.526	1.34464	1.34534			6
2025.09.25	00:44:19.827	1.34457	1.34538			6
2025.09.25	00:44:20.992	1.34463				2
2025.09.25	00:44:21.316	1.34457	1.34539			6
2025.09.25	00:44:21.622	1.34465	1.34547			6
2025.09.25	00:44:21.926		1.34538			4
2025.09.25	00:44:22.319	1.34468	1.34541			6
2025.09.25	00:44:22.746	1.34472	1.34540			6
2025.09.25	00:44:23.860	1.34470				2
2025.09.25	00:44:25.120	1.34465	1.34541			6
2025.09.25	00:44:25.730	1.34462				2
2025.09.25	00:44:26.211	1.34472	1.34545			6
2025.09.25	00:44:26.518	1.34473	1.34546			6
2025.09.25	00:44:26.826	1.34465	1.34544			6
2025.09.25	00:44:27.166	1.34467	1.34536			6
2025.09.25	00:44:27.492	1.34470	1.34545			6
2025.09.25	00:44:27.797	1.34458	1.34543			6
2025.09.25	00:44:28.096	1.34463	1.34538			6
2025.09.25	00:44:28.398	1.34459				2
2025.09.25	00:44:28.711	1.34464				2
2025.09.25	00:44:29.019	1.34466	1.34544			6
2025.09.25	00:44:29.427		1.34541			4
2025.09.25	00:44:29.880	1.34460	1.34542			6
2025.09.25	00:44:30.188		1.34533			4
2025.09.25	00:44:30.496	1.34463	1.34542			6
2025.09.25	00:44:31.111	1.34471	1.34533			6
2025.09.25	00:44:31.417	1.34467	1.34536			6
2025.09.25	00:44:31.771	1.34459	1.34549			6
2025.09.25	00:44:32.080	1.34461	1.34546			6
2025.09.25	00:44:33.318		1.34547			4
2025.09.25	00:44:33.626	1.34466	1.34545			6
2025.09.25	00:44:35.302	1.34464	1.34540			6
2025.09.25	00:44:36.788	1.34458	1.34541			6
2025.09.25	00:44:37.126	1.34457	1.34545			6
2025.09.25	00:44:37.436	1.34462	1.34549			6
2025.09.25	00:44:37.749	1.34464	1.34548			6
2025.09.25	00:44:38.053	1.34469	1.34546			6
2025.09.25	00:44:39.770	1.34470	1.34540			6
2025.09.25	00:44:40.692		1.34538			4
2025.09.25	00:44:42.176	1.34451	1.34541			6
2025.09.25	00:44:42.796	1.34461				2
2025.09.25	00:44:43.105		1.34544			4
2025.09.25	00:44:43.723		1.34541			4
2025.09.25	00:44:44.341		1.34543			4
2025.09.25	00:44:45.896		1.34540			4
2025.09.25	00:44:47.758		1.34544			4
2025.09.25	00:44:48.379		1.34543			4
2025.09.25	00:44:51.164	1.34455	1.34538			6
2025.09.25	00:44:53.329		1.34537			4
2025.09.25	00:44:57.331		1.34538			4
2025.09.25	00:45:00.111	1.34455				2
2025.09.25	00:45:00.732		1.34544			4
2025.09.25	00:45:01.351		1.34540			4
2025.09.25	00:45:01.659		1.34541			4
2025.09.25	00:45:01.965		1.34539			4
2025.09.25	00:45:02.271	1.34449	1.34537			6
2025.09.25	00:45:03.204	1.34446	1.34536			6
2025.09.25	00:45:04.753	1.34449	1.34539			6
2025.09.25	00:45:06.295	1.34450	1.34540			6
2025.09.25	00:45:06.604	1.34459	1.34536			6
2025.09.25	00:45:08.146		1.34535			4
2025.09.25	00:45:11.032	1.34475	1.34519			6
2025.09.25	00:45:14.002		1.34520			4
2025.09.25	00:45:14.306		1.34518			4
2025.09.25	00:45:14.925		1.34517			4
2025.09.25	00:45:15.236		1.34518			4
2025.09.25	00:45:18.929	1.34470	1.34517			6
2025.09.25	00:45:20.483		1.34518			4
2025.09.25	00:45:21.712		1.34517			4
2025.09.25	00:45:28.512		1.34524			4
2025.09.25	00:45:29.127	1.34484	1.34516			6
2025.09.25	00:45:33.149		1.34519			4
2025.09.25	00:45:33.455	1.34485	1.34521			6
2025.09.25	00:45:33.766	1.34466	1.34522			6
2025.09.25	00:45:35.307	1.34479	1.34521			6
2025.09.25	00:45:35.928		1.34522			4
2025.09.25	00:45:36.233		1.34525			4
2025.09.25	00:45:36.544		1.34527			4
2025.09.25	00:45:36.853		1.34520			4
2025.09.25	00:45:41.179		1.34523			4
2025.09.25	00:45:41.492		1.34522			4
2025.09.25	00:45:42.105		1.34520			4
2025.09.25	00:45:47.043	1.34463				2
2025.09.25	00:45:47.345	1.34473	1.34522			6
2025.09.25	00:45:47.663		1.34523			4
2025.09.25	00:45:47.977		1.34520			4
2025.09.25	00:45:48.285		1.34522			4
2025.09.25	00:45:48.594	1.34471	1.34521			6
2025.09.25	00:45:50.445		1.34522			4
2025.09.25	00:45:58.761	1.34468				2
2025.09.25	00:46:00.307	1.34468	1.34524			6
2025.09.25	00:46:00.919		1.34521			4
2025.09.25	00:46:05.557		1.34520			4
2025.09.25	00:46:06.171		1.34525			4
2025.09.25	00:46:06.479		1.34523			4
2025.09.25	00:46:07.096		1.34520			4
2025.09.25	00:46:07.713	1.34477	1.34522			6
2025.09.25	00:46:11.736	1.34462	1.34518			6
2025.09.25	00:46:12.659	1.34475	1.34519			6
2025.09.25	00:46:14.504		1.34518			4
2025.09.25	00:46:16.048		1.34517			4
2025.09.25	00:46:16.361		1.34518			4
2025.09.25	00:46:18.830		1.34517			4
2025.09.25	00:46:21.916		1.34519			4
2025.09.25	00:46:22.223		1.34518			4
2025.09.25	00:46:22.534		1.34519			4
2025.09.25	00:46:22.844		1.34521			4
2025.09.25	00:46:23.157		1.34522			4
2025.09.25	00:46:23.460		1.34518			4
2025.09.25	00:46:25.009		1.34517			4
2025.09.25	00:46:25.318		1.34523			4
2025.09.25	00:46:25.627		1.34516			4
2025.09.25	00:46:25.936		1.34517			4
2025.09.25	00:46:26.246		1.34516			4
2025.09.25	00:46:26.862	1.34483	1.34518			6
2025.09.25	00:46:29.640		1.34514			4
2025.09.25	00:46:31.179	1.34482	1.34516			6
2025.09.25	00:46:31.488		1.34517			4
2025.09.25	00:46:32.112		1.34518			4
2025.09.25	00:46:37.077	1.34462	1.34519			6
2025.09.25	00:46:37.385	1.34474	1.34520			6
2025.09.25	00:46:38.003		1.34519			4
2025.09.25	00:46:38.320		1.34521			4
2025.09.25	00:46:39.556		1.34524			4
2025.09.25	00:46:40.486		1.34523			4
2025.09.25	00:46:40.801		1.34525			4
2025.09.25	00:46:41.103		1.34523			4
2025.09.25	00:46:41.725		1.34520			4
2025.09.25	00:46:43.269		1.34523			4
2025.09.25	00:46:43.885		1.34522			4
2025.09.25	00:46:44.196		1.34525			4
2025.09.25	00:46:44.501		1.34523			4
2025.09.25	00:46:44.817		1.34521			4
2025.09.25	00:46:47.595		1.34510			4
2025.09.25	00:46:47.908	1.34485	1.34513			6
2025.09.25	00:46:48.218	1.34477	1.34512			6
2025.09.25	00:46:48.848		1.34515			4
2025.09.25	00:46:49.150		1.34517			4
2025.09.25	00:46:51.004		1.34514			4
2025.09.25	00:46:51.315		1.34516			4
2025.09.25	00:46:56.257		1.34517			4
2025.09.25	00:46:56.569		1.34518			4
2025.09.25	00:46:56.875		1.34517			4
2025.09.25	00:46:57.496		1.34512			4
2025.09.25	00:46:57.800		1.34515			4
2025.09.25	00:47:00.276	1.34477				2
2025.09.25	00:47:03.047	1.34456	1.34514			6
2025.09.25	00:47:03.986	1.34454	1.34512			6
2025.09.25	00:47:06.451	1.34477				2
2025.09.25	00:47:06.755	1.34466				2
2025.09.25	00:47:10.782		1.34514			4
2025.09.25	00:47:11.083		1.34512			4
2025.09.25	00:47:11.396		1.34514			4
2025.09.25	00:47:13.558		1.34512			4
2025.09.25	00:47:18.188	1.34473	1.34513			6
2025.09.25	00:47:18.498		1.34515			4
2025.09.25	00:47:19.113		1.34516			4
2025.09.25	00:47:21.892	1.34474				2
2025.09.25	00:47:25.603	1.34486	1.34515			6
2025.09.25	00:47:25.917	1.34463	1.34512			6
2025.09.25	00:47:26.537		1.34513			4
2025.09.25	00:47:26.845	1.34473	1.34515			6
2025.09.25	00:47:27.458		1.34513			4
2025.09.25	00:47:28.077		1.34512			4
2025.09.25	00:47:28.388		1.34515			4
2025.09.25	00:47:36.113		1.34518			4
2025.09.25	00:47:37.045		1.34515			4
2025.09.25	00:47:37.352		1.34516			4
2025.09.25	00:47:40.754		1.34518			4
2025.09.25	00:47:41.068		1.34516			4
2025.09.25	00:47:41.373		1.34509			4
2025.09.25	00:47:41.991	1.34481	1.34510			6
2025.09.25	00:47:43.534		1.34513			4
2025.09.25	00:47:43.837	1.34468	1.34517			6
2025.09.25	00:47:44.151		1.34513			4
2025.09.25	00:47:45.081	1.34479				2
2025.09.25	00:47:45.392		1.34514			4
2025.09.25	00:47:52.492		1.34516			4
2025.09.25	00:47:53.413	1.34469	1.34512			6
2025.09.25	00:47:53.726		1.34513			4
2025.09.25	00:47:54.339	1.34471	1.34512			6
2025.09.25	00:47:54.641		1.34516			4
2025.09.25	00:47:55.264	1.34462	1.34519			6
2025.09.25	00:47:55.575		1.34516			4
2025.09.25	00:47:57.128		1.34514			4
2025.09.25	00:47:59.590		1.34515			4
2025.09.25	00:48:00.208	1.34462	1.34514			6
2025.09.25	00:48:00.516		1.34515			4
2025.09.25	00:48:03.302	1.34458	1.34516			6
2025.09.25	00:48:03.610	1.34462	1.34518			6
2025.09.25	00:48:04.536	1.34458	1.34516			6
2025.09.25	00:48:04.838	1.34462	1.34517			6
2025.09.25	00:48:05.463		1.34516			4
2025.09.25	00:48:10.408	1.34456	1.34512			6
2025.09.25	00:48:10.712	1.34458	1.34516			6
2025.09.25	00:48:11.023	1.34460	1.34518			6
2025.09.25	00:48:11.334	1.34461				2
2025.09.25	00:48:11.642	1.34460				2
2025.09.25	00:48:12.257	1.34458	1.34516			6
2025.09.25	00:48:15.035	1.34455	1.34511			6
2025.09.25	00:48:15.343	1.34460	1.34518			6
2025.09.25	00:48:16.271	1.34461				2
2025.09.25	00:48:16.886	1.34460				2
2025.09.25	00:48:17.516	1.34459	1.34517			6
2025.09.25	00:48:19.672	1.34454	1.34508			6
2025.09.25	00:48:19.981	1.34456	1.34514			6
2025.09.25	00:48:20.587		1.34512			4
2025.09.25	00:48:20.888	1.34457	1.34515			6
2025.09.25	00:48:21.192	1.34468	1.34518			6
2025.09.25	00:48:21.505		1.34515			4
2025.09.25	00:48:21.819	1.34457	1.34514			6
2025.09.25	00:48:22.133	1.34466	1.34517			6
2025.09.25	00:48:23.674	1.34469	1.34514			6
2025.09.25	00:48:23.985		1.34515			4
2025.09.25	00:48:25.223		1.34509			4
2025.09.25	00:48:26.150		1.34510			4
2025.09.25	00:48:26.455		1.34514			4
2025.09.25	00:48:26.765		1.34513			4
2025.09.25	00:48:27.071		1.34515			4
2025.09.25	00:48:27.381		1.34516			4
2025.09.25	00:48:27.690		1.34514			4
2025.09.25	00:48:27.997		1.34515			4
2025.09.25	00:48:28.307		1.34517			4
2025.09.25	00:48:29.542		1.34514			4
2025.09.25	00:48:29.857		1.34515			4
2025.09.25	00:48:30.777		1.34514			4
2025.09.25	00:48:31.086		1.34513			4
2025.09.25	00:48:31.401		1.34514			4
2025.09.25	00:48:31.704		1.34513			4
2025.09.25	00:48:33.566		1.34516			4
2025.09.25	00:48:33.874		1.34517			4
2025.09.25	00:48:36.360		1.34518			4
2025.09.25	00:48:36.669	1.34466	1.34512			6
2025.09.25	00:48:47.180		1.34511			4
2025.09.25	00:48:47.808		1.34512			4
2025.09.25	00:48:51.201	1.34455	1.34513			6
2025.09.25	00:48:51.506		1.34511			4
2025.09.25	00:48:57.377		1.34512			4
2025.09.25	00:48:58.616		1.34511			4
2025.09.25	00:49:00.160	1.34455	1.34509			6
2025.09.25	00:49:01.703		1.34503			4
2025.09.25	00:49:02.019		1.34504			4
2025.09.25	00:49:02.320		1.34503			4
2025.09.25	00:49:03.247		1.34509			4
2025.09.25	00:49:03.550	1.34452	1.34502			6
2025.09.25	00:49:03.854	1.34455	1.34503			6
2025.09.25	00:49:05.718		1.34513			4
2025.09.25	00:49:07.575		1.34512			4
2025.09.25	00:49:14.058	1.34458	1.34516			6
2025.09.25	00:49:16.214	1.34455	1.34509			6
2025.09.25	00:49:16.518	1.34452	1.34507			6
2025.09.25	00:49:16.823		1.34505			4
2025.09.25	00:49:17.434		1.34507			4
2025.09.25	00:49:18.040		1.34508			4
2025.09.25	00:49:18.651		1.34509			4
2025.09.25	00:49:18.953		1.34508			4
2025.09.25	00:49:19.258		1.34509			4
2025.09.25	00:49:19.562		1.34508			4
2025.09.25	00:49:19.863		1.34509			4
2025.09.25	00:49:20.784		1.34508			4
2025.09.25	00:49:21.085		1.34507			4
2025.09.25	00:49:21.998		1.34508			4
2025.09.25	00:49:22.299		1.34507			4
2025.09.25	00:49:22.603		1.34508			4
2025.09.25	00:49:22.905	1.34454	1.34512			6
2025.09.25	00:49:23.210	1.34453	1.34511			6
2025.09.25	00:49:23.518	1.34454	1.34512			6
2025.09.25	00:49:24.124	1.34453	1.34511			6
2025.09.25	00:49:24.425	1.34455	1.34513			6
2025.09.25	00:49:24.727	1.34453	1.34511			6
2025.09.25	00:49:25.643	1.34452	1.34509			6
2025.09.25	00:49:25.949		1.34510			4
2025.09.25	00:49:26.559	1.34453	1.34511			6
2025.09.25	00:49:26.864	1.34452	1.34510			6
2025.09.25	00:49:27.165	1.34453	1.34511			6
2025.09.25	00:49:27.466	1.34452	1.34510			6
2025.09.25	00:49:28.080	1.34453	1.34511			6
2025.09.25	00:49:28.381	1.34452	1.34510			6
2025.09.25	00:49:28.986	1.34453	1.34511			6
2025.09.25	00:49:29.297	1.34452	1.34510			6
2025.09.25	00:49:29.603	1.34453	1.34511			6
2025.09.25	00:49:29.907	1.34454	1.34512			6
2025.09.25	00:49:30.212	1.34452	1.34510			6
2025.09.25	00:49:31.123	1.34454	1.34512			6
2025.09.25	00:49:31.425		1.34506			4
2025.09.25	00:49:41.628	1.34457	1.34515			6
2025.09.25	00:49:41.939	1.34454	1.34507			6
2025.09.25	00:49:42.242		1.34508			4
2025.09.25	00:49:42.543		1.34507			4
2025.09.25	00:49:43.145		1.34508			4
2025.09.25	00:49:43.446		1.34507			4
2025.09.25	00:49:43.749		1.34508			4
2025.09.25	00:49:44.058		1.34507			4
2025.09.25	00:49:44.364		1.34508			4
2025.09.25	00:49:44.664		1.34507			4
2025.09.25	00:49:45.272		1.34511			4
2025.09.25	00:49:45.575		1.34509			4
2025.09.25	00:49:45.878		1.34511			4
2025.09.25	00:49:46.185		1.34508			4
2025.09.25	00:49:46.795		1.34511			4
2025.09.25	00:49:48.653	1.34455	1.34513			6
2025.09.25	00:49:51.132	1.34454	1.34512			6
2025.09.25	00:49:57.299		1.34502			4
2025.09.25	00:49:57.599		1.34503			4
2025.09.25	00:49:57.904		1.34502			4
2025.09.25	00:49:58.208		1.34503			4
2025.09.25	00:49:59.420		1.34502			4
2025.09.25	00:49:59.723		1.34511			4
2025.09.25	00:50:00.023	1.34454	1.34510			6
2025.09.25	00:50:00.634		1.34511			4
2025.09.25	00:50:00.937		1.34510			4
2025.09.25	00:50:01.239		1.34511			4
2025.09.25	00:50:01.549		1.34510			4
2025.09.25	00:50:03.712	1.34458	1.34516			6
2025.09.25	00:50:05.562	1.34455	1.34513			6
2025.09.25	00:50:08.954	1.34456	1.34514			6
2025.09.25	00:50:12.049	1.34454	1.34510			6
2025.09.25	00:50:12.352		1.34501			4
2025.09.25	00:50:12.668		1.34503			4
2025.09.25	00:50:12.978		1.34501			4
2025.09.25	00:50:14.832		1.34502			4
2025.09.25	00:50:15.140		1.34501			4
2025.09.25	00:50:15.448		1.34502			4
2025.09.25	00:50:15.754	1.34455				2
2025.09.25	00:50:16.991	1.34457	1.34512			6
2025.09.25	00:50:17.610	1.34460				2
2025.09.25	00:50:17.922	1.34459	1.34516			6
2025.09.25	00:50:18.234		1.34517			4
2025.09.25	00:50:18.851	1.34470				2
2025.09.25	00:50:19.159	1.34468	1.34516			6
2025.09.25	00:50:20.088		1.34513			4
2025.09.25	00:50:23.168	1.34466				2
2025.09.25	00:50:23.477		1.34514			4
2025.09.25	00:50:28.110		1.34518			4
2025.09.25	00:50:28.417	1.34470	1.34515			6
2025.09.25	00:50:35.206	1.34473	1.34513			6
2025.09.25	00:50:35.515	1.34471				2
2025.09.25	00:50:37.683	1.34468	1.34514			6
2025.09.25	00:50:37.990	1.34467	1.34512			6
2025.09.25	00:50:39.842	1.34464				2
2025.09.25	00:50:40.770	1.34466				2
2025.09.25	00:50:41.082	1.34468	1.34513			6
2025.09.25	00:50:42.320	1.34470	1.34512			6
2025.09.25	00:50:42.628	1.34466	1.34513			6
2025.09.25	00:50:48.182	1.34469	1.34512			6
2025.09.25	00:50:50.971	1.34466	1.34515			6
2025.09.25	00:50:57.452	1.34465	1.34512			6
2025.09.25	00:50:57.769		1.34515			4
2025.09.25	00:50:58.995	1.34467	1.34512			6
2025.09.25	00:51:00.239	1.34467				2
2025.09.25	00:51:00.854	1.34469	1.34518			6
2025.09.25	00:51:01.162	1.34465	1.34520			6
2025.09.25	00:51:01.474	1.34476	1.34514			6
2025.09.25	00:51:01.786	1.34472				2
2025.09.25	00:51:02.402	1.34469	1.34515			6
2025.09.25	00:51:02.720	1.34473	1.34514			6
2025.09.25	00:51:03.036	1.34469	1.34515			6
2025.09.25	00:51:03.952		1.34512			4
2025.09.25	00:51:04.576	1.34472	1.34514			6
2025.09.25	00:51:04.879	1.34470	1.34512			6
2025.09.25	00:51:05.499	1.34472				2
2025.09.25	00:51:05.812	1.34470				2
2025.09.25	00:51:06.427	1.34472				2
2025.09.25	00:51:07.968	1.34470				2
2025.09.25	00:51:10.740	1.34466				2
2025.09.25	00:51:11.983	1.34473				2
2025.09.25	00:51:12.912	1.34470				2
2025.09.25	00:51:13.535	1.34472				2
2025.09.25	00:51:14.144	1.34468	1.34513			6
2025.09.25	00:51:17.855	1.34476	1.34512			6
2025.09.25	00:51:33.303	1.34475				2
2025.09.25	00:51:43.185	1.34468				2
2025.09.25	00:51:44.110	1.34471				2
2025.09.25	00:51:44.423	1.34473				2
2025.09.25	00:51:44.730	1.34471				2
2025.09.25	00:51:51.216	1.34472				2
2025.09.25	00:51:53.076	1.34473				2
2025.09.25	00:51:53.388	1.34472				2
2025.09.25	00:51:54.314	1.34473				2
2025.09.25	00:51:54.629	1.34472				2
2025.09.25	00:51:56.165	1.34471				2
2025.09.25	00:51:57.710	1.34469				2
2025.09.25	00:52:00.170	1.34469				2
2025.09.25	00:52:01.097	1.34471				2
2025.09.25	00:52:01.402	1.34472				2
2025.09.25	00:52:01.711	1.34464	1.34517			6
2025.09.25	00:52:02.019	1.34468	1.34512			6
2025.09.25	00:52:02.946	1.34473				2
2025.09.25	00:52:03.253	1.34477				2
2025.09.25	00:52:03.870	1.34474	1.34516			6
2025.09.25	00:52:04.173	1.34472	1.34514			6
2025.09.25	00:52:04.486	1.34478	1.34512			6
2025.09.25	00:52:05.726	1.34476	1.34513			6
2025.09.25	00:52:08.198	1.34472	1.34512			6
2025.09.25	00:52:08.505	1.34474				2
2025.09.25	00:52:23.011	1.34472	1.34513			6
2025.09.25	00:52:23.937	1.34466	1.34522			6
2025.09.25	00:52:24.255	1.34467	1.34513			6
2025.09.25	00:52:25.481	1.34472	1.34514			6
2025.09.25	00:52:30.423		1.34512			4
2025.09.25	00:52:30.733	1.34470	1.34520			6
2025.09.25	00:52:32.886	1.34468	1.34512			6
2025.09.25	00:52:33.193	1.34466	1.34514			6
2025.09.25	00:52:33.494	1.34469	1.34512			6
2025.09.25	00:52:35.979	1.34473				2
2025.09.25	00:52:38.449	1.34475				2
2025.09.25	00:52:39.377	1.34473				2
2025.09.25	00:52:43.396	1.34471				2
2025.09.25	00:52:44.934	1.34473	1.34514			6
2025.09.25	00:52:46.786	1.34476	1.34512			6
2025.09.25	00:52:47.095	1.34463				2
2025.09.25	00:52:48.334	1.34475				2
2025.09.25	00:52:50.181	1.34473				2
2025.09.25	00:52:52.341	1.34474				2
2025.09.25	00:52:53.584	1.34472				2
2025.09.25	00:52:53.901	1.34471				2
2025.09.25	00:52:54.512	1.34466	1.34514			6
2025.09.25	00:52:54.817	1.34472	1.34512			6
2025.09.25	00:52:55.437	1.34474				2
2025.09.25	00:52:58.522	1.34473				2
2025.09.25	00:52:58.826	1.34476				2
2025.09.25	00:53:00.066	1.34476				2
2025.09.25	00:53:00.990	1.34477				2
2025.09.25	00:53:01.613	1.34473				2
2025.09.25	00:53:01.919	1.34475				2
2025.09.25	00:53:02.231	1.34474				2
2025.09.25	00:53:04.696	1.34472				2
2025.09.25	00:53:05.004	1.34467				2
2025.09.25	00:53:05.317	1.34472				2
2025.09.25	00:53:05.625	1.34469				2
2025.09.25	00:53:06.242	1.34475				2
2025.09.25	00:53:07.479	1.34473				2
2025.09.25	00:53:16.745	1.34471				2
2025.09.25	00:53:17.360	1.34475	1.34513			6
2025.09.25	00:53:17.673	1.34477				2
2025.09.25	00:53:17.977	1.34476				2
2025.09.25	00:53:18.290	1.34475				2
2025.09.25	00:53:18.597	1.34476				2
2025.09.25	00:53:19.212	1.34474				2
2025.09.25	00:53:19.525	1.34472				2
2025.09.25	00:53:19.833	1.34473				2
2025.09.25	00:53:20.142	1.34476				2
2025.09.25	00:53:20.450	1.34473				2
2025.09.25	00:53:30.042		1.34519			4
2025.09.25	00:53:30.346	1.34467	1.34512			6
2025.09.25	00:53:30.662	1.34466				2
2025.09.25	00:53:31.281	1.34473				2
2025.09.25	00:53:31.589	1.34474				2
2025.09.25	00:53:35.298	1.34475				2
2025.09.25	00:53:35.916	1.34473				2
2025.09.25	00:53:39.002	1.34474				2
2025.09.25	00:53:43.632	1.34472				2
2025.09.25	00:53:44.869	1.34474				2
2025.09.25	00:53:45.179	1.34476				2
2025.09.25	00:53:46.106	1.34471				2
2025.09.25	00:53:46.418	1.34473				2
2025.09.25	00:53:47.338	1.34474				2
2025.09.25	00:53:47.650	1.34473				2
2025.09.25	00:53:47.960	1.34474				2
2025.09.25	00:53:48.269	1.34476				2
2025.09.25	00:53:48.573	1.34468	1.34513			6
2025.09.25	00:53:48.883	1.34466	1.34517			6
2025.09.25	00:53:49.191	1.34469				2
2025.09.25	00:53:49.501	1.34475	1.34512			6
2025.09.25	00:53:51.047	1.34479				2
2025.09.25	00:53:51.357	1.34475				2
2025.09.25	00:53:52.901	1.34474				2
2025.09.25	00:53:53.209	1.34476				2
2025.09.25	00:53:56.603	1.34475				2
2025.09.25	00:53:58.767	1.34474				2
2025.09.25	00:53:59.080	1.34470				2
2025.09.25	00:54:00.008	1.34470				2
2025.09.25	00:54:00.623	1.34480				2
2025.09.25	00:54:00.924	1.34476				2
2025.09.25	00:54:01.242	1.34475				2
2025.09.25	00:54:01.860	1.34477				2
2025.09.25	00:54:02.167		1.34513			4
2025.09.25	00:54:04.942	1.34478				2
2025.09.25	00:54:05.877	1.34476				2
2025.09.25	00:54:07.103	1.34475				2
2025.09.25	00:54:07.730	1.34476				2
2025.09.25	00:54:08.035	1.34477				2
2025.09.25	00:54:08.345	1.34476	1.34512			6
2025.09.25	00:54:09.892	1.34474				2
2025.09.25	00:54:12.669	1.34473				2
2025.09.25	00:54:14.528	1.34476				2
2025.09.25	00:54:16.998	1.34475				2
2025.09.25	00:54:18.226	1.34476	1.34514			6
2025.09.25	00:54:18.537	1.34477	1.34512			6
2025.09.25	00:54:18.845	1.34473				2
2025.09.25	00:54:19.152	1.34475				2
2025.09.25	00:54:25.329	1.34476	1.34515			6
2025.09.25	00:54:25.647	1.34474	1.34512			6
2025.09.25	00:54:25.952	1.34477				2
2025.09.25	00:54:27.815	1.34478				2
2025.09.25	00:54:33.677	1.34472	1.34514			6
2025.09.25	00:54:33.984	1.34477				2
2025.09.25	00:54:34.299	1.34470	1.34512			6
2025.09.25	00:54:34.608	1.34476				2
2025.09.25	00:54:35.534	1.34480				2
2025.09.25	00:54:38.926	1.34481				2
2025.09.25	00:54:39.242	1.34478				2
2025.09.25	00:54:39.550	1.34472				2
2025.09.25	00:54:39.856	1.34478				2
2025.09.25	00:54:40.473	1.34483				2
2025.09.25	00:54:40.779	1.34480				2
2025.09.25	00:54:41.091	1.34475				2
2025.09.25	00:54:41.397	1.34484				2
2025.09.25	00:54:41.712	1.34473				2
2025.09.25	00:54:42.025	1.34477				2
2025.09.25	00:54:42.636	1.34476				2
2025.09.25	00:54:42.951	1.34480				2
2025.09.25	00:54:43.566	1.34485				2
2025.09.25	00:54:43.872	1.34480	1.34507			6
2025.09.25	00:54:44.175	1.34479	1.34512			6
2025.09.25	00:54:44.490	1.34475				2
2025.09.25	00:54:44.799	1.34479				2
2025.09.25	00:54:45.109		1.34506			4
2025.09.25	00:54:45.415		1.34512			4
2025.09.25	00:54:47.264	1.34476				2
2025.09.25	00:54:47.576	1.34479				2
2025.09.25	00:54:48.198	1.34474				2
2025.09.25	00:54:48.506	1.34473				2
2025.09.25	00:54:51.598	1.34476				2
2025.09.25	00:54:53.446	1.34475				2
2025.09.25	00:54:55.304	1.34474				2
2025.09.25	00:54:55.617	1.34475				2
2025.09.25	00:54:55.919	1.34476				2
2025.09.25	00:54:56.231	1.34468	1.34513			6
2025.09.25	00:54:56.536	1.34476	1.34512			6
2025.09.25	00:54:57.462	1.34478	1.34507			6
2025.09.25	00:54:58.085	1.34481	1.34512			6
2025.09.25	00:54:59.008	1.34485				2
2025.09.25	00:54:59.320	1.34487				2
2025.09.25	00:55:00.251	1.34487				2
2025.09.25	00:55:02.411	1.34477				2
2025.09.25	00:55:02.722	1.34468	1.34511			6
2025.09.25	00:55:03.031	1.34463	1.34505			6
2025.09.25	00:55:03.653	1.34468	1.34518			6
2025.09.25	00:55:04.268	1.34466				2
2025.09.25	00:55:04.579	1.34468				2
2025.09.25	00:55:08.291	1.34470	1.34511			6
2025.09.25	00:55:09.532	1.34467	1.34506			6
2025.09.25	00:55:10.150	1.34464				2
2025.09.25	00:55:10.456		1.34505			4
2025.09.25	00:55:14.158	1.34462	1.34516			6
2025.09.25	00:55:14.468		1.34504			4
2025.09.25	00:55:14.784	1.34468				2
2025.09.25	00:55:15.705	1.34458				2
2025.09.25	00:55:16.012	1.34455	1.34506			6
2025.09.25	00:55:16.635	1.34470	1.34528			6
2025.09.25	00:55:16.937	1.34467	1.34525			6
2025.09.25	00:55:17.253	1.34470	1.34528			6
2025.09.25	00:55:18.174	1.34455	1.34505			6
2025.09.25	00:55:23.734	1.34472	1.34530			6
2025.09.25	00:55:25.579	1.34469	1.34527			6
2025.09.25	00:55:25.893	1.34472	1.34530			6
2025.09.25	00:55:27.126	1.34454	1.34505			6
2025.09.25	00:55:27.432	1.34472	1.34530			6
2025.09.25	00:55:27.734	1.34459	1.34512			6
2025.09.25	00:55:28.055	1.34471	1.34523			6
2025.09.25	00:55:28.362	1.34467				2
2025.09.25	00:55:28.979	1.34466				2
2025.09.25	00:55:30.837	1.34460	1.34511			6
2025.09.25	00:55:31.448	1.34471	1.34526			6
2025.09.25	00:55:34.231	1.34456	1.34506			6
2025.09.25	00:55:34.540	1.34468	1.34526			6
2025.09.25	00:55:35.159	1.34456	1.34506			6
2025.09.25	00:55:35.781	1.34449	1.34504			6
2025.09.25	00:55:36.086	1.34456	1.34514			6
2025.09.25	00:55:44.439	1.34450	1.34505			6
2025.09.25	00:55:44.751	1.34459	1.34517			6
2025.09.25	00:55:45.372	1.34450	1.34505			6
2025.09.25	00:55:49.085		1.34506			4
2025.09.25	00:55:53.094	1.34455				2
2025.09.25	00:55:54.328	1.34456	1.34514			6
2025.09.25	00:55:54.638	1.34452	1.34507			6
2025.09.25	00:55:55.857		1.34505			4
2025.09.25	00:55:56.159		1.34508			4
2025.09.25	00:55:56.465		1.34505			4
2025.09.25	00:55:56.777		1.34506			4
2025.09.25	00:55:57.399	1.34454				2
2025.09.25	00:55:57.703	1.34457				2
2025.09.25	00:55:58.633	1.34455				2
2025.09.25	00:55:58.949	1.34457	1.34515			6
2025.09.25	00:55:59.558	1.34460	1.34518			6
2025.09.25	00:56:00.176	1.34460				2
2025.09.25	00:56:09.445	1.34453	1.34505			6
2025.09.25	00:56:09.755	1.34459	1.34506			6
2025.09.25	00:56:10.059	1.34453	1.34508			6
2025.09.25	00:56:12.844		1.34507			4
2025.09.25	00:56:14.381	1.34451				2
2025.09.25	00:56:15.308		1.34508			4
2025.09.25	00:56:19.950	1.34466	1.34512			6
2025.09.25	00:56:32.626	1.34465	1.34523			6
2025.09.25	00:56:33.237	1.34468	1.34525			6
2025.09.25	00:56:33.552		1.34526			4
2025.09.25	00:56:34.476	1.34471	1.34529			6
2025.09.25	00:56:34.777	1.34464	1.34526			6
2025.09.25	00:56:36.638	1.34470	1.34528			6
2025.09.25	00:56:39.427	1.34469	1.34527			6
2025.09.25	00:56:39.738	1.34464	1.34526			6
2025.09.25	00:56:40.045	1.34474	1.34532			6
2025.09.25	00:56:40.346	1.34477	1.34526			6
2025.09.25	00:56:41.280	1.34470				2
2025.09.25	00:56:42.207		1.34525			4
2025.09.25	00:56:42.516	1.34465	1.34526			6
2025.09.25	00:56:43.136		1.34525			4
2025.09.25	00:56:44.063		1.34526			4
2025.09.25	00:56:44.371	1.34466				2
2025.09.25	00:56:44.677	1.34476	1.34524			6
2025.09.25	00:56:44.979	1.34480	1.34538			6
2025.09.25	00:56:46.204	1.34479	1.34537			6
2025.09.25	00:56:46.512	1.34477	1.34535			6
2025.09.25	00:56:46.816	1.34476	1.34525			6
2025.09.25	00:56:48.064		1.34530			4
2025.09.25	00:56:48.373		1.34524			4
2025.09.25	00:56:49.296		1.34534			4
2025.09.25	00:56:51.149		1.34529			4
2025.09.25	00:56:51.461		1.34534			4
2025.09.25	00:56:53.623		1.34524			4
2025.09.25	00:56:57.640		1.34534			4
2025.09.25	00:56:58.257		1.34525			4
2025.09.25	00:56:59.180	1.34482	1.34540			6
2025.09.25	00:57:00.115	1.34482				2
2025.09.25	00:57:02.583	1.34480	1.34538			6
2025.09.25	00:57:03.205	1.34477	1.34535			6
2025.09.25	00:57:03.509	1.34476	1.34533			6
2025.09.25	00:57:04.434		1.34532			4
2025.09.25	00:57:06.598		1.34529			4
2025.09.25	00:57:06.902		1.34525			4
2025.09.25	00:57:07.212		1.34529			4
2025.09.25	00:57:11.228		1.34531			4
2025.09.25	00:57:11.535		1.34526			4
2025.09.25	00:57:11.847		1.34532			4
2025.09.25	00:57:12.156		1.34529			4
2025.09.25	00:57:12.463		1.34531			4
2025.09.25	00:57:13.704		1.34529			4
2025.09.25	00:57:16.486		1.34530			4
2025.09.25	00:57:17.101		1.34528			4
2025.09.25	00:57:17.720		1.34529			4
2025.09.25	00:57:18.953		1.34527			4
2025.09.25	00:57:20.494		1.34523			4
2025.09.25	00:57:21.114		1.34526			4
2025.09.25	00:57:22.347		1.34528			4
2025.09.25	00:57:25.457		1.34529			4
2025.09.25	00:57:26.694		1.34530			4
2025.09.25	00:57:27.311	1.34486	1.34537			6
2025.09.25	00:57:27.618		1.34536			4
2025.09.25	00:57:29.471		1.34537			4
2025.09.25	00:57:32.564		1.34535			4
2025.09.25	00:57:33.487		1.34539			4
2025.09.25	00:57:34.105		1.34530			4
2025.09.25	00:57:34.419		1.34534			4
2025.09.25	00:57:35.651		1.34528			4
2025.09.25	00:57:36.269		1.34532			4
2025.09.25	00:57:41.835		1.34531			4
2025.09.25	00:57:42.444		1.34532			4
2025.09.25	00:57:42.760		1.34533			4
2025.09.25	00:57:43.067		1.34528			4
2025.09.25	00:57:43.374		1.34532			4
2025.09.25	00:57:44.609		1.34535			4
2025.09.25	00:57:44.917		1.34534			4
2025.09.25	00:57:45.225		1.34529			4
2025.09.25	00:57:45.536		1.34533			4
2025.09.25	00:57:50.175		1.34534			4
2025.09.25	00:57:50.485		1.34535			4
2025.09.25	00:57:51.100		1.34536			4
2025.09.25	00:57:52.650		1.34535			4
2025.09.25	00:57:53.271		1.34542			4
2025.09.25	00:57:55.116		1.34540			4
2025.09.25	00:57:56.661		1.34528			4
2025.09.25	00:57:56.969		1.34530			4
2025.09.25	00:57:57.277	1.34478	1.34531			6
2025.09.25	00:57:57.591		1.34529			4
2025.09.25	00:57:57.904		1.34527			4
2025.09.25	00:57:58.532		1.34526			4
2025.09.25	00:57:59.143		1.34527			4
2025.09.25	00:58:00.071	1.34476	1.34529			6
2025.09.25	00:58:00.385		1.34527			4
2025.09.25	00:58:01.311		1.34524			4
2025.09.25	00:58:01.931	1.34470				2
2025.09.25	00:58:02.237		1.34525			4
2025.09.25	00:58:02.550		1.34523			4
2025.09.25	00:58:03.478	1.34448	1.34530			6
2025.09.25	00:58:04.406		1.34528			4
2025.09.25	00:58:05.652		1.34530			4
2025.09.25	00:58:05.964	1.34446				2
2025.09.25	00:58:06.581	1.34443				2
2025.09.25	00:58:06.891		1.34529			4
2025.09.25	00:58:09.053	1.34444				2
2025.09.25	00:58:09.978	1.34446				2
2025.09.25	00:58:10.279	1.34445				2
2025.09.25	00:58:10.597	1.34450				2
2025.09.25	00:58:10.906	1.34451				2
2025.09.25	00:58:11.217	1.34442	1.34515			6
2025.09.25	00:58:13.388	1.34445	1.34502			6
2025.09.25	00:58:13.696	1.34447	1.34501			6
2025.09.25	00:58:14.003	1.34448				2
2025.09.25	00:58:15.863	1.34447				2
2025.09.25	00:58:16.488	1.34448				2
2025.09.25	00:58:17.108	1.34447				2
2025.09.25	00:58:18.650		1.34502			4
2025.09.25	00:58:18.960	1.34448				2
2025.09.25	00:58:19.578	1.34450				2
2025.09.25	00:58:19.888	1.34451				2
2025.09.25	00:58:20.815	1.34453				2
2025.09.25	00:58:22.360	1.34451				2
2025.09.25	00:58:22.976	1.34453				2
2025.09.25	00:58:24.826	1.34452				2
2025.09.25	00:58:33.167	1.34455				2
2025.09.25	00:58:33.479	1.34452				2
2025.09.25	00:58:33.780	1.34454				2
2025.09.25	00:58:34.096		1.34503			4
2025.09.25	00:58:34.707	1.34452				2
2025.09.25	00:58:39.956	1.34456				2
2025.09.25	00:58:40.575	1.34453				2
2025.09.25	00:58:41.193	1.34458				2
2025.09.25	00:58:43.353	1.34457				2
2025.09.25	00:58:45.207		1.34502			4
2025.09.25	00:58:47.369	1.34455				2
2025.09.25	00:58:47.682	1.34454	1.34503			6
2025.09.25	00:58:48.609	1.34451				2
2025.09.25	00:58:48.916	1.34454				2
2025.09.25	00:58:49.843	1.34451				2
2025.09.25	00:58:51.382	1.34447	1.34504			6
2025.09.25	00:58:51.692	1.34450				2
2025.09.25	00:58:51.998	1.34451				2
2025.09.25	00:58:52.305	1.34450				2
2025.09.25	00:58:52.611	1.34451				2
2025.09.25	00:58:54.155		1.34503			4
2025.09.25	00:58:54.460		1.34504			4
2025.09.25	00:58:57.546	1.34447				2
2025.09.25	00:58:57.857	1.34449				2
2025.09.25	00:58:58.472	1.34450	1.34503			6
2025.09.25	00:58:59.403		1.34501			4
2025.09.25	00:58:59.712	1.34449				2
2025.09.25	00:59:00.021	1.34449				2
2025.09.25	00:59:00.330	1.34451				2
2025.09.25	00:59:00.946	1.34450				2
2025.09.25	00:59:01.563	1.34451				2
2025.09.25	00:59:02.494	1.34454				2
2025.09.25	00:59:05.886	1.34452				2
2025.09.25	00:59:06.503	1.34455				2
2025.09.25	00:59:06.813	1.34453	1.34502			6
2025.09.25	00:59:07.119	1.34452				2
2025.09.25	00:59:07.428	1.34451	1.34503			6
2025.09.25	00:59:07.744	1.34453				2
2025.09.25	00:59:08.357		1.34502			4
2025.09.25	00:59:08.663	1.34452				2
2025.09.25	00:59:09.588	1.34454				2
2025.09.25	00:59:09.896	1.34452				2
2025.09.25	00:59:10.205	1.34453				2
2025.09.25	00:59:11.436	1.34456				2
2025.09.25	00:59:16.676	1.34455				2
2025.09.25	00:59:16.992	1.34456				2
2025.09.25	00:59:20.079	1.34453				2
2025.09.25	00:59:20.390	1.34457				2
2025.09.25	00:59:21.313	1.34456				2
2025.09.25	00:59:22.554	1.34455				2
2025.09.25	00:59:23.176	1.34453				2
2025.09.25	00:59:23.490	1.34457				2
2025.09.25	00:59:26.273	1.34449	1.34499			6
2025.09.25	00:59:26.578		1.34501			4
2025.09.25	00:59:26.888	1.34456				2
2025.09.25	00:59:27.196	1.34451				2
2025.09.25	00:59:27.505	1.34454				2
2025.09.25	00:59:27.814	1.34455				2
2025.09.25	00:59:28.125	1.34452				2
2025.09.25	00:59:28.434	1.34455				2
2025.09.25	00:59:28.743	1.34453	1.34502			6
2025.09.25	00:59:29.045	1.34457				2
2025.09.25	00:59:29.978	1.34456				2
2025.09.25	00:59:33.371		1.34501			4
2025.09.25	00:59:33.682	1.34453				2
2025.09.25	00:59:33.987	1.34454				2
2025.09.25	00:59:35.230	1.34452				2
2025.09.25	00:59:35.535	1.34455				2
2025.09.25	00:59:36.154	1.34451				2
2025.09.25	00:59:36.463	1.34455				2
2025.09.25	00:59:36.773	1.34453				2
2025.09.25	00:59:37.391	1.34454	1.34500			6
2025.09.25	00:59:37.704	1.34457				2
2025.09.25	00:59:40.170	1.34451				2
2025.09.25	00:59:41.097	1.34454				2
2025.09.25	00:59:41.406	1.34451				2
2025.09.25	00:59:42.334	1.34454				2
2025.09.25	00:59:42.643	1.34453				2
2025.09.25	00:59:42.949	1.34451				2
2025.09.25	00:59:44.185	1.34452				2
2025.09.25	00:59:44.494	1.34451				2
2025.09.25	00:59:50.362		1.34499			4
2025.09.25	00:59:53.141	1.34453				2
2025.09.25	00:59:53.762	1.34451				2
2025.09.25	00:59:54.073	1.34452				2
2025.09.25	00:59:55.302	1.34451				2
2025.09.25	00:59:57.769	1.34453				2
2025.09.25	00:59:58.386	1.34451				2
2025.09.25	01:00:00.238	1.34443	1.34496			6
2025.09.25	01:00:00.561		1.34500			4
2025.09.25	01:00:00.912	1.34444	1.34496			6
2025.09.25	01:00:01.225	1.34450				2
2025.09.25	01:00:01.532	1.34448	1.34494			6
2025.09.25	01:00:01.837	1.34447	1.34497			6
2025.09.25	01:00:02.147	1.34450	1.34494			6
2025.09.25	01:00:02.456	1.34452	1.34493			6
2025.09.25	01:00:02.762	1.34467	1.34483			6
2025.09.25	01:00:03.377	1.34456	1.34497			6
2025.09.25	01:00:03.993	1.34463	1.34479			6
2025.09.25	01:00:04.302	1.34468	1.34475			6
2025.09.25	01:00:04.607	1.34471	1.34478			6
2025.09.25	01:00:04.916	1.34474	1.34481			6
2025.09.25	01:00:05.220	1.34471	1.34479			6
2025.09.25	01:00:05.528	1.34474	1.34482			6
2025.09.25	01:00:05.835	1.34475	1.34483			6
2025.09.25	01:00:06.140	1.34478	1.34486			6
2025.09.25	01:00:06.448	1.34461	1.34469			6
2025.09.25	01:00:06.758	1.34460	1.34468			6
2025.09.25	01:00:07.060	1.34459	1.34467			6
2025.09.25	01:00:08.272	1.34460	1.34468			6
2025.09.25	01:00:09.191	1.34461	1.34469			6
2025.09.25	01:00:09.811	1.34460	1.34468			6
2025.09.25	01:00:10.116		1.34467			4
2025.09.25	01:00:10.728	1.34459	1.34466			6
2025.09.25	01:00:11.349	1.34460	1.34467			6
2025.09.25	01:00:14.106	1.34459	1.34466			6
2025.09.25	01:00:14.411	1.34460	1.34467			6
2025.09.25	01:00:14.716	1.34459	1.34466			6
2025.09.25	01:00:15.939	1.34474	1.34481			6
2025.09.25	01:00:16.247	1.34450	1.34471			6
2025.09.25	01:00:16.562	1.34449				2
2025.09.25	01:00:16.869		1.34492			4
2025.09.25	01:00:17.175	1.34447	1.34476			6
2025.09.25	01:00:18.113	1.34446	1.34481			6
2025.09.25	01:00:18.729	1.34448				2
2025.09.25	01:00:19.340	1.34447				2
2025.09.25	01:00:19.654	1.34448				2
2025.09.25	01:00:19.963	1.34447				2
2025.09.25	01:00:20.266	1.34448	1.34491			6
2025.09.25	01:00:20.884	1.34449				2
2025.09.25	01:00:21.189	1.34451				2
2025.09.25	01:00:22.433	1.34450				2
2025.09.25	01:00:23.053	1.34451				2
2025.09.25	01:00:23.354	1.34450				2
2025.09.25	01:00:23.977	1.34457	1.34489			6
2025.09.25	01:00:24.295	1.34474	1.34481			6
2025.09.25	01:00:24.905	1.34471	1.34478			6
2025.09.25	01:00:25.211	1.34470	1.34477			6
2025.09.25	01:00:26.122	1.34471	1.34478			6
2025.09.25	01:00:26.428	1.34470	1.34477			6
2025.09.25	01:00:29.494	1.34469	1.34476			6
2025.09.25	01:00:29.799	1.34470	1.34477			6
2025.09.25	01:00:31.018	1.34472	1.34479			6
2025.09.25	01:00:31.625	1.34471	1.34478			6
2025.09.25	01:00:31.928	1.34472	1.34479			6
2025.09.25	01:00:34.990	1.34471	1.34478			6
2025.09.25	01:00:37.128	1.34474	1.34481			6
2025.09.25	01:00:40.189	1.34475	1.34478			6
2025.09.25	01:00:41.711	1.34476	1.34479			6
2025.09.25	01:00:42.332	1.34477	1.34480			6
2025.09.25	01:00:42.638	1.34478	1.34481			6
2025.09.25	01:00:42.949	1.34479	1.34482			6
2025.09.25	01:00:43.563	1.34478	1.34481			6
2025.09.25	01:00:44.781	1.34476	1.34479			6
2025.09.25	01:00:45.083	1.34477	1.34480			6
2025.09.25	01:00:45.389	1.34478	1.34481			6
2025.09.25	01:00:46.311	1.34477	1.34480			6
2025.09.25	01:00:46.615	1.34476	1.34479			6
2025.09.25	01:00:46.919	1.34477	1.34480			6
2025.09.25	01:00:48.152	1.34475	1.34478			6
2025.09.25	01:00:49.983	1.34474	1.34477			6
2025.09.25	01:00:52.154	1.34475	1.34478			6
2025.09.25	01:00:52.455	1.34468	1.34471			6
2025.09.25	01:00:54.600	1.34467	1.34470			6
2025.09.25	01:00:55.517	1.34469	1.34472			6
2025.09.25	01:00:56.746	1.34470	1.34473			6
2025.09.25	01:00:59.182	1.34471	1.34474			6
2025.09.25	01:00:59.484	1.34472	1.34475			6
2025.09.25	01:00:59.786	1.34471	1.34474			6
2025.09.25	01:01:00.086	1.34471				2
2025.09.25	01:01:00.393	1.34475	1.34478			6
2025.09.25	01:01:00.699	1.34476	1.34479			6
2025.09.25	01:01:01.007	1.34477	1.34480			6
2025.09.25	01:01:01.313	1.34476	1.34479			6
2025.09.25	01:01:01.622	1.34477	1.34480			6
2025.09.25	01:01:02.561	1.34474	1.34477			6
2025.09.25	01:01:02.865	1.34473	1.34476			6
2025.09.25	01:01:03.477	1.34472	1.34475			6
2025.09.25	01:01:05.011	1.34471	1.34474			6
2025.09.25	01:01:05.317	1.34473	1.34476			6
2025.09.25	01:01:05.625	1.34472	1.34475			6
2025.09.25	01:01:05.932	1.34471	1.34474			6
2025.09.25	01:01:06.242	1.34473	1.34476			6
2025.09.25	01:01:09.302	1.34470	1.34473			6
2025.09.25	01:01:09.612	1.34469	1.34472			6
2025.09.25	01:01:10.221	1.34468	1.34471			6
2025.09.25	01:01:10.524	1.34472	1.34475			6
2025.09.25	01:01:11.444	1.34473	1.34476			6
2025.09.25	01:01:12.053	1.34472	1.34475			6
2025.09.25	01:01:12.660	1.34473	1.34476			6
2025.09.25	01:01:12.963	1.34472	1.34475			6
2025.09.25	01:01:13.577	1.34473	1.34476			6
2025.09.25	01:01:15.110	1.34474	1.34477			6
2025.09.25	01:01:15.412	1.34473	1.34476			6
2025.09.25	01:01:15.719	1.34474	1.34477			6
2025.09.25	01:01:16.028	1.34472	1.34475			6
2025.09.25	01:01:16.337	1.34473	1.34476			6
2025.09.25	01:01:16.639	1.34477	1.34480			6
2025.09.25	01:01:17.546	1.34478	1.34481			6
2025.09.25	01:01:17.862	1.34477	1.34480			6
2025.09.25	01:01:18.164	1.34478	1.34481			6
2025.09.25	01:01:18.469	1.34477	1.34480			6
2025.09.25	01:01:23.056	1.34478	1.34481			6
2025.09.25	01:01:23.370	1.34477	1.34480			6
2025.09.25	01:01:24.592	1.34478	1.34481			6
2025.09.25	01:01:25.214	1.34477	1.34480			6
2025.09.25	01:01:26.132	1.34478	1.34481			6
2025.09.25	01:01:27.356	1.34477	1.34480			6
2025.09.25	01:01:28.277	1.34479	1.34482			6
2025.09.25	01:01:28.587	1.34478	1.34481			6
2025.09.25	01:01:29.193	1.34477	1.34480			6
2025.09.25	01:01:29.501	1.34478	1.34481			6
2025.09.25	01:01:29.813	1.34477	1.34480			6
2025.09.25	01:01:30.120	1.34478	1.34481			6
2025.09.25	01:01:31.957	1.34477	1.34480			6
2025.09.25	01:01:32.264	1.34478	1.34481			6
2025.09.25	01:01:32.574	1.34477	1.34480			6
2025.09.25	01:01:33.194	1.34478	1.34481			6
2025.09.25	01:01:34.113	1.34477	1.34480			6
2025.09.25	01:01:34.730	1.34478	1.34481			6
2025.09.25	01:01:35.031	1.34477	1.34480			6
2025.09.25	01:01:35.338	1.34478	1.34481			6
2025.09.25	01:01:35.649	1.34479	1.34482			6
2025.09.25	01:01:36.260	1.34478	1.34481			6
2025.09.25	01:01:36.569	1.34477	1.34480			6
2025.09.25	01:01:37.187	1.34478	1.34481			6
2025.09.25	01:01:39.966	1.34476	1.34479			6
2025.09.25	01:01:40.875	1.34479	1.34482			6
2025.09.25	01:01:41.494	1.34478	1.34479			6
2025.09.25	01:01:42.100	1.34479	1.34480			6
2025.09.25	01:01:42.403	1.34477	1.34479			6
2025.09.25	01:01:42.705	1.34479	1.34480			6
2025.09.25	01:01:43.012	1.34478	1.34479			6
2025.09.25	01:01:43.321	1.34476				2
2025.09.25	01:01:43.923	1.34478				2
2025.09.25	01:01:44.533	1.34477				2
2025.09.25	01:01:44.836	1.34478				2
2025.09.25	01:01:45.137	1.34477				2
2025.09.25	01:01:45.440	1.34478				2
2025.09.25	01:01:46.359	1.34477				2
2025.09.25	01:01:46.973	1.34478				2
2025.09.25	01:01:47.279	1.34477				2
2025.09.25	01:01:48.206	1.34476				2
2025.09.25	01:01:48.821	1.34475	1.34478			6
2025.09.25	01:01:49.731	1.34477	1.34479			6
2025.09.25	01:01:51.260	1.34478				2
2025.09.25	01:01:51.569	1.34477				2
2025.09.25	01:01:51.879	1.34476				2
2025.09.25	01:01:52.182	1.34477				2
2025.09.25	01:01:52.492		1.34480			4
2025.09.25	01:01:53.414	1.34480	1.34483			6
2025.09.25	01:01:53.717	1.34478	1.34481			6
2025.09.25	01:01:54.328	1.34480	1.34483			6
2025.09.25	01:01:55.865	1.34481	1.34484			6
2025.09.25	01:01:56.479	1.34480	1.34483			6
2025.09.25	01:01:57.102	1.34481	1.34484			6
2025.09.25	01:01:57.723	1.34479	1.34482			6
2025.09.25	01:01:58.031	1.34480	1.34483			6
2025.09.25	01:01:58.946	1.34481	1.34484			6
2025.09.25	01:01:59.247	1.34482	1.34485			6
2025.09.25	01:01:59.556	1.34481	1.34484			6
2025.09.25	01:01:59.865	1.34482	1.34485			6
2025.09.25	01:02:00.166	1.34481	1.34484			6
2025.09.25	01:02:00.472	1.34480	1.34483			6
2025.09.25	01:02:00.778	1.34479	1.34482			6
2025.09.25	01:02:01.083		1.34483			4
2025.09.25	01:02:01.697	1.34480	1.34484			6
2025.09.25	01:02:02.311	1.34479	1.34482			6
2025.09.25	01:02:03.225	1.34481	1.34484			6
2025.09.25	01:02:03.531	1.34482	1.34485			6
2025.09.25	01:02:04.152	1.34481				2
2025.09.25	01:02:04.462	1.34482	1.34486			6
2025.09.25	01:02:04.766	1.34481	1.34485			6
2025.09.25	01:02:05.376		1.34484			4
2025.09.25	01:02:06.293	1.34479	1.34482			6
2025.09.25	01:02:06.596	1.34478	1.34481			6
2025.09.25	01:02:07.208	1.34477				2
2025.09.25	01:02:07.513	1.34476	1.34480			6
2025.09.25	01:02:07.819	1.34479	1.34483			6
2025.09.25	01:02:08.123	1.34478	1.34482			6
2025.09.25	01:02:08.425	1.34481	1.34485			6
2025.09.25	01:02:08.732	1.34480	1.34484			6
2025.09.25	01:02:09.343	1.34482	1.34486			6
2025.09.25	01:02:10.560	1.34481	1.34485			6
2025.09.25	01:02:11.178	1.34482	1.34486			6
2025.09.25	01:02:11.791	1.34481	1.34485			6
2025.09.25	01:02:12.098	1.34482				2
2025.09.25	01:02:12.402	1.34480	1.34483			6
2025.09.25	01:02:12.708	1.34481	1.34484			6
2025.09.25	01:02:13.319	1.34480	1.34483			6
2025.09.25	01:02:13.621	1.34478	1.34481			6
2025.09.25	01:02:14.237		1.34482			4
2025.09.25	01:02:14.548	1.34482	1.34486			6
2025.09.25	01:02:14.851	1.34484	1.34488			6
2025.09.25	01:02:15.153	1.34479	1.34491			6
2025.09.25	01:02:15.459	1.34478	1.34490			6
2025.09.25	01:02:17.317	1.34480	1.34491			6
2025.09.25	01:02:18.244		1.34490			4
2025.09.25	01:02:18.858	1.34478	1.34488			6
2025.09.25	01:02:20.099	1.34479				2
2025.09.25	01:02:21.334	1.34480	1.34487			6
2025.09.25	01:02:22.251	1.34481				2
2025.09.25	01:02:22.553	1.34482	1.34488			6
2025.09.25	01:02:22.859	1.34481	1.34487			6
2025.09.25	01:02:23.165	1.34483	1.34488			6
2025.09.25	01:02:23.467	1.34482	1.34487			6
2025.09.25	01:02:23.776	1.34483	1.34488			6
2025.09.25	01:02:24.081	1.34482	1.34486			6
2025.09.25	01:02:24.694	1.34480	1.34484			6
2025.09.25	01:02:25.002	1.34481	1.34485			6
2025.09.25	01:02:25.308	1.34482	1.34487			6
2025.09.25	01:02:25.610	1.34481	1.34486			6
2025.09.25	01:02:25.916	1.34483	1.34488			6
2025.09.25	01:02:26.218	1.34481	1.34486			6
2025.09.25	01:02:26.521	1.34480	1.34485			6
2025.09.25	01:02:26.823	1.34479	1.34484			6
2025.09.25	01:02:27.126	1.34478	1.34486			6
2025.09.25	01:02:28.049	1.34477	1.34485			6
2025.09.25	01:02:28.365	1.34479	1.34486			6
2025.09.25	01:02:28.974	1.34480	1.34487			6
2025.09.25	01:02:29.281	1.34479	1.34485			6
2025.09.25	01:02:29.586	1.34481	1.34487			6
2025.09.25	01:02:30.195		1.34485			4
2025.09.25	01:02:30.503	1.34483	1.34487			6
2025.09.25	01:02:30.804	1.34481	1.34485			6
2025.09.25	01:02:31.725	1.34480	1.34484			6
2025.09.25	01:02:32.338	1.34481				2
2025.09.25	01:02:32.642	1.34480	1.34483			6
2025.09.25	01:02:32.952	1.34481	1.34484			6
2025.09.25	01:02:33.253	1.34480	1.34483			6
2025.09.25	01:02:34.476	1.34484	1.34487			6
2025.09.25	01:02:35.090	1.34482	1.34485			6
2025.09.25	01:02:36.020	1.34480	1.34483			6
2025.09.25	01:02:36.322	1.34482	1.34485			6
2025.09.25	01:02:36.627	1.34481	1.34484			6
2025.09.25	01:02:36.929	1.34482	1.34485			6
2025.09.25	01:02:37.232	1.34481	1.34484			6
2025.09.25	01:02:37.544	1.34483	1.34486			6
2025.09.25	01:02:37.852	1.34481	1.34484			6
2025.09.25	01:02:38.157	1.34482	1.34485			6
2025.09.25	01:02:38.467	1.34483	1.34486			6
2025.09.25	01:02:38.768	1.34482	1.34485			6
2025.09.25	01:02:39.078	1.34481	1.34484			6
2025.09.25	01:02:39.684	1.34482	1.34485			6
2025.09.25	01:02:39.986	1.34483	1.34486			6
2025.09.25	01:02:40.911	1.34482	1.34485			6
2025.09.25	01:02:42.135	1.34483	1.34486			6
2025.09.25	01:02:42.440	1.34482	1.34485			6
2025.09.25	01:02:44.284	1.34481	1.34484			6
2025.09.25	01:02:44.894	1.34483	1.34486			6
2025.09.25	01:02:45.203	1.34482	1.34485			6
2025.09.25	01:02:46.131	1.34483	1.34486			6
2025.09.25	01:02:47.357	1.34482	1.34485			6
2025.09.25	01:02:47.665	1.34483	1.34486			6
2025.09.25	01:02:48.582	1.34482	1.34485			6
2025.09.25	01:02:48.887	1.34481	1.34484			6
2025.09.25	01:02:50.103	1.34479	1.34482			6
2025.09.25	01:02:50.405	1.34480	1.34483			6
2025.09.25	01:02:50.709	1.34483	1.34486			6
2025.09.25	01:02:51.323	1.34482	1.34487			6
2025.09.25	01:02:51.939	1.34481	1.34486			6
2025.09.25	01:02:52.246	1.34483	1.34487			6
2025.09.25	01:02:52.550	1.34482	1.34486			6
2025.09.25	01:02:53.166	1.34483				2
2025.09.25	01:02:53.475	1.34482	1.34485			6
2025.09.25	01:02:53.778	1.34483	1.34486			6
2025.09.25	01:02:54.079	1.34481	1.34484			6
2025.09.25	01:02:54.996	1.34480	1.34483			6
2025.09.25	01:02:56.226	1.34483	1.34486			6
2025.09.25	01:02:56.531	1.34484	1.34487			6
2025.09.25	01:02:57.145	1.34481				2
2025.09.25	01:02:57.447		1.34485			4
2025.09.25	01:02:58.058	1.34482				2
2025.09.25	01:02:58.359	1.34481				2
2025.09.25	01:02:58.972		1.34486			4
2025.09.25	01:02:59.273	1.34482				2
2025.09.25	01:03:00.202	1.34482	1.34487			6
2025.09.25	01:03:01.118	1.34484				2
2025.09.25	01:03:03.583	1.34485	1.34488			6
2025.09.25	01:03:03.886	1.34484	1.34487			6
2025.09.25	01:03:04.500	1.34482	1.34485			6
2025.09.25	01:03:05.421	1.34484	1.34487			6
2025.09.25	01:03:06.335	1.34483				2
2025.09.25	01:03:06.641	1.34482	1.34486			6
2025.09.25	01:03:06.942	1.34483	1.34487			6
2025.09.25	01:03:07.250	1.34484				2
2025.09.25	01:03:09.104	1.34485				2
2025.09.25	01:03:09.408	1.34484	1.34486			6
2025.09.25	01:03:10.324		1.34485			4
2025.09.25	01:03:11.239		1.34486			4
2025.09.25	01:03:13.085	1.34485				2
2025.09.25	01:03:14.001	1.34484				2
2025.09.25	01:03:15.841	1.34483				2
2025.09.25	01:03:16.143	1.34481	1.34484			6
2025.09.25	01:03:17.373	1.34484	1.34487			6
2025.09.25	01:03:18.289		1.34488			4
2025.09.25	01:03:19.210	1.34485				2
2025.09.25	01:03:19.829		1.34487			4
2025.09.25	01:03:20.743	1.34484				2
2025.09.25	01:03:21.045	1.34485				2
2025.09.25	01:03:22.272	1.34484				2
2025.09.25	01:03:22.583	1.34485				2
2025.09.25	01:03:25.043	1.34484				2
2025.09.25	01:03:25.349	1.34485				2
2025.09.25	01:03:26.259	1.34486				2
2025.09.25	01:03:29.018	1.34485				2
2025.09.25	01:03:30.551	1.34486				2
2025.09.25	01:03:32.070	1.34485				2
2025.09.25	01:03:32.997		1.34488			4
2025.09.25	01:03:34.227		1.34486			4
2025.09.25	01:03:34.531		1.34487			4
2025.09.25	01:03:35.148	1.34486				2
2025.09.25	01:03:37.908	1.34484				2
2025.09.25	01:03:38.840	1.34486	1.34488			6
2025.09.25	01:03:39.758		1.34487			4
2025.09.25	01:03:40.065	1.34485				2
2025.09.25	01:03:41.288		1.34486			4
2025.09.25	01:03:55.057	1.34486	1.34487			6
2025.09.25	01:03:59.967	1.34485				2
2025.09.25	01:04:00.283	1.34485				2
2025.09.25	01:04:03.359		1.34488			4
2025.09.25	01:04:03.671	1.34484	1.34487			6
2025.09.25	01:04:04.588	1.34485	1.34488			6
2025.09.25	01:04:06.430	1.34484	1.34487			6
2025.09.25	01:04:07.044	1.34483	1.34486			6
2025.09.25	01:04:07.354	1.34484	1.34487			6
2025.09.25	01:04:08.268	1.34482	1.34485			6
2025.09.25	01:04:08.574	1.34483	1.34486			6
2025.09.25	01:04:10.391	1.34484	1.34487			6
2025.09.25	01:04:12.213	1.34485	1.34488			6
2025.09.25	01:04:12.520	1.34483	1.34486			6
2025.09.25	01:04:12.825	1.34485	1.34488			6
2025.09.25	01:04:14.043	1.34484	1.34487			6
2025.09.25	01:04:15.584	1.34485	1.34488			6
2025.09.25	01:04:15.892	1.34483	1.34486			6
2025.09.25	01:04:17.720	1.34484	1.34487			6
2025.09.25	01:04:18.330	1.34485	1.34488			6
2025.09.25	01:04:18.946	1.34484	1.34487			6
2025.09.25	01:04:20.160	1.34483	1.34486			6
2025.09.25	01:04:21.696	1.34484	1.34487			6
2025.09.25	01:04:22.613	1.34485	1.34488			6
2025.09.25	01:04:24.757	1.34484	1.34487			6
2025.09.25	01:04:26.894	1.34483	1.34486			6
2025.09.25	01:04:28.742	1.34485	1.34488			6
2025.09.25	01:04:29.355	1.34484	1.34487			6
2025.09.25	01:04:29.659	1.34485	1.34488			6
2025.09.25	01:04:30.274	1.34484	1.34487			6
2025.09.25	01:04:44.375	1.34483	1.34486			6
2025.09.25	01:04:45.319	1.34484	1.34487			6
2025.09.25	01:04:49.025	1.34482	1.34485			6
2025.09.25	01:04:49.638	1.34480	1.34483			6
2025.09.25	01:04:50.267	1.34481	1.34484			6
2025.09.25	01:04:51.202	1.34480				2
2025.09.25	01:04:51.821	1.34479	1.34483			6
2025.09.25	01:04:52.131	1.34480				2
2025.09.25	01:04:53.059	1.34479	1.34482			6
2025.09.25	01:04:53.368	1.34480	1.34483			6
2025.09.25	01:04:55.220	1.34479				2
2025.09.25	01:04:56.143	1.34478	1.34482			6
2025.09.25	01:04:56.455	1.34477	1.34481			6
2025.09.25	01:04:57.376	1.34478	1.34482			6
2025.09.25	01:04:58.299	1.34479	1.34483			6
2025.09.25	01:04:58.605	1.34478	1.34482			6
2025.09.25	01:05:00.157	1.34479				2
2025.09.25	01:05:00.772		1.34480			4
2025.09.25	01:05:01.080		1.34482			4
2025.09.25	01:05:01.394	1.34480	1.34483			6
2025.09.25	01:05:02.323	1.34479	1.34482			6
2025.09.25	01:05:04.174	1.34478	1.34481			6
2025.09.25	01:05:05.096		1.34482			4
2025.09.25	01:05:05.710	1.34477	1.34481			6
2025.09.25	01:05:06.953	1.34476	1.34480			6
2025.09.25	01:05:07.259	1.34477				2
2025.09.25	01:05:07.574	1.34480	1.34483			6
2025.09.25	01:05:08.189		1.34485			4
2025.09.25	01:05:08.500	1.34479	1.34484			6
2025.09.25	01:05:09.112	1.34475	1.34487			6
2025.09.25	01:05:10.662	1.34476	1.34488			6
2025.09.25	01:05:10.969	1.34475	1.34487			6
2025.09.25	01:05:11.578		1.34486			4
2025.09.25	01:05:11.886		1.34485			4
2025.09.25	01:05:12.513	1.34476				2
2025.09.25	01:05:12.821	1.34475				2
2025.09.25	01:05:13.744		1.34486			4
2025.09.25	01:05:14.052		1.34487			4
2025.09.25	01:05:15.287	1.34476	1.34484			6
2025.09.25	01:05:15.598	1.34474	1.34483			6
2025.09.25	01:05:16.528	1.34473				2
2025.09.25	01:05:17.142	1.34474	1.34482			6
2025.09.25	01:05:17.451	1.34473	1.34481			6
2025.09.25	01:05:17.760		1.34482			4
2025.09.25	01:05:18.069	1.34472				2
2025.09.25	01:05:18.375	1.34474				2
2025.09.25	01:05:18.688	1.34473	1.34481			6
2025.09.25	01:05:19.303	1.34474				2
2025.09.25	01:05:20.231		1.34480			4
2025.09.25	01:05:20.846	1.34477	1.34483			6
2025.09.25	01:05:21.151	1.34480	1.34485			6
2025.09.25	01:05:21.468	1.34481	1.34486			6
2025.09.25	01:05:22.392	1.34477	1.34488			6
2025.09.25	01:05:23.634		1.34489			4
2025.09.25	01:05:26.107	1.34478				2
2025.09.25	01:05:27.340	1.34479	1.34488			6
2025.09.25	01:05:28.263		1.34487			4
2025.09.25	01:05:29.187		1.34485			4
2025.09.25	01:05:29.503		1.34484			4
2025.09.25	01:05:29.806	1.34480				2
2025.09.25	01:05:30.122	1.34479				2
2025.09.25	01:05:31.036	1.34478	1.34483			6
2025.09.25	01:05:31.353	1.34479				2
2025.09.25	01:05:33.793	1.34480				2
2025.09.25	01:05:34.100	1.34481				2
2025.09.25	01:05:34.704	1.34480				2
2025.09.25	01:05:35.924	1.34479	1.34482			6
2025.09.25	01:05:37.454	1.34478	1.34481			6
2025.09.25	01:05:38.366	1.34479	1.34482			6
2025.09.25	01:05:38.993	1.34478	1.34481			6
2025.09.25	01:05:42.070	1.34477	1.34480			6
2025.09.25	01:05:42.373	1.34480	1.34483			6
2025.09.25	01:05:43.293	1.34481	1.34484			6
2025.09.25	01:05:45.131	1.34480	1.34483			6
2025.09.25	01:05:48.489	1.34479	1.34482			6
2025.09.25	01:05:48.793	1.34478	1.34481			6
2025.09.25	01:05:49.101	1.34479	1.34482			6
2025.09.25	01:05:49.716	1.34478	1.34481			6
2025.09.25	01:05:50.331	1.34480	1.34483			6
2025.09.25	01:05:51.249	1.34479	1.34482			6
2025.09.25	01:05:53.704	1.34481	1.34484			6
2025.09.25	01:05:54.006	1.34480	1.34483			6
2025.09.25	01:05:55.236	1.34479	1.34482			6
2025.09.25	01:05:56.154	1.34480	1.34483			6
2025.09.25	01:05:57.376	1.34481	1.34484			6
2025.09.25	01:05:57.683	1.34479	1.34482			6
2025.09.25	01:05:59.221	1.34478	1.34481			6
2025.09.25	01:06:00.141	1.34478				2
2025.09.25	01:06:00.452	1.34477	1.34480			6
2025.09.25	01:06:01.064	1.34479	1.34482			6
2025.09.25	01:06:01.367	1.34480	1.34483			6
2025.09.25	01:06:01.679	1.34481	1.34484			6
2025.09.25	01:06:02.285	1.34476	1.34488			6
2025.09.25	01:06:03.211		1.34487			4
2025.09.25	01:06:03.516	1.34475	1.34486			6
2025.09.25	01:06:04.136		1.34487			4
2025.09.25	01:06:04.749	1.34474	1.34486			6
2025.09.25	01:06:05.366	1.34476	1.34487			6
2025.09.25	01:06:06.288		1.34486			4
2025.09.25	01:06:07.219	1.34477	1.34485			6
2025.09.25	01:06:08.151	1.34479	1.34484			6
2025.09.25	01:06:09.379		1.34483			4
2025.09.25	01:06:10.312	1.34480				2
2025.09.25	01:06:12.461	1.34479	1.34482			6
2025.09.25	01:06:13.391	1.34481	1.34484			6
2025.09.25	01:06:19.526		1.34483			4
2025.09.25	01:06:19.834	1.34479	1.34482			6
2025.09.25	01:06:20.751	1.34478	1.34481			6
2025.09.25	01:06:21.979	1.34479	1.34482			6
2025.09.25	01:06:22.590	1.34478	1.34481			6
2025.09.25	01:06:24.723	1.34477	1.34480			6
2025.09.25	01:06:27.168	1.34478	1.34481			6
2025.09.25	01:06:27.469	1.34480	1.34483			6
2025.09.25	01:06:27.773	1.34481	1.34484			6
2025.09.25	01:06:28.394	1.34475	1.34487			6
2025.09.25	01:06:28.699	1.34476	1.34488			6
2025.09.25	01:06:31.167	1.34477	1.34487			6
2025.09.25	01:06:31.473	1.34476	1.34486			6
2025.09.25	01:06:32.396	1.34474				2
2025.09.25	01:06:32.705	1.34473	1.34485			6
2025.09.25	01:06:33.319	1.34474	1.34486			6
2025.09.25	01:06:33.632	1.34473	1.34485			6
2025.09.25	01:06:34.245	1.34474				2
2025.09.25	01:06:35.166		1.34484			4
2025.09.25	01:06:35.482	1.34473	1.34483			6
2025.09.25	01:06:35.785	1.34472	1.34482			6
2025.09.25	01:06:36.709	1.34475	1.34485			6
2025.09.25	01:06:37.020	1.34476	1.34486			6
2025.09.25	01:06:37.326	1.34480				2
2025.09.25	01:06:38.251	1.34478				2
2025.09.25	01:06:38.552		1.34489			4
2025.09.25	01:06:39.174	1.34476	1.34488			6
2025.09.25	01:06:40.103	1.34477	1.34489			6
2025.09.25	01:06:41.038	1.34475	1.34485			6
2025.09.25	01:06:42.268		1.34487			4
2025.09.25	01:06:42.876	1.34476	1.34488			6
2025.09.25	01:06:43.813	1.34474	1.34486			6
2025.09.25	01:06:44.129	1.34475				2
2025.09.25	01:06:44.439	1.34474	1.34485			6
2025.09.25	01:06:45.060	1.34475	1.34486			6
2025.09.25	01:06:45.369	1.34478	1.34489			6
2025.09.25	01:06:45.987		1.34486			4
2025.09.25	01:06:47.528	1.34476				2
2025.09.25	01:06:47.833	1.34475				2
2025.09.25	01:06:48.148	1.34477				2
2025.09.25	01:06:48.455		1.34485			4
2025.09.25	01:06:48.766		1.34487			4
2025.09.25	01:06:49.074	1.34476				2
2025.09.25	01:06:49.383	1.34477				2
2025.09.25	01:06:49.695	1.34475	1.34485			6
2025.09.25	01:06:50.307	1.34474	1.34486			6
2025.09.25	01:06:50.940	1.34475	1.34487			6
2025.09.25	01:06:51.244		1.34485			4
2025.09.25	01:06:52.169	1.34476				2
2025.09.25	01:06:53.091	1.34477	1.34484			6
2025.09.25	01:06:54.337	1.34478	1.34483			6
2025.09.25	01:06:55.265		1.34482			4
2025.09.25	01:06:56.174	1.34477	1.34481			6
2025.09.25	01:06:56.784	1.34476	1.34480			6
2025.09.25	01:06:57.093	1.34477	1.34481			6
2025.09.25	01:06:58.310	1.34478				2
2025.09.25	01:07:00.160	1.34478				2
2025.09.25	01:07:00.460	1.34479	1.34482			6
2025.09.25	01:07:00.761	1.34478	1.34481			6
2025.09.25	01:07:01.378	1.34477	1.34480			6
2025.09.25	01:07:01.690	1.34478	1.34481			6
2025.09.25	01:07:01.994	1.34477	1.34480			6
2025.09.25	01:07:02.297	1.34479	1.34482			6
2025.09.25	01:07:03.211	1.34480	1.34483			6
2025.09.25	01:07:04.135	1.34479	1.34482			6
2025.09.25	01:07:05.363	1.34478	1.34481			6
2025.09.25	01:07:07.196	1.34479	1.34482			6
2025.09.25	01:07:09.331	1.34477	1.34480			6
2025.09.25	01:07:11.147	1.34478	1.34481			6
2025.09.25	01:07:12.981	1.34477	1.34480			6
2025.09.25	01:07:13.907	1.34478	1.34481			6
2025.09.25	01:07:14.215	1.34477	1.34480			6
2025.09.25	01:07:15.139	1.34478	1.34481			6
2025.09.25	01:07:17.291	1.34479	1.34482			6
2025.09.25	01:07:20.064	1.34477	1.34480			6
2025.09.25	01:07:21.885	1.34478	1.34481			6
2025.09.25	01:07:22.502	1.34479	1.34482			6
2025.09.25	01:07:23.104	1.34478	1.34481			6
2025.09.25	01:07:23.718	1.34479	1.34482			6
2025.09.25	01:07:29.217	1.34476	1.34479			6
2025.09.25	01:07:30.135	1.34477	1.34480			6
2025.09.25	01:07:31.354	1.34478	1.34481			6
2025.09.25	01:07:32.277	1.34477	1.34480			6
2025.09.25	01:07:32.584	1.34478	1.34481			6
2025.09.25	01:07:36.275	1.34483	1.34486			6
2025.09.25	01:07:36.580	1.34478	1.34481			6
2025.09.25	01:07:37.196	1.34477	1.34480			6
2025.09.25	01:07:38.426	1.34478	1.34481			6
2025.09.25	01:07:38.732	1.34477	1.34480			6
2025.09.25	01:07:39.043	1.34478	1.34481			6
2025.09.25	01:07:39.344	1.34477	1.34480			6
2025.09.25	01:07:41.466	1.34480	1.34483			6
2025.09.25	01:07:41.777	1.34478	1.34481			6
2025.09.25	01:07:42.078	1.34477	1.34484			6
2025.09.25	01:07:42.384	1.34476	1.34483			6
2025.09.25	01:07:42.687	1.34477	1.34484			6
2025.09.25	01:07:44.248	1.34478	1.34483			6
2025.09.25	01:07:44.860	1.34477	1.34482			6
2025.09.25	01:07:46.101	1.34476	1.34480			6
2025.09.25	01:07:47.338	1.34478	1.34481			6
2025.09.25	01:07:48.256	1.34477				2
2025.09.25	01:07:48.560	1.34476	1.34480			6
2025.09.25	01:07:48.865	1.34477	1.34481			6
2025.09.25	01:07:49.171	1.34481	1.34485			6
2025.09.25	01:07:49.803	1.34478	1.34482			6
2025.09.25	01:07:50.114	1.34479	1.34485			6
2025.09.25	01:07:50.417	1.34480	1.34486			6
2025.09.25	01:07:50.733	1.34481	1.34487			6
2025.09.25	01:07:51.039	1.34480	1.34486			6
2025.09.25	01:07:51.356	1.34479	1.34489			6
2025.09.25	01:07:51.657	1.34477				2
2025.09.25	01:07:52.596	1.34476	1.34488			6
2025.09.25	01:07:53.213	1.34477				2
2025.09.25	01:07:54.141	1.34478	1.34487			6
2025.09.25	01:07:55.378		1.34485			4
2025.09.25	01:07:56.307		1.34484			4
2025.09.25	01:07:57.231	1.34479	1.34483			6
2025.09.25	01:07:58.157	1.34480				2
2025.09.25	01:08:00.292	1.34480				2
2025.09.25	01:08:00.909	1.34481	1.34484			6
2025.09.25	01:08:01.220	1.34482	1.34485			6
2025.09.25	01:08:01.525	1.34483	1.34486			6
2025.09.25	01:08:03.980	1.34482	1.34485			6
2025.09.25	01:08:07.053	1.34481	1.34484			6
2025.09.25	01:08:07.362	1.34482	1.34485			6
2025.09.25	01:08:07.670	1.34481	1.34484			6
2025.09.25	01:08:12.891	1.34482	1.34485			6
2025.09.25	01:08:13.496	1.34481	1.34484			6
2025.09.25	01:08:19.327	1.34482	1.34485			6
2025.09.25	01:08:22.376	1.34483	1.34486			6
2025.09.25	01:08:22.989	1.34482	1.34485			6
2025.09.25	01:08:23.300	1.34483	1.34486			6
2025.09.25	01:08:27.898	1.34482	1.34485			6
2025.09.25	01:08:35.886	1.34481	1.34484			6
2025.09.25	01:08:49.696	1.34480	1.34483			6
2025.09.25	01:08:54.595	1.34481	1.34484			6
2025.09.25	01:08:54.897	1.34480	1.34483			6
2025.09.25	01:09:00.126	1.34480				2
2025.09.25	01:09:05.329	1.34481	1.34484			6
2025.09.25	01:09:16.139	1.34482	1.34485			6
2025.09.25	01:09:16.453	1.34481	1.34484			6
2025.09.25	01:09:18.307	1.34483	1.34486			6
2025.09.25	01:09:18.623	1.34482	1.34485			6
2025.09.25	01:09:18.939	1.34483	1.34486			6
2025.09.25	01:09:19.248	1.34480	1.34489			6
2025.09.25	01:09:20.174		1.34488			4
2025.09.25	01:09:21.096	1.34481				2
2025.09.25	01:09:22.337		1.34487			4
2025.09.25	01:09:23.878	1.34479	1.34485			6
2025.09.25	01:09:24.191	1.34480	1.34491			6
2025.09.25	01:09:25.108	1.34479				2
2025.09.25	01:09:27.278	1.34480				2
2025.09.25	01:09:27.582	1.34479	1.34490			6
2025.09.25	01:09:30.366		1.34489			4
2025.09.25	01:09:31.289	1.34480				2
2025.09.25	01:09:32.213	1.34481	1.34488			6
2025.09.25	01:09:33.140		1.34487			4
2025.09.25	01:09:33.752	1.34482	1.34488			6
2025.09.25	01:09:35.300	1.34483				2
2025.09.25	01:09:36.231		1.34487			4
2025.09.25	01:09:38.383	1.34484				2
2025.09.25	01:09:40.220	1.34480	1.34483			6
2025.09.25	01:09:40.523	1.34483	1.34486			6
2025.09.25	01:09:51.275	1.34482	1.34485			6
2025.09.25	01:09:51.583	1.34483	1.34486			6
2025.09.25	01:09:58.317	1.34482	1.34485			6
2025.09.25	01:10:00.164	1.34481	1.34484			6
2025.09.25	01:10:01.086	1.34482	1.34485			6
2025.09.25	01:10:02.005	1.34483	1.34486			6
2025.09.25	01:10:05.059	1.34482	1.34485			6
2025.09.25	01:10:11.775	1.34481	1.34484			6
2025.09.25	01:10:12.084	1.34479	1.34483			6
2025.09.25	01:10:12.391	1.34480	1.34484			6
2025.09.25	01:10:13.316	1.34478	1.34486			6
2025.09.25	01:10:13.621	1.34479	1.34487			6
2025.09.25	01:10:13.932	1.34478	1.34486			6
2025.09.25	01:10:14.233		1.34484			4
2025.09.25	01:10:15.156	1.34480	1.34485			6
2025.09.25	01:10:15.774	1.34481	1.34486			6
2025.09.25	01:10:16.083	1.34480	1.34485			6
2025.09.25	01:10:16.393	1.34481	1.34486			6
2025.09.25	01:10:17.306		1.34488			4
2025.09.25	01:10:17.611	1.34479	1.34486			6
2025.09.25	01:10:18.228	1.34476	1.34488			6
2025.09.25	01:10:19.156	1.34477				2
2025.09.25	01:10:20.385	1.34478				2
2025.09.25	01:10:21.310		1.34489			4
2025.09.25	01:10:22.233	1.34479	1.34488			6
2025.09.25	01:10:23.155	1.34480	1.34487			6
2025.09.25	01:10:24.390	1.34481	1.34486			6
2025.09.25	01:10:25.316		1.34485			4
2025.09.25	01:10:26.243	1.34482				2
2025.09.25	01:10:31.427	1.34481	1.34484			6
2025.09.25	01:10:32.351	1.34480	1.34485			6
2025.09.25	01:10:34.211		1.34484			4
2025.09.25	01:10:35.134	1.34481				2
2025.09.25	01:10:35.749	1.34480	1.34483			6
2025.09.25	01:10:36.364	1.34479				2
2025.09.25	01:10:37.303	1.34480				2
2025.09.25	01:10:41.606	1.34481	1.34484			6
2025.09.25	01:10:42.526		1.34483			4
2025.09.25	01:10:44.973		1.34484			4
2025.09.25	01:10:47.112		1.34483			4
2025.09.25	01:10:50.157		1.34484			4
2025.09.25	01:10:50.461		1.34483			4
2025.09.25	01:10:52.905	1.34480				2
2025.09.25	01:10:55.355	1.34479	1.34482			6
2025.09.25	01:10:56.275	1.34481	1.34484			6
2025.09.25	01:10:57.190	1.34480	1.34483			6
2025.09.25	01:10:57.498	1.34481	1.34484			6
2025.09.25	01:11:00.242	1.34481				2
2025.09.25	01:11:01.765	1.34480	1.34483			6
2025.09.25	01:11:05.149	1.34481	1.34484			6
2025.09.25	01:11:05.455	1.34480	1.34483			6
2025.09.25	01:11:06.691	1.34479	1.34482			6
2025.09.25	01:11:15.299	1.34480	1.34483			6
2025.09.25	01:11:17.133	1.34479	1.34482			6
2025.09.25	01:11:17.744	1.34480	1.34483			6
2025.09.25	01:11:19.277	1.34479	1.34482			6
2025.09.25	01:11:20.807	1.34480	1.34483			6
2025.09.25	01:11:21.119	1.34478	1.34482			6
2025.09.25	01:11:22.663	1.34479	1.34483			6
2025.09.25	01:11:23.275	1.34480				2
2025.09.25	01:11:23.590	1.34479	1.34482			6
2025.09.25	01:11:23.897	1.34478	1.34481			6
2025.09.25	01:11:25.133	1.34474	1.34485			6
2025.09.25	01:11:25.745		1.34486			4
2025.09.25	01:11:29.138	1.34475	1.34485			6
2025.09.25	01:11:31.290	1.34477	1.34484			6
2025.09.25	01:11:33.139	1.34478	1.34482			6
2025.09.25	01:11:34.369	1.34479				2
2025.09.25	01:11:39.271	1.34478	1.34481			6
2025.09.25	01:11:40.180	1.34479	1.34482			6
2025.09.25	01:11:40.481	1.34480	1.34483			6
2025.09.25	01:11:42.308	1.34478	1.34484			6
2025.09.25	01:11:43.233		1.34482			4
2025.09.25	01:11:43.540	1.34480	1.34484			6
2025.09.25	01:11:44.158		1.34485			4
2025.09.25	01:11:45.386	1.34476	1.34488			6
2025.09.25	01:11:49.380	1.34477				2
2025.09.25	01:11:50.302	1.34478	1.34487			6
2025.09.25	01:11:50.609	1.34479	1.34488			6
2025.09.25	01:11:51.231	1.34480	1.34486			6
2025.09.25	01:11:52.151	1.34479	1.34488			6
2025.09.25	01:11:53.380	1.34480	1.34486			6
2025.09.25	01:11:54.302	1.34481	1.34485			6
2025.09.25	01:11:54.611	1.34480	1.34484			6
2025.09.25	01:11:55.225		1.34485			4
2025.09.25	01:11:57.077	1.34481	1.34486			6
2025.09.25	01:11:57.387		1.34485			4
2025.09.25	01:11:58.312	1.34482				2
2025.09.25	01:12:00.162	1.34482				2
2025.09.25	01:12:04.155	1.34483	1.34486			6
2025.09.25	01:12:04.458	1.34482	1.34485			6
2025.09.25	01:12:07.831	1.34481	1.34484			6
2025.09.25	01:12:08.133	1.34479	1.34482			6
2025.09.25	01:12:09.340	1.34474	1.34486			6
2025.09.25	01:12:10.262	1.34475	1.34487			6
2025.09.25	01:12:11.195	1.34476	1.34488			6
2025.09.25	01:12:12.430	1.34483	1.34495			6
2025.09.25	01:12:13.366	1.34486	1.34498			6
2025.09.25	01:12:15.230	1.34487	1.34499			6
2025.09.25	01:12:15.534	1.34486	1.34498			6
2025.09.25	01:12:15.847	1.34487	1.34499			6
2025.09.25	01:12:19.258	1.34488				2
2025.09.25	01:12:19.568	1.34490	1.34501			6
2025.09.25	01:12:20.189	1.34488	1.34498			6
2025.09.25	01:12:20.501	1.34487	1.34497			6
2025.09.25	01:12:21.116	1.34489	1.34498			6
2025.09.25	01:12:22.352		1.34497			4
2025.09.25	01:12:23.280	1.34490				2
2025.09.25	01:12:24.205		1.34496			4
2025.09.25	01:12:24.829	1.34489	1.34495			6
2025.09.25	01:12:25.131	1.34490				2
2025.09.25	01:12:26.365	1.34491	1.34496			6
2025.09.25	01:12:27.294		1.34495			4
2025.09.25	01:12:28.824	1.34490	1.34491			6
2025.09.25	01:12:29.133	1.34491	1.34492			6
2025.09.25	01:12:31.269	1.34490	1.34491			6
2025.09.25	01:12:32.188	1.34491	1.34492			6
2025.09.25	01:12:33.726	1.34490	1.34491			6
2025.09.25	01:12:36.256	1.34491	1.34492			6
2025.09.25	01:12:37.175	1.34490	1.34491			6
2025.09.25	01:12:38.093	1.34491	1.34492			6
