<DATE>	<TIME>	<BID>	<ASK>	<LAST>	<VOLUME>	<FLAGS>
2025.07.11	00:03:30.727	1.35694	1.35822			6
2025.07.11	00:04:00.055	1.35694				2
2025.07.11	00:04:30.927		1.35822			4
2025.07.11	00:05:00.224	1.35694				2
2025.07.11	00:05:31.167		1.35822			4
2025.07.11	00:06:00.008	1.35694				2
2025.07.11	00:06:31.308		1.35822			4
2025.07.11	00:07:00.289	1.35694				2
2025.07.11	00:07:31.444		1.35822			4
2025.07.11	00:08:00.065	1.35694				2
2025.07.11	00:08:03.758		1.35776			4
2025.07.11	00:08:21.601	1.35704	1.35800			6
2025.07.11	00:08:21.910	1.35684	1.35755			6
2025.07.11	00:08:32.889	1.35724	1.35822			6
2025.07.11	00:09:00.113	1.35724				2
2025.07.11	00:09:33.140		1.35822			4
2025.07.11	00:09:51.368		1.35818			4
2025.07.11	00:09:51.672	1.35721	1.35811			6
2025.07.11	00:09:55.033	1.35724	1.35822			6
2025.07.11	00:09:55.347	1.35722	1.35812			6
2025.07.11	00:09:59.355	1.35721	1.35811			6
2025.07.11	00:10:00.278	1.35721				2
2025.07.11	00:10:01.514	1.35724	1.35822			6
2025.07.11	00:10:25.283		1.35818			4
2025.07.11	00:10:32.382		1.35819			4
2025.07.11	00:10:42.256		1.35818			4
2025.07.11	00:10:45.968		1.35822			4
2025.07.11	00:10:46.274	1.35719	1.35809			6
2025.07.11	00:10:46.594	1.35718	1.35808			6
2025.07.11	00:10:56.414	1.35722	1.35812			6
2025.07.11	00:11:00.097	1.35722				2
2025.07.11	00:11:01.017	1.35724	1.35822			6
2025.07.11	00:11:01.634	1.35720	1.35810			6
2025.07.11	00:11:02.242	1.35724	1.35822			6
2025.07.11	00:12:00.043	1.35724				2
2025.07.11	00:12:02.525		1.35822			4
2025.07.11	00:12:34.616	1.35738	1.35828			6
2025.07.11	00:13:00.209	1.35738				2
2025.07.11	00:13:18.706	1.35739	1.35829			6
2025.07.11	00:14:00.037	1.35739				2
2025.07.11	00:14:18.820		1.35829			4
2025.07.11	00:15:00.098	1.35739				2
2025.07.11	00:15:03.810	1.35740	1.35830			6
2025.07.11	00:15:26.030	1.35760	1.35841			6
2025.07.11	00:15:27.016	1.35776	1.35847			6
2025.07.11	00:15:28.957	1.35774				2
2025.07.11	00:15:39.853		1.35851			4
2025.07.11	00:15:42.974	1.35771				2
2025.07.11	00:15:52.232		1.35861			4
2025.07.11	00:15:58.431	1.35774	1.35864			6
2025.07.11	00:15:59.358	1.35776	1.35865			6
2025.07.11	00:16:00.281	1.35776				2
2025.07.11	00:16:05.223	1.35772	1.35862			6
2025.07.11	00:16:08.004	1.35758	1.35848			6
2025.07.11	00:17:00.068	1.35758				2
2025.07.11	00:17:08.083	1.35757	1.35847			6
2025.07.11	00:18:00.255	1.35757				2
2025.07.11	00:18:08.283		1.35847			4
2025.07.11	00:19:00.009	1.35757				2
2025.07.11	00:19:08.343		1.35847			4
2025.07.11	00:20:00.025	1.35757				2
2025.07.11	00:20:00.334	1.35718	1.35849			6
2025.07.11	00:21:00.144	1.35718				2
2025.07.11	00:21:00.458		1.35849			4
2025.07.11	00:22:00.271	1.35718				2
2025.07.11	00:22:00.578		1.35849			4
2025.07.11	00:23:00.287	1.35718				2
2025.07.11	00:23:00.590		1.35849			4
2025.07.11	00:24:00.004	1.35718				2
2025.07.11	00:24:00.619		1.35849			4
2025.07.11	00:25:00.238	1.35718				2
2025.07.11	00:25:00.860		1.35849			4
2025.07.11	00:26:00.166	1.35718				2
2025.07.11	00:26:01.076		1.35849			4
2025.07.11	00:26:30.797	1.35685	1.35833			6
2025.07.11	00:26:31.186	1.35686				2
2025.07.11	00:26:31.800	1.35685				2
2025.07.11	00:27:01.338	1.35685				2
2025.07.11	00:27:13.215	1.35684				2
2025.07.11	00:27:31.460	1.35686	1.35833			6
2025.07.11	00:27:41.030	1.35687				2
2025.07.11	00:27:49.675	1.35688				2
2025.07.11	00:27:55.832	1.35687				2
2025.07.11	00:28:00.134	1.35687				2
2025.07.11	00:28:16.408	1.35688				2
2025.07.11	00:28:24.115	1.35684				2
2025.07.11	00:28:31.793		1.35833			4
2025.07.11	00:28:59.416	1.35685				2
2025.07.11	00:29:00.360	1.35685				2
2025.07.11	00:29:00.965		1.35834			4
2025.07.11	00:29:02.196	1.35690				2
2025.07.11	00:29:48.338		1.35833			4
2025.07.11	00:29:48.641	1.35683				2
2025.07.11	00:30:00.055	1.35683				2
2025.07.11	00:30:48.590		1.35833			4
2025.07.11	00:31:00.295	1.35683				2
2025.07.11	00:31:29.117	1.35686				2
2025.07.11	00:31:29.428	1.35683				2
2025.07.11	00:31:30.348	1.35686				2
2025.07.11	00:31:30.965	1.35683				2
2025.07.11	00:31:36.791	1.35686				2
2025.07.11	00:31:37.100	1.35687				2
2025.07.11	00:31:47.535	1.35688				2
2025.07.11	00:31:48.763		1.35833			4
2025.07.11	00:32:00.157	1.35687				2
2025.07.11	00:32:08.177	1.35684				2
2025.07.11	00:32:08.487	1.35686				2
2025.07.11	00:32:08.797	1.35687				2
2025.07.11	00:32:17.722	1.35683				2
2025.07.11	00:32:33.104	1.35691				2
2025.07.11	00:32:39.535	1.35685				2
2025.07.11	00:32:48.776		1.35833			4
2025.07.11	00:32:49.086	1.35684				2
2025.07.11	00:33:00.195	1.35684				2
2025.07.11	00:33:04.189	1.35686				2
2025.07.11	00:33:13.384	1.35687				2
2025.07.11	00:33:13.694	1.35686				2
2025.07.11	00:33:35.505	1.35688				2
2025.07.11	00:33:46.897	1.35686				2
2025.07.11	00:33:49.053	1.35683	1.35833			6
2025.07.11	00:34:00.146	1.35683				2
2025.07.11	00:34:48.553	1.35684				2
2025.07.11	00:34:49.163		1.35833			4
2025.07.11	00:35:00.253	1.35684				2
2025.07.11	00:35:49.273		1.35833			4
2025.07.11	00:36:00.058	1.35684				2
2025.07.11	00:36:04.365		1.35834			4
2025.07.11	00:36:59.254	1.35694				2
2025.07.11	00:36:59.861	1.35691				2
2025.07.11	00:37:00.181	1.35691				2
2025.07.11	00:37:04.493		1.35834			4
2025.07.11	00:37:08.204	1.35690				2
2025.07.11	00:37:14.382	1.35691				2
2025.07.11	00:37:22.397	1.35692				2
2025.07.11	00:37:24.267	1.35691				2
2025.07.11	00:37:27.974	1.35692				2
2025.07.11	00:37:29.519	1.35684				2
2025.07.11	00:37:30.431	1.35693				2
2025.07.11	00:37:34.142	1.35694				2
2025.07.11	00:37:34.452	1.35695				2
2025.07.11	00:37:35.376	1.35694				2
2025.07.11	00:37:39.703	1.35695				2
2025.07.11	00:37:40.940	1.35694				2
2025.07.11	00:37:41.870	1.35686				2
2025.07.11	00:37:42.178	1.35690				2
2025.07.11	00:37:48.650	1.35694				2
2025.07.11	00:37:49.582	1.35687				2
2025.07.11	00:37:50.194	1.35690				2
2025.07.11	00:37:51.746	1.35691				2
2025.07.11	00:37:59.778	1.35695				2
2025.07.11	00:38:00.085	1.35695				2
2025.07.11	00:38:01.937		1.35810			4
2025.07.11	00:38:02.244	1.35690				2
2025.07.11	00:38:12.746	1.35691				2
2025.07.11	00:38:13.058	1.35697				2
2025.07.11	00:38:13.367	1.35698				2
2025.07.11	00:38:13.671	1.35696				2
2025.07.11	00:38:13.983	1.35701				2
2025.07.11	00:38:14.296	1.35700				2
2025.07.11	00:38:14.602	1.35701				2
2025.07.11	00:38:17.049	1.35700				2
2025.07.11	00:38:17.982	1.35701				2
2025.07.11	00:38:21.364	1.35700				2
2025.07.11	00:38:26.234	1.35701				2
2025.07.11	00:38:27.471	1.35734	1.35823			6
2025.07.11	00:38:27.786		1.35832			4
2025.07.11	00:39:00.138	1.35734				2
2025.07.11	00:39:08.555	1.35735				2
2025.07.11	00:39:09.778	1.35736				2
2025.07.11	00:39:10.384	1.35743				2
2025.07.11	00:39:23.187	1.35744				2
2025.07.11	00:39:23.491	1.35745				2
2025.07.11	00:39:24.109	1.35743				2
2025.07.11	00:39:28.288		1.35832			4
2025.07.11	00:39:30.145	1.35746				2
2025.07.11	00:39:33.528	1.35745				2
2025.07.11	00:39:35.349	1.35744				2
2025.07.11	00:39:35.650	1.35745				2
2025.07.11	00:39:35.959	1.35746				2
2025.07.11	00:39:36.882	1.35744				2
2025.07.11	00:39:37.183	1.35745				2
2025.07.11	00:39:39.006	1.35744				2
2025.07.11	00:39:39.308	1.35745				2
2025.07.11	00:39:39.914	1.35746				2
2025.07.11	00:39:40.834	1.35747				2
2025.07.11	00:39:44.522	1.35748				2
2025.07.11	00:39:45.440	1.35746				2
2025.07.11	00:39:45.754	1.35748				2
2025.07.11	00:39:46.057	1.35746				2
2025.07.11	00:39:47.574	1.35749				2
2025.07.11	00:39:48.481	1.35748				2
2025.07.11	00:39:48.782	1.35747				2
2025.07.11	00:39:49.399	1.35749				2
2025.07.11	00:39:50.626	1.35744				2
2025.07.11	00:39:50.925	1.35748				2
2025.07.11	00:39:51.535	1.35747				2
2025.07.11	00:39:51.852	1.35745				2
2025.07.11	00:39:52.161	1.35747				2
2025.07.11	00:39:52.465	1.35748				2
2025.07.11	00:39:52.770	1.35747				2
2025.07.11	00:39:53.383	1.35748				2
2025.07.11	00:39:53.694	1.35745				2
2025.07.11	00:39:54.001	1.35747				2
2025.07.11	00:39:54.604	1.35746				2
2025.07.11	00:39:55.510	1.35748				2
2025.07.11	00:39:59.763	1.35747				2
2025.07.11	00:40:00.070	1.35747				2
2025.07.11	00:40:00.381	1.35748				2
2025.07.11	00:40:00.687	1.35749				2
2025.07.11	00:40:01.921	1.35745				2
2025.07.11	00:40:02.530	1.35746				2
2025.07.11	00:40:02.836	1.35755				2
2025.07.11	00:40:28.938		1.35832			4
2025.07.11	00:40:50.656		1.35830			4
2025.07.11	00:40:50.972		1.35823			4
2025.07.11	00:40:52.513		1.35824			4
2025.07.11	00:40:54.369		1.35826			4
2025.07.11	00:40:55.604		1.35824			4
2025.07.11	00:40:57.765		1.35825			4
2025.07.11	00:40:58.692		1.35827			4
2025.07.11	00:40:58.999		1.35823			4
2025.07.11	00:40:59.312		1.35824			4
2025.07.11	00:40:59.928		1.35823			4
2025.07.11	00:41:00.239	1.35755				2
2025.07.11	00:41:01.162		1.35824			4
2025.07.11	00:41:01.781		1.35822			4
2025.07.11	00:41:02.396		1.35821			4
2025.07.11	00:41:02.706		1.35822			4
2025.07.11	00:41:05.782		1.35829			4
2025.07.11	00:41:06.391		1.35832			4
2025.07.11	00:41:14.865		1.35831			4
2025.07.11	00:41:15.178		1.35830			4
2025.07.11	00:41:17.027		1.35829			4
2025.07.11	00:41:17.333		1.35828			4
2025.07.11	00:41:17.950		1.35827			4
2025.07.11	00:41:20.113		1.35828			4
2025.07.11	00:41:20.424		1.35827			4
2025.07.11	00:41:20.733		1.35824			4
2025.07.11	00:41:21.040		1.35827			4
2025.07.11	00:41:21.343		1.35828			4
2025.07.11	00:41:21.647		1.35825			4
2025.07.11	00:41:22.261		1.35827			4
2025.07.11	00:41:22.567		1.35824			4
2025.07.11	00:41:23.798		1.35828			4
2025.07.11	00:41:24.100		1.35823			4
2025.07.11	00:41:25.324		1.35822			4
2025.07.11	00:41:25.928		1.35823			4
2025.07.11	00:41:26.848		1.35828			4
2025.07.11	00:41:27.460		1.35827			4
2025.07.11	00:41:27.769		1.35828			4
2025.07.11	00:41:36.040		1.35825			4
2025.07.11	00:41:36.346		1.35828			4
2025.07.11	00:41:36.663		1.35825			4
2025.07.11	00:41:38.209		1.35824			4
2025.07.11	00:41:40.374		1.35827			4
2025.07.11	00:41:41.296		1.35824			4
2025.07.11	00:41:41.913		1.35825			4
2025.07.11	00:41:42.844		1.35829			4
2025.07.11	00:41:48.400		1.35824			4
2025.07.11	00:41:50.565		1.35825			4
2025.07.11	00:41:50.875	1.35741	1.35828			6
2025.07.11	00:41:51.188		1.35824			4
2025.07.11	00:41:54.280		1.35823			4
2025.07.11	00:42:00.150	1.35741	1.35824			6
2025.07.11	00:42:00.456		1.35826			4
2025.07.11	00:42:00.765		1.35827			4
2025.07.11	00:42:01.689		1.35826			4
2025.07.11	00:42:02.918		1.35824			4
2025.07.11	00:42:04.472		1.35823			4
2025.07.11	00:42:06.013		1.35824			4
2025.07.11	00:42:07.560		1.35829			4
2025.07.11	00:42:09.723		1.35826			4
2025.07.11	00:42:10.953		1.35824			4
2025.07.11	00:42:11.273		1.35822			4
2025.07.11	00:42:11.885		1.35824			4
2025.07.11	00:42:12.508		1.35823			4
2025.07.11	00:42:13.116		1.35822			4
2025.07.11	00:42:13.738		1.35826			4
2025.07.11	00:42:14.047		1.35825			4
2025.07.11	00:42:14.360		1.35823			4
2025.07.11	00:42:14.975		1.35825			4
2025.07.11	00:42:15.287		1.35822			4
2025.07.11	00:42:15.593		1.35824			4
2025.07.11	00:42:18.068		1.35827			4
2025.07.11	00:42:18.380		1.35824			4
2025.07.11	00:42:19.617		1.35823			4
2025.07.11	00:42:20.541		1.35824			4
2025.07.11	00:42:21.779		1.35823			4
2025.07.11	00:42:22.088		1.35822			4
2025.07.11	00:42:24.244		1.35821			4
2025.07.11	00:42:24.554		1.35822			4
2025.07.11	00:42:27.949		1.35825			4
2025.07.11	00:42:28.258		1.35824			4
2025.07.11	00:42:28.570		1.35823			4
2025.07.11	00:42:30.108		1.35825			4
2025.07.11	00:42:30.426		1.35823			4
2025.07.11	00:42:31.656	1.35742	1.35821			6
2025.07.11	00:42:32.587		1.35824			4
2025.07.11	00:42:34.439		1.35821			4
2025.07.11	00:42:35.369	1.35740				2
2025.07.11	00:42:35.675		1.35823			4
2025.07.11	00:42:47.416		1.35824			4
2025.07.11	00:42:52.358		1.35823			4
2025.07.11	00:42:53.902	1.35743	1.35824			6
2025.07.11	00:42:54.519		1.35823			4
2025.07.11	00:42:55.452	1.35741	1.35822			6
2025.07.11	00:42:56.061		1.35824			4
2025.07.11	00:42:56.374		1.35823			4
2025.07.11	00:42:57.923		1.35824			4
2025.07.11	00:42:59.151		1.35826			4
2025.07.11	00:42:59.463		1.35824			4
2025.07.11	00:43:00.080	1.35741				2
2025.07.11	00:43:00.395		1.35823			4
2025.07.11	00:43:00.700		1.35828			4
2025.07.11	00:43:01.318	1.35742	1.35821			6
2025.07.11	00:43:01.624		1.35822			4
2025.07.11	00:43:02.557	1.35744				2
2025.07.11	00:43:03.175	1.35742	1.35824			6
2025.07.11	00:43:03.483		1.35823			4
2025.07.11	00:43:04.407		1.35822			4
2025.07.11	00:43:05.652	1.35745				2
2025.07.11	00:43:07.502		1.35824			4
2025.07.11	00:43:13.683		1.35825			4
2025.07.11	00:43:14.911		1.35826			4
2025.07.11	00:43:15.835		1.35824			4
2025.07.11	00:43:16.138		1.35822			4
2025.07.11	00:43:16.456		1.35823			4
2025.07.11	00:43:19.239	1.35744				2
2025.07.11	00:43:20.463		1.35822			4
2025.07.11	00:43:20.781	1.35740	1.35825			6
2025.07.11	00:43:21.084		1.35823			4
2025.07.11	00:43:22.623		1.35825			4
2025.07.11	00:43:23.243		1.35826			4
2025.07.11	00:43:23.558		1.35824			4
2025.07.11	00:43:25.093		1.35825			4
2025.07.11	00:43:26.326		1.35824			4
2025.07.11	00:43:27.253	1.35741	1.35825			6
2025.07.11	00:43:30.345		1.35822			4
2025.07.11	00:43:32.504		1.35821			4
2025.07.11	00:43:34.048		1.35823			4
2025.07.11	00:43:34.983		1.35826			4
2025.07.11	00:43:35.288		1.35824			4
2025.07.11	00:43:35.904	1.35743	1.35821			6
2025.07.11	00:43:36.216		1.35822			4
2025.07.11	00:43:36.524		1.35821			4
2025.07.11	00:43:38.071		1.35822			4
2025.07.11	00:43:39.929		1.35823			4
2025.07.11	00:43:40.241		1.35822			4
2025.07.11	00:43:41.786		1.35824			4
2025.07.11	00:43:42.094		1.35821			4
2025.07.11	00:43:43.637		1.35822			4
2025.07.11	00:43:44.258		1.35823			4
2025.07.11	00:43:44.575		1.35822			4
2025.07.11	00:43:45.195		1.35825			4
2025.07.11	00:43:47.043		1.35826			4
2025.07.11	00:43:47.349		1.35825			4
2025.07.11	00:43:47.969		1.35827			4
2025.07.11	00:43:48.594		1.35822			4
2025.07.11	00:43:48.899		1.35821			4
2025.07.11	00:43:50.440		1.35819			4
2025.07.11	00:43:50.752	1.35749	1.35821			6
2025.07.11	00:43:51.061		1.35822			4
2025.07.11	00:43:51.677		1.35820			4
2025.07.11	00:43:51.986		1.35821			4
2025.07.11	00:43:55.707		1.35823			4
2025.07.11	00:43:56.007		1.35822			4
2025.07.11	00:43:57.244		1.35823			4
2025.07.11	00:43:58.164		1.35821			4
2025.07.11	00:43:59.089	1.35741	1.35823			6
2025.07.11	00:44:00.016	1.35741				2
2025.07.11	00:44:11.746		1.35822			4
2025.07.11	00:44:12.058		1.35821			4
2025.07.11	00:44:12.674		1.35822			4
2025.07.11	00:44:13.600		1.35820			4
2025.07.11	00:44:14.528	1.35744	1.35819			6
2025.07.11	00:44:15.459		1.35822			4
2025.07.11	00:44:15.763		1.35821			4
2025.07.11	00:44:16.691		1.35820			4
2025.07.11	00:44:16.998		1.35821			4
2025.07.11	00:44:17.311		1.35820			4
2025.07.11	00:44:17.616		1.35822			4
2025.07.11	00:44:18.849		1.35820			4
2025.07.11	00:44:19.155		1.35822			4
2025.07.11	00:44:29.330	1.35743	1.35823			6
2025.07.11	00:44:29.636		1.35821			4
2025.07.11	00:44:29.939		1.35820			4
2025.07.11	00:44:31.176		1.35819			4
2025.07.11	00:44:32.098		1.35821			4
2025.07.11	00:44:34.257		1.35820			4
2025.07.11	00:44:35.184		1.35821			4
2025.07.11	00:44:35.493		1.35820			4
2025.07.11	00:44:43.219		1.35819			4
2025.07.11	00:44:44.758		1.35822			4
2025.07.11	00:44:45.378		1.35821			4
2025.07.11	00:44:45.685		1.35822			4
2025.07.11	00:44:46.920	1.35741				2
2025.07.11	00:44:47.225		1.35821			4
2025.07.11	00:44:47.842	1.35746	1.35820			6
2025.07.11	00:44:48.155		1.35819			4
2025.07.11	00:44:48.779		1.35821			4
2025.07.11	00:44:49.381		1.35819			4
2025.07.11	00:44:51.241		1.35820			4
2025.07.11	00:44:54.019		1.35821			4
2025.07.11	00:44:54.324		1.35820			4
2025.07.11	00:44:58.339		1.35819			4
2025.07.11	00:44:58.954		1.35823			4
2025.07.11	00:44:59.264	1.35748	1.35821			6
2025.07.11	00:44:59.574		1.35822			4
2025.07.11	00:44:59.882		1.35823			4
2025.07.11	00:45:00.187	1.35748				2
2025.07.11	00:45:01.433		1.35821			4
2025.07.11	00:45:01.739		1.35820			4
2025.07.11	00:45:02.970	1.35731	1.35821			6
2025.07.11	00:45:06.674	1.35748				2
2025.07.11	00:45:10.669	1.35764	1.35805			6
2025.07.11	00:45:11.575		1.35806			4
2025.07.11	00:45:13.111		1.35805			4
2025.07.11	00:45:13.734		1.35807			4
2025.07.11	00:45:14.344	1.35762	1.35806			6
2025.07.11	00:45:14.668		1.35804			4
2025.07.11	00:45:16.518		1.35803			4
2025.07.11	00:45:22.694		1.35802			4
2025.07.11	00:45:23.006		1.35804			4
2025.07.11	00:45:23.317		1.35802			4
2025.07.11	00:45:27.316		1.35804			4
2025.07.11	00:45:27.632		1.35803			4
2025.07.11	00:45:27.940		1.35802			4
2025.07.11	00:45:28.243		1.35804			4
2025.07.11	00:45:28.865		1.35805			4
2025.07.11	00:45:29.175		1.35803			4
2025.07.11	00:45:29.795		1.35802			4
2025.07.11	00:45:34.745		1.35804			4
2025.07.11	00:45:35.048		1.35802			4
2025.07.11	00:45:35.355		1.35805			4
2025.07.11	00:45:35.661		1.35804			4
2025.07.11	00:45:35.973		1.35803			4
2025.07.11	00:45:37.508		1.35804			4
2025.07.11	00:45:37.819		1.35803			4
2025.07.11	00:45:38.747		1.35804			4
2025.07.11	00:45:39.056		1.35805			4
2025.07.11	00:45:39.673		1.35804			4
2025.07.11	00:45:42.153		1.35803			4
2025.07.11	00:45:42.463		1.35802			4
2025.07.11	00:45:42.766		1.35804			4
2025.07.11	00:45:45.233		1.35801			4
2025.07.11	00:45:46.159		1.35804			4
2025.07.11	00:45:46.466		1.35803			4
2025.07.11	00:45:47.704		1.35806			4
2025.07.11	00:45:48.010		1.35804			4
2025.07.11	00:45:48.316		1.35803			4
2025.07.11	00:45:49.242		1.35802			4
2025.07.11	00:45:49.552		1.35801			4
2025.07.11	00:45:50.167	1.35760	1.35803			6
2025.07.11	00:45:50.476		1.35802			4
2025.07.11	00:45:51.085		1.35801			4
2025.07.11	00:45:51.707		1.35805			4
2025.07.11	00:45:52.024		1.35804			4
2025.07.11	00:45:52.942		1.35802			4
2025.07.11	00:45:53.258		1.35801			4
2025.07.11	00:45:54.481		1.35803			4
2025.07.11	00:45:54.794		1.35805			4
2025.07.11	00:45:55.101		1.35804			4
2025.07.11	00:45:58.792		1.35803			4
2025.07.11	00:45:59.100		1.35804			4
2025.07.11	00:46:00.027	1.35760				2
2025.07.11	00:46:00.941	1.35762	1.35802			6
2025.07.11	00:46:01.263		1.35803			4
2025.07.11	00:46:01.567		1.35806			4
2025.07.11	00:46:01.871		1.35807			4
2025.07.11	00:46:02.795	1.35759				2
2025.07.11	00:46:03.103		1.35806			4
2025.07.11	00:46:09.580	1.35757				2
2025.07.11	00:46:10.830	1.35759	1.35804			6
2025.07.11	00:46:12.987		1.35805			4
2025.07.11	00:46:14.221		1.35804			4
2025.07.11	00:46:16.383		1.35802			4
2025.07.11	00:46:19.781	1.35760	1.35803			6
2025.07.11	00:46:20.090		1.35804			4
2025.07.11	00:46:24.727		1.35803			4
2025.07.11	00:46:35.855		1.35804			4
2025.07.11	00:46:36.164		1.35803			4
2025.07.11	00:46:37.087		1.35804			4
2025.07.11	00:46:38.019		1.35803			4
2025.07.11	00:46:38.645		1.35804			4
2025.07.11	00:46:39.562		1.35803			4
2025.07.11	00:46:40.182	1.35757				2
2025.07.11	00:46:40.488		1.35804			4
2025.07.11	00:46:40.794		1.35805			4
2025.07.11	00:46:41.731		1.35804			4
2025.07.11	00:46:42.346		1.35803			4
2025.07.11	00:46:44.504		1.35805			4
2025.07.11	00:46:44.812		1.35802			4
2025.07.11	00:46:45.432		1.35804			4
2025.07.11	00:46:49.757		1.35803			4
2025.07.11	00:46:55.006		1.35802			4
2025.07.11	00:46:55.927		1.35801			4
2025.07.11	00:46:58.398		1.35803			4
2025.07.11	00:46:59.320	1.35760				2
2025.07.11	00:47:00.251	1.35760				2
2025.07.11	00:47:02.728	1.35757	1.35808			6
2025.07.11	00:47:03.037	1.35750				2
2025.07.11	00:47:03.661	1.35749	1.35807			6
2025.07.11	00:47:04.273	1.35748	1.35806			6
2025.07.11	00:47:04.893	1.35750	1.35808			6
2025.07.11	00:47:06.437	1.35757	1.35809			6
2025.07.11	00:47:07.355		1.35808			4
2025.07.11	00:47:17.848	1.35754	1.35803			6
2025.07.11	00:47:18.153		1.35804			4
2025.07.11	00:47:18.776		1.35803			4
2025.07.11	00:47:19.392		1.35802			4
2025.07.11	00:47:20.921		1.35803			4
2025.07.11	00:47:22.463		1.35802			4
2025.07.11	00:47:23.700		1.35805			4
2025.07.11	00:47:24.008		1.35804			4
2025.07.11	00:47:24.624		1.35807			4
2025.07.11	00:47:24.924		1.35808			4
2025.07.11	00:47:25.241		1.35809			4
2025.07.11	00:47:26.480		1.35807			4
2025.07.11	00:47:28.009		1.35806			4
2025.07.11	00:47:28.938		1.35811			4
2025.07.11	00:47:29.553		1.35813			4
2025.07.11	00:47:32.022		1.35812			4
2025.07.11	00:47:38.496	1.35758	1.35813			6
2025.07.11	00:47:54.211	1.35754				2
2025.07.11	00:48:00.059	1.35754	1.35811			6
2025.07.11	00:48:00.366	1.35759	1.35813			6
2025.07.11	00:48:17.962		1.35816			4
2025.07.11	00:48:18.271	1.35758				2
2025.07.11	00:48:20.425	1.35759				2
2025.07.11	00:48:22.895	1.35754	1.35811			6
2025.07.11	00:48:23.201	1.35757	1.35813			6
2025.07.11	00:48:24.118	1.35758				2
2025.07.11	00:48:29.050	1.35760				2
2025.07.11	00:48:32.740	1.35756	1.35811			6
2025.07.11	00:48:33.363	1.35762				2
2025.07.11	00:48:38.612	1.35756				2
2025.07.11	00:48:47.866	1.35752	1.35809			6
2025.07.11	00:48:49.404	1.35757	1.35808			6
2025.07.11	00:48:50.017		1.35805			4
2025.07.11	00:48:50.942		1.35806			4
2025.07.11	00:49:00.197	1.35757				2
2025.07.11	00:49:29.459		1.35805			4
2025.07.11	00:49:32.837	1.35753				2
2025.07.11	00:49:33.147		1.35806			4
2025.07.11	00:49:39.006		1.35804			4
2025.07.11	00:49:39.315		1.35806			4
2025.07.11	00:49:54.461		1.35805			4
2025.07.11	00:49:57.855		1.35803			4
2025.07.11	00:49:58.773		1.35805			4
2025.07.11	00:50:00.013	1.35753				2
2025.07.11	00:50:05.262		1.35806			4
2025.07.11	00:50:09.580		1.35805			4
2025.07.11	00:50:09.892		1.35804			4
2025.07.11	00:50:15.774		1.35806			4
2025.07.11	00:50:23.775		1.35809			4
2025.07.11	00:50:24.081		1.35807			4
2025.07.11	00:50:24.697		1.35808			4
2025.07.11	00:50:25.005		1.35806			4
2025.07.11	00:50:27.472		1.35810			4
2025.07.11	00:50:27.778		1.35813			4
2025.07.11	00:50:28.084		1.35808			4
2025.07.11	00:50:32.099		1.35810			4
2025.07.11	00:50:32.408		1.35811			4
2025.07.11	00:50:32.715	1.35755	1.35809			6
2025.07.11	00:50:33.028		1.35808			4
2025.07.11	00:50:34.886		1.35807			4
2025.07.11	00:50:35.808		1.35809			4
2025.07.11	00:50:37.048		1.35808			4
2025.07.11	00:50:38.599		1.35806			4
2025.07.11	00:50:39.511		1.35807			4
2025.07.11	00:50:40.445		1.35808			4
2025.07.11	00:50:42.300		1.35807			4
2025.07.11	00:50:43.221		1.35810			4
2025.07.11	00:50:43.530		1.35809			4
2025.07.11	00:50:44.146		1.35807			4
2025.07.11	00:50:44.458		1.35806			4
2025.07.11	00:50:47.850		1.35811			4
2025.07.11	00:50:49.084		1.35810			4
2025.07.11	00:50:50.021		1.35809			4
2025.07.11	00:50:55.273		1.35810			4
2025.07.11	00:50:57.121		1.35808			4
2025.07.11	00:50:58.358		1.35807			4
2025.07.11	00:50:59.283		1.35808			4
2025.07.11	00:51:00.203	1.35755				2
2025.07.11	00:51:02.987		1.35804			4
2025.07.11	00:51:03.916		1.35805			4
2025.07.11	00:51:04.224		1.35807			4
2025.07.11	00:51:04.530		1.35805			4
2025.07.11	00:51:08.534		1.35806			4
2025.07.11	00:51:09.456		1.35808			4
2025.07.11	00:51:10.073		1.35810			4
2025.07.11	00:51:10.383		1.35808			4
2025.07.11	00:51:11.930		1.35807			4
2025.07.11	00:51:13.475		1.35806			4
2025.07.11	00:51:14.394		1.35804			4
2025.07.11	00:51:21.469		1.35807			4
2025.07.11	00:51:21.781		1.35808			4
2025.07.11	00:51:22.086		1.35806			4
2025.07.11	00:51:22.708		1.35805			4
2025.07.11	00:51:35.946		1.35807			4
2025.07.11	00:51:36.876		1.35808			4
2025.07.11	00:51:37.799		1.35810			4
2025.07.11	00:51:38.113	1.35756	1.35814			6
2025.07.11	00:51:39.667	1.35757				2
2025.07.11	00:51:49.210	1.35755				2
2025.07.11	00:51:49.518		1.35813			4
2025.07.11	00:51:49.823	1.35761	1.35814			6
2025.07.11	00:51:50.745	1.35762				2
2025.07.11	00:51:52.281	1.35761				2
2025.07.11	00:51:52.895	1.35762				2
2025.07.11	00:51:53.202	1.35763				2
2025.07.11	00:51:54.438	1.35761				2
2025.07.11	00:51:54.743	1.35763				2
2025.07.11	00:51:55.978	1.35764				2
2025.07.11	00:52:00.283	1.35763				2
2025.07.11	00:52:07.367	1.35764				2
2025.07.11	00:52:09.219	1.35763				2
2025.07.11	00:52:17.825	1.35758				2
2025.07.11	00:52:23.684	1.35768				2
2025.07.11	00:52:24.295	1.35764				2
2025.07.11	00:52:27.371	1.35761				2
2025.07.11	00:52:27.678	1.35763				2
2025.07.11	00:52:33.226		1.35816			4
2025.07.11	00:52:33.840	1.35766				2
2025.07.11	00:52:34.449	1.35765				2
2025.07.11	00:52:45.863	1.35766				2
2025.07.11	00:52:52.651	1.35767				2
2025.07.11	00:52:52.957	1.35766				2
2025.07.11	00:52:57.556	1.35759				2
2025.07.11	00:52:58.486	1.35755				2
2025.07.11	00:52:58.792	1.35757				2
2025.07.11	00:53:00.024	1.35757				2
2025.07.11	00:53:02.801	1.35758	1.35812			6
2025.07.11	00:53:25.681	1.35757				2
2025.07.11	00:53:27.840	1.35764				2
2025.07.11	00:53:30.927	1.35759				2
2025.07.11	00:53:41.747	1.35758				2
2025.07.11	00:53:47.604	1.35767				2
2025.07.11	00:53:47.913	1.35764	1.35816			6
2025.07.11	00:53:48.222	1.35765				2
2025.07.11	00:53:48.841	1.35759				2
2025.07.11	00:53:49.147	1.35760				2
2025.07.11	00:53:50.380	1.35759				2
2025.07.11	00:53:50.687	1.35758				2
2025.07.11	00:53:51.001	1.35760				2
2025.07.11	00:53:51.919	1.35759				2
2025.07.11	00:53:53.464	1.35755				2
2025.07.11	00:53:53.770	1.35757				2
2025.07.11	00:53:54.384	1.35756				2
2025.07.11	00:53:54.691	1.35760	1.35814			6
2025.07.11	00:53:55.310	1.35761				2
2025.07.11	00:53:56.847	1.35757	1.35816			6
2025.07.11	00:53:57.162	1.35759				2
2025.07.11	00:53:57.779	1.35757				2
2025.07.11	00:53:58.084	1.35755				2
2025.07.11	00:53:59.623		1.35810			4
2025.07.11	00:53:59.927	1.35761				2
2025.07.11	00:54:00.240	1.35761				2
2025.07.11	00:54:01.789	1.35759	1.35813			6
2025.07.11	00:54:02.099	1.35762				2
2025.07.11	00:54:03.328	1.35760				2
2025.07.11	00:54:17.831	1.35758	1.35814			6
2025.07.11	00:54:18.145	1.35757				2
2025.07.11	00:54:19.079	1.35760				2
2025.07.11	00:54:20.004	1.35756				2
2025.07.11	00:54:20.315	1.35755				2
2025.07.11	00:54:23.704	1.35758				2
2025.07.11	00:54:24.012	1.35757				2
2025.07.11	00:54:25.853	1.35754				2
2025.07.11	00:54:26.164	1.35756				2
2025.07.11	00:54:27.397	1.35762				2
2025.07.11	00:54:32.946	1.35759	1.35807			6
2025.07.11	00:54:34.484	1.35758				2
2025.07.11	00:54:35.729	1.35753	1.35816			6
2025.07.11	00:54:36.032		1.35807			4
2025.07.11	00:54:36.338	1.35754				2
2025.07.11	00:54:36.954	1.35759				2
2025.07.11	00:54:37.890	1.35758				2
2025.07.11	00:54:38.196	1.35754	1.35805			6
2025.07.11	00:54:38.501	1.35759	1.35816			6
2025.07.11	00:54:38.801	1.35760				2
2025.07.11	00:54:39.122	1.35755	1.35804			6
2025.07.11	00:54:39.429	1.35762	1.35806			6
2025.07.11	00:54:39.738	1.35756	1.35816			6
2025.07.11	00:54:40.039	1.35762				2
2025.07.11	00:54:40.645		1.35805			4
2025.07.11	00:54:40.946	1.35756				2
2025.07.11	00:54:41.270	1.35759				2
2025.07.11	00:54:42.811	1.35763				2
2025.07.11	00:54:48.674	1.35753	1.35796			6
2025.07.11	00:54:48.979	1.35756				2
2025.07.11	00:54:50.524	1.35755				2
2025.07.11	00:54:50.841	1.35754				2
2025.07.11	00:54:51.463	1.35756				2
2025.07.11	00:55:00.122	1.35760	1.35812			6
2025.07.11	00:55:00.425	1.35761				2
2025.07.11	00:55:00.743	1.35762				2
2025.07.11	00:55:01.056	1.35759				2
2025.07.11	00:55:02.615	1.35762				2
2025.07.11	00:55:02.919	1.35759				2
2025.07.11	00:55:03.232	1.35758				2
2025.07.11	00:55:08.818	1.35745				2
2025.07.11	00:55:09.124	1.35755				2
2025.07.11	00:55:09.749	1.35754	1.35816			6
2025.07.11	00:55:10.056	1.35751	1.35833			6
2025.07.11	00:55:10.361	1.35762				2
2025.07.11	00:55:10.976	1.35761	1.35832			6
2025.07.11	00:55:11.283	1.35762	1.35829			6
2025.07.11	00:55:11.590	1.35763				2
2025.07.11	00:55:11.902	1.35762				2
2025.07.11	00:55:12.519	1.35763				2
2025.07.11	00:55:13.448	1.35758				2
2025.07.11	00:55:14.067	1.35760				2
2025.07.11	00:55:14.377	1.35758				2
2025.07.11	00:55:15.303	1.35761				2
2025.07.11	00:55:15.916	1.35758				2
2025.07.11	00:55:16.536	1.35764				2
2025.07.11	00:55:16.840	1.35765				2
2025.07.11	00:55:17.455	1.35764				2
2025.07.11	00:55:17.771	1.35766				2
2025.07.11	00:55:18.686	1.35758				2
2025.07.11	00:55:18.998	1.35761				2
2025.07.11	00:55:22.075	1.35764				2
2025.07.11	00:55:22.381	1.35767				2
2025.07.11	00:55:22.999	1.35758				2
2025.07.11	00:55:23.307	1.35761				2
2025.07.11	00:55:23.931	1.35762				2
2025.07.11	00:55:24.232	1.35765				2
2025.07.11	00:55:25.160	1.35763				2
2025.07.11	00:55:25.471	1.35764				2
2025.07.11	00:55:25.789	1.35762				2
2025.07.11	00:55:26.097	1.35765				2
2025.07.11	00:55:27.635	1.35764				2
2025.07.11	00:55:27.946	1.35761				2
2025.07.11	00:55:28.262	1.35762				2
2025.07.11	00:55:28.563	1.35765				2
2025.07.11	00:55:28.881	1.35766				2
2025.07.11	00:55:29.185	1.35763				2
2025.07.11	00:55:29.494	1.35762				2
2025.07.11	00:55:30.115	1.35766				2
2025.07.11	00:55:30.419	1.35762				2
2025.07.11	00:55:30.740	1.35766				2
2025.07.11	00:55:31.662	1.35764				2
2025.07.11	00:55:32.276	1.35770				2
2025.07.11	00:55:32.597	1.35765	1.35836			6
2025.07.11	00:55:32.904		1.35834			4
2025.07.11	00:55:33.532	1.35768	1.35836			6
2025.07.11	00:55:33.834	1.35769				2
2025.07.11	00:55:34.745	1.35765	1.35835			6
2025.07.11	00:55:35.069		1.35836			4
2025.07.11	00:55:35.371		1.35832			4
2025.07.11	00:55:35.690	1.35767	1.35838			6
2025.07.11	00:55:36.637	1.35765	1.35836			6
2025.07.11	00:55:37.244	1.35766	1.35834			6
2025.07.11	00:55:37.556	1.35769				2
2025.07.11	00:55:38.801	1.35767				2
2025.07.11	00:55:39.110		1.35833			4
2025.07.11	00:55:39.735	1.35772	1.35837			6
2025.07.11	00:55:40.041	1.35771	1.35835			6
2025.07.11	00:55:40.344		1.35834			4
2025.07.11	00:55:40.660	1.35770				2
2025.07.11	00:55:40.962	1.35771	1.35835			6
2025.07.11	00:55:41.878	1.35766	1.35837			6
2025.07.11	00:55:42.195	1.35765	1.35836			6
2025.07.11	00:55:42.505		1.35834			4
2025.07.11	00:55:42.816	1.35769	1.35835			6
2025.07.11	00:55:43.126	1.35765				2
2025.07.11	00:55:43.434		1.35834			4
2025.07.11	00:55:43.741	1.35769	1.35839			6
2025.07.11	00:55:44.051	1.35773	1.35833			6
2025.07.11	00:55:44.670	1.35774	1.35832			6
2025.07.11	00:55:44.979	1.35769	1.35839			6
2025.07.11	00:55:45.598	1.35770				2
2025.07.11	00:55:45.902	1.35767				2
2025.07.11	00:55:46.223	1.35769	1.35837			6
2025.07.11	00:55:46.844	1.35765	1.35838			6
2025.07.11	00:55:47.152	1.35770	1.35834			6
2025.07.11	00:55:47.768	1.35768	1.35831			6
2025.07.11	00:55:48.385	1.35765	1.35835			6
2025.07.11	00:55:50.551		1.35834			4
2025.07.11	00:55:54.872	1.35772	1.35837			6
2025.07.11	00:55:55.179	1.35767	1.35839			6
2025.07.11	00:55:55.797	1.35768				2
2025.07.11	00:55:56.418	1.35771	1.35837			6
2025.07.11	00:55:56.731	1.35776	1.35834			6
2025.07.11	00:55:57.347	1.35767	1.35837			6
2025.07.11	00:55:58.886		1.35836			4
2025.07.11	00:55:59.507	1.35770	1.35837			6
2025.07.11	00:55:59.821	1.35775	1.35833			6
2025.07.11	00:56:00.133	1.35775				2
2025.07.11	00:56:00.739	1.35776	1.35834			6
2025.07.11	00:56:01.056	1.35775	1.35833			6
2025.07.11	00:56:01.664	1.35780	1.35834			6
2025.07.11	00:56:01.985	1.35771				2
2025.07.11	00:56:02.293	1.35767				2
2025.07.11	00:56:03.530	1.35765				2
2025.07.11	00:56:07.864	1.35767				2
2025.07.11	00:56:13.423	1.35766				2
2025.07.11	00:56:15.596	1.35765				2
2025.07.11	00:56:18.375	1.35766				2
2025.07.11	00:56:20.241	1.35765				2
2025.07.11	00:56:21.186	1.35747				2
2025.07.11	00:56:21.489		1.35827			4
2025.07.11	00:56:21.791		1.35833			4
2025.07.11	00:56:22.098		1.35828			4
2025.07.11	00:56:23.031		1.35829			4
2025.07.11	00:56:24.268		1.35830			4
2025.07.11	00:56:25.804		1.35827			4
2025.07.11	00:56:26.732		1.35826			4
2025.07.11	00:56:27.050		1.35827			4
2025.07.11	00:56:27.353		1.35825			4
2025.07.11	00:56:27.973		1.35829			4
2025.07.11	00:56:28.278		1.35824			4
2025.07.11	00:56:28.591		1.35825			4
2025.07.11	00:56:28.901		1.35823			4
2025.07.11	00:56:29.517		1.35821			4
2025.07.11	00:56:29.824		1.35823			4
2025.07.11	00:56:31.372		1.35825			4
2025.07.11	00:56:32.601		1.35824			4
2025.07.11	00:56:33.531		1.35825			4
2025.07.11	00:56:34.771		1.35829			4
2025.07.11	00:56:35.078	1.35736	1.35824			6
2025.07.11	00:56:35.382		1.35822			4
2025.07.11	00:56:37.238		1.35827			4
2025.07.11	00:56:37.551		1.35823			4
2025.07.11	00:56:37.858		1.35821			4
2025.07.11	00:56:38.786		1.35819			4
2025.07.11	00:56:40.329		1.35823			4
2025.07.11	00:56:40.635		1.35825			4
2025.07.11	00:56:41.879		1.35821			4
2025.07.11	00:56:42.498		1.35824			4
2025.07.11	00:56:43.418		1.35827			4
2025.07.11	00:56:43.727		1.35821			4
2025.07.11	00:56:44.033		1.35822			4
2025.07.11	00:56:44.338		1.35823			4
2025.07.11	00:56:44.955		1.35822			4
2025.07.11	00:56:46.183		1.35824			4
2025.07.11	00:56:46.485		1.35822			4
2025.07.11	00:56:46.801		1.35824			4
2025.07.11	00:56:50.530		1.35825			4
2025.07.11	00:56:51.138		1.35823			4
2025.07.11	00:56:53.314		1.35826			4
2025.07.11	00:56:53.625		1.35825			4
2025.07.11	00:56:54.255		1.35822			4
2025.07.11	00:56:55.489		1.35824			4
2025.07.11	00:56:55.794		1.35821			4
2025.07.11	00:56:58.885		1.35824			4
2025.07.11	00:56:59.507		1.35822			4
2025.07.11	00:57:00.121	1.35736	1.35825			6
2025.07.11	00:57:00.426		1.35828			4
2025.07.11	00:57:00.743		1.35826			4
2025.07.11	00:57:05.374		1.35827			4
2025.07.11	00:57:05.685		1.35830			4
2025.07.11	00:57:05.991		1.35826			4
2025.07.11	00:57:06.298		1.35827			4
2025.07.11	00:57:08.152		1.35829			4
2025.07.11	00:57:10.321		1.35825			4
2025.07.11	00:57:11.866		1.35824			4
2025.07.11	00:57:13.718		1.35825			4
2025.07.11	00:57:15.266		1.35824			4
2025.07.11	00:57:18.353		1.35827			4
2025.07.11	00:57:21.753		1.35826			4
2025.07.11	00:57:22.368		1.35829			4
2025.07.11	00:57:28.246		1.35825			4
2025.07.11	00:57:29.175		1.35826			4
2025.07.11	00:57:44.607		1.35825			4
2025.07.11	00:57:44.912		1.35826			4
2025.07.11	00:57:47.381		1.35824			4
2025.07.11	00:57:47.691		1.35823			4
2025.07.11	00:57:53.554		1.35828			4
2025.07.11	00:57:59.735		1.35834			4
2025.07.11	00:58:00.048	1.35736				2
2025.07.11	00:58:02.520		1.35831			4
2025.07.11	00:58:03.446		1.35824			4
2025.07.11	00:58:03.751		1.35825			4
2025.07.11	00:58:05.604		1.35824			4
2025.07.11	00:58:06.533		1.35827			4
2025.07.11	00:58:08.699		1.35830			4
2025.07.11	00:58:09.005		1.35827			4
2025.07.11	00:58:09.318		1.35826			4
2025.07.11	00:58:09.626		1.35824			4
2025.07.11	00:58:11.165		1.35823			4
2025.07.11	00:58:13.018		1.35825			4
2025.07.11	00:58:13.332		1.35824			4
2025.07.11	00:58:18.581		1.35828			4
2025.07.11	00:58:23.824		1.35826			4
2025.07.11	00:58:33.393		1.35825			4
2025.07.11	00:58:33.703		1.35823			4
2025.07.11	00:58:34.318		1.35826			4
2025.07.11	00:58:35.869	1.35726				2
2025.07.11	00:58:40.805		1.35827			4
2025.07.11	00:58:41.732		1.35828			4
2025.07.11	00:58:42.037		1.35826			4
2025.07.11	00:58:42.344		1.35824			4
2025.07.11	00:58:42.974		1.35829			4
2025.07.11	00:58:44.525		1.35825			4
2025.07.11	00:58:46.382		1.35827			4
2025.07.11	00:58:46.691		1.35823			4
2025.07.11	00:58:47.293		1.35825			4
2025.07.11	00:58:51.308		1.35826			4
2025.07.11	00:58:52.232		1.35825			4
2025.07.11	00:58:55.621		1.35826			4
2025.07.11	00:58:58.085		1.35824			4
2025.07.11	00:58:59.634		1.35825			4
2025.07.11	00:59:00.250	1.35726	1.35824			6
2025.07.11	00:59:02.721		1.35822			4
2025.07.11	00:59:04.572		1.35824			4
2025.07.11	00:59:06.441		1.35825			4
2025.07.11	00:59:06.750		1.35826			4
2025.07.11	00:59:09.521		1.35824			4
2025.07.11	00:59:14.458		1.35823			4
2025.07.11	00:59:16.628		1.35806			4
2025.07.11	01:00:00.140	1.35717				2
2025.07.11	01:00:00.442	1.35726				2
2025.07.11	01:00:00.759	1.35734				2
2025.07.11	01:00:01.377	1.35742	1.35801			6
2025.07.11	01:00:01.692	1.35731	1.35794			6
2025.07.11	01:00:02.297	1.35729	1.35797			6
2025.07.11	01:00:02.611	1.35733				2
2025.07.11	01:00:02.920	1.35731				2
2025.07.11	01:00:03.223	1.35733				2
2025.07.11	01:00:03.528	1.35742	1.35811			6
2025.07.11	01:00:03.834	1.35744	1.35810			6
2025.07.11	01:00:04.140	1.35743	1.35811			6
2025.07.11	01:00:04.452	1.35738	1.35813			6
2025.07.11	01:00:04.757	1.35739	1.35810			6
2025.07.11	01:00:05.059	1.35744	1.35812			6
2025.07.11	01:00:05.363	1.35745	1.35813			6
2025.07.11	01:00:05.669	1.35746	1.35810			6
2025.07.11	01:00:05.979	1.35747	1.35811			6
2025.07.11	01:00:06.290	1.35749				2
2025.07.11	01:00:06.591	1.35747	1.35809			6
2025.07.11	01:00:06.902	1.35746	1.35806			6
2025.07.11	01:00:07.207	1.35748				2
2025.07.11	01:00:07.516		1.35805			4
2025.07.11	01:00:08.448	1.35764	1.35802			6
2025.07.11	01:00:08.760	1.35763	1.35787			6
2025.07.11	01:00:09.686		1.35793			4
2025.07.11	01:00:10.596	1.35748				2
2025.07.11	01:00:10.898	1.35753				2
2025.07.11	01:00:13.052		1.35798			4
2025.07.11	01:00:13.358	1.35754				2
2025.07.11	01:00:13.664	1.35756				2
2025.07.11	01:00:15.497	1.35757				2
2025.07.11	01:00:15.802	1.35756				2
2025.07.11	01:00:16.106	1.35759				2
2025.07.11	01:00:16.408	1.35797	1.35811			6
2025.07.11	01:00:18.247	1.35798	1.35810			6
2025.07.11	01:00:21.286		1.35808			4
2025.07.11	01:00:21.592		1.35810			4
2025.07.11	01:00:23.123		1.35808			4
2025.07.11	01:00:26.199	1.35802				2
2025.07.11	01:00:26.500	1.35803	1.35810			6
2025.07.11	01:00:29.556	1.35808	1.35817			6
2025.07.11	01:00:29.858	1.35810	1.35827			6
2025.07.11	01:00:31.070	1.35813	1.35828			6
2025.07.11	01:00:33.204	1.35815	1.35826			6
2025.07.11	01:00:38.691	1.35820	1.35827			6
2025.07.11	01:00:38.997		1.35830			4
2025.07.11	01:00:41.139	1.35822	1.35828			6
2025.07.11	01:00:42.354	1.35816	1.35824			6
2025.07.11	01:00:48.467	1.35814				2
2025.07.11	01:00:50.302	1.35813	1.35820			6
2025.07.11	01:00:54.267	1.35815	1.35825			6
2025.07.11	01:01:00.137	1.35813	1.35816			6
2025.07.11	01:01:00.441	1.35814	1.35817			6
2025.07.11	01:01:01.358	1.35813				2
2025.07.11	01:01:02.276		1.35814			4
2025.07.11	01:01:02.585	1.35820	1.35823			6
2025.07.11	01:01:02.891	1.35819	1.35822			6
2025.07.11	01:01:03.204	1.35821	1.35826			6
2025.07.11	01:01:03.510	1.35822	1.35827			6
2025.07.11	01:01:04.125		1.35826			4
2025.07.11	01:01:04.428	1.35823	1.35827			6
2025.07.11	01:01:04.734	1.35822	1.35826			6
2025.07.11	01:01:05.354	1.35823				2
2025.07.11	01:01:06.270	1.35824	1.35827			6
2025.07.11	01:01:06.575	1.35823	1.35826			6
2025.07.11	01:01:08.722	1.35822	1.35825			6
2025.07.11	01:01:09.332	1.35823	1.35826			6
2025.07.11	01:01:09.943	1.35821	1.35824			6
2025.07.11	01:01:10.247	1.35823	1.35826			6
2025.07.11	01:01:11.159	1.35822	1.35825			6
2025.07.11	01:01:13.311	1.35821	1.35824			6
2025.07.11	01:01:14.533	1.35819	1.35820			6
2025.07.11	01:01:14.836		1.35821			4
2025.07.11	01:01:16.366		1.35820			4
2025.07.11	01:01:18.199		1.35821			4
2025.07.11	01:01:22.809	1.35814	1.35817			6
2025.07.11	01:01:23.117	1.35813	1.35816			6
2025.07.11	01:01:24.039	1.35815				2
2025.07.11	01:01:32.321	1.35814	1.35815			6
2025.07.11	01:01:36.291	1.35815	1.35816			6
2025.07.11	01:01:37.514	1.35812	1.35815			6
2025.07.11	01:01:37.817	1.35810	1.35813			6
2025.07.11	01:01:39.655	1.35809	1.35812			6
2025.07.11	01:01:40.261	1.35810	1.35813			6
2025.07.11	01:01:46.078	1.35809	1.35812			6
2025.07.11	01:01:53.421	1.35808	1.35811			6
2025.07.11	01:01:55.245	1.35809	1.35812			6
2025.07.11	01:02:00.144	1.35809				2
2025.07.11	01:02:00.757	1.35808	1.35811			6
2025.07.11	01:02:01.978	1.35809	1.35812			6
2025.07.11	01:02:02.591	1.35808	1.35811			6
2025.07.11	01:02:03.503	1.35809	1.35812			6
2025.07.11	01:02:09.302	1.35810	1.35813			6
2025.07.11	01:02:14.206	1.35809	1.35812			6
2025.07.11	01:02:15.729	1.35811	1.35814			6
2025.07.11	01:02:30.034	1.35810	1.35813			6
2025.07.11	01:02:30.340	1.35809	1.35812			6
2025.07.11	01:02:33.382	1.35810	1.35813			6
2025.07.11	01:02:34.307	1.35811	1.35814			6
2025.07.11	01:02:37.966	1.35810	1.35813			6
2025.07.11	01:02:40.708	1.35811	1.35814			6
2025.07.11	01:02:41.013	1.35808	1.35811			6
2025.07.11	01:02:42.228	1.35807				2
2025.07.11	01:02:44.061	1.35808	1.35812			6
2025.07.11	01:02:44.369	1.35809				2
2025.07.11	01:02:45.295	1.35810	1.35813			6
2025.07.11	01:02:46.827	1.35809	1.35812			6
2025.07.11	01:02:47.131	1.35808				2
2025.07.11	01:02:48.363	1.35809				2
2025.07.11	01:02:49.278	1.35810	1.35813			6
2025.07.11	01:02:50.184	1.35809				2
2025.07.11	01:02:51.102	1.35810				2
2025.07.11	01:02:55.076	1.35809	1.35812			6
2025.07.11	01:03:00.291	1.35809				2
2025.07.11	01:03:03.978	1.35808	1.35811			6
2025.07.11	01:03:04.281	1.35804	1.35807			6
2025.07.11	01:03:05.195		1.35809			4
2025.07.11	01:03:07.367		1.35808			4
2025.07.11	01:03:09.203		1.35807			4
2025.07.11	01:03:11.364		1.35806			4
2025.07.11	01:03:14.430		1.35807			4
2025.07.11	01:03:15.341		1.35808			4
2025.07.11	01:03:16.250	1.35805				2
2025.07.11	01:03:21.138	1.35806	1.35809			6
2025.07.11	01:03:22.055	1.35805	1.35808			6
2025.07.11	01:03:25.118	1.35804	1.35807			6
2025.07.11	01:03:25.419	1.35805	1.35808			6
2025.07.11	01:03:32.746	1.35804	1.35807			6
2025.07.11	01:03:36.404	1.35805	1.35808			6
2025.07.11	01:03:40.361	1.35804	1.35807			6
2025.07.11	01:03:42.808	1.35805	1.35808			6
2025.07.11	01:03:44.339	1.35804	1.35807			6
2025.07.11	01:03:45.549	1.35805	1.35808			6
2025.07.11	01:03:53.484	1.35804	1.35807			6
2025.07.11	01:03:57.142	1.35805	1.35808			6
2025.07.11	01:04:00.200	1.35805				2
2025.07.11	01:04:02.040	1.35804	1.35807			6
2025.07.11	01:04:02.647	1.35805	1.35808			6
2025.07.11	01:04:06.332	1.35804	1.35807			6
2025.07.11	01:04:06.944	1.35805	1.35808			6
2025.07.11	01:04:24.372	1.35806	1.35809			6
2025.07.11	01:04:25.909	1.35805	1.35808			6
2025.07.11	01:04:27.128	1.35804				2
2025.07.11	01:04:28.356	1.35805				2
2025.07.11	01:04:31.122	1.35806	1.35809			6
2025.07.11	01:04:32.343	1.35804	1.35807			6
2025.07.11	01:04:33.274		1.35812			4
2025.07.11	01:04:36.359		1.35811			4
2025.07.11	01:04:38.203		1.35810			4
2025.07.11	01:04:39.130		1.35809			4
2025.07.11	01:04:41.270		1.35808			4
2025.07.11	01:04:42.188	1.35805				2
2025.07.11	01:04:42.493	1.35804	1.35807			6
2025.07.11	01:04:47.682	1.35805	1.35808			6
2025.07.11	01:04:49.802	1.35804	1.35807			6
2025.07.11	01:04:52.846		1.35806			4
2025.07.11	01:04:53.154		1.35807			4
2025.07.11	01:05:00.179	1.35804				2
2025.07.11	01:05:02.324		1.35806			4
2025.07.11	01:05:04.462	1.35803				2
2025.07.11	01:05:07.832	1.35804	1.35807			6
2025.07.11	01:05:09.968	1.35803	1.35806			6
2025.07.11	01:05:17.922	1.35804	1.35807			6
2025.07.11	01:05:19.759	1.35803	1.35806			6
2025.07.11	01:05:30.536	1.35804	1.35807			6
2025.07.11	01:05:40.368	1.35805	1.35808			6
2025.07.11	01:05:41.278	1.35804	1.35809			6
2025.07.11	01:05:42.209		1.35808			4
2025.07.11	01:05:43.144	1.35805				2
2025.07.11	01:05:48.028	1.35804	1.35807			6
2025.07.11	01:05:51.367	1.35803	1.35806			6
2025.07.11	01:05:56.578	1.35804	1.35807			6
2025.07.11	01:05:58.736	1.35803	1.35806			6
2025.07.11	01:06:00.276	1.35803				2
2025.07.11	01:06:02.135	1.35804	1.35807			6
2025.07.11	01:06:02.446	1.35805	1.35808			6
2025.07.11	01:06:03.371	1.35798	1.35810			6
2025.07.11	01:06:04.611	1.35799	1.35811			6
2025.07.11	01:06:07.083	1.35803				2
2025.07.11	01:06:10.178		1.35810			4
2025.07.11	01:06:11.413		1.35809			4
2025.07.11	01:06:13.286		1.35808			4
2025.07.11	01:06:14.212		1.35807			4
2025.07.11	01:06:15.138	1.35804				2
2025.07.11	01:06:22.153	1.35803	1.35806			6
2025.07.11	01:06:31.623	1.35804	1.35807			6
2025.07.11	01:06:43.806	1.35803	1.35806			6
2025.07.11	01:07:00.001	1.35803				2
2025.07.11	01:07:13.222	1.35804	1.35807			6
2025.07.11	01:07:14.153	1.35803	1.35810			6
2025.07.11	01:07:16.313		1.35809			4
2025.07.11	01:07:18.171		1.35808			4
2025.07.11	01:07:20.337		1.35807			4
2025.07.11	01:07:22.193		1.35808			4
2025.07.11	01:07:23.122		1.35807			4
2025.07.11	01:07:25.295	1.35804				2
2025.07.11	01:07:25.901	1.35805	1.35808			6
2025.07.11	01:07:26.205	1.35804				2
2025.07.11	01:07:28.358	1.35805				2
2025.07.11	01:07:35.988	1.35804	1.35807			6
2025.07.11	01:07:36.295	1.35803	1.35811			6
2025.07.11	01:07:39.380		1.35810			4
2025.07.11	01:07:40.309		1.35809			4
2025.07.11	01:07:41.234		1.35808			4
2025.07.11	01:07:42.164		1.35807			4
2025.07.11	01:07:44.323	1.35804				2
2025.07.11	01:07:52.302	1.35803	1.35806			6
2025.07.11	01:07:53.236		1.35810			4
2025.07.11	01:07:53.860		1.35811			4
2025.07.11	01:08:00.011	1.35803	1.35810			6
2025.07.11	01:08:02.178		1.35809			4
2025.07.11	01:08:03.416		1.35810			4
2025.07.11	01:08:04.339		1.35811			4
2025.07.11	01:08:07.119		1.35810			4
2025.07.11	01:08:09.278		1.35809			4
2025.07.11	01:08:11.134		1.35808			4
2025.07.11	01:08:13.300		1.35807			4
2025.07.11	01:08:14.218	1.35804				2
2025.07.11	01:08:15.759	1.35806	1.35809			6
2025.07.11	01:08:16.063	1.35805	1.35808			6
2025.07.11	01:08:19.718	1.35804	1.35807			6
2025.07.11	01:08:30.378	1.35805	1.35808			6
2025.07.11	01:08:32.210	1.35810	1.35813			6
2025.07.11	01:08:32.518	1.35809	1.35812			6
2025.07.11	01:08:33.125	1.35807	1.35816			6
2025.07.11	01:08:35.591	1.35812	1.35820			6
2025.07.11	01:08:40.851		1.35821			4
2025.07.11	01:08:41.157		1.35820			4
2025.07.11	01:08:43.326		1.35819			4
2025.07.11	01:08:45.181		1.35818			4
2025.07.11	01:08:46.403		1.35817			4
2025.07.11	01:08:46.718	1.35813	1.35818			6
2025.07.11	01:08:47.024	1.35819	1.35824			6
2025.07.11	01:08:48.261		1.35827			4
2025.07.11	01:08:50.101	1.35821				2
2025.07.11	01:08:51.337		1.35826			4
2025.07.11	01:08:53.193		1.35825			4
2025.07.11	01:08:55.038		1.35826			4
2025.07.11	01:08:55.339		1.35825			4
2025.07.11	01:08:57.203		1.35823			4
2025.07.11	01:08:59.640	1.35816	1.35820			6
2025.07.11	01:08:59.947		1.35819			4
2025.07.11	01:09:00.249	1.35820	1.35821			6
2025.07.11	01:09:00.550		1.35822			4
2025.07.11	01:09:01.158		1.35823			4
2025.07.11	01:09:01.764		1.35822			4
2025.07.11	01:09:05.416		1.35823			4
2025.07.11	01:09:06.030		1.35822			4
2025.07.11	01:09:11.537		1.35823			4
2025.07.11	01:09:13.971		1.35822			4
2025.07.11	01:09:16.423		1.35823			4
2025.07.11	01:09:22.239		1.35822			4
2025.07.11	01:09:22.852		1.35823			4
2025.07.11	01:09:23.771	1.35821	1.35824			6
2025.07.11	01:09:25.915	1.35820	1.35822			6
2025.07.11	01:09:32.959	1.35823	1.35824			6
2025.07.11	01:09:33.260		1.35825			4
2025.07.11	01:09:34.180		1.35827			4
2025.07.11	01:09:34.494		1.35826			4
2025.07.11	01:09:35.427		1.35827			4
2025.07.11	01:09:35.732		1.35826			4
2025.07.11	01:09:36.659		1.35825			4
2025.07.11	01:09:37.894		1.35826			4
2025.07.11	01:09:39.124	1.35824				2
2025.07.11	01:09:39.738		1.35825			4
2025.07.11	01:09:40.053		1.35826			4
2025.07.11	01:09:42.505		1.35825			4
2025.07.11	01:09:44.341		1.35826			4
2025.07.11	01:09:49.196		1.35825			4
2025.07.11	01:09:53.459		1.35826			4
2025.07.11	01:09:54.681	1.35822	1.35825			6
2025.07.11	01:09:54.990	1.35828	1.35831			6
2025.07.11	01:09:56.204	1.35827	1.35836			6
2025.07.11	01:09:56.511		1.35837			4
2025.07.11	01:10:00.202	1.35827				2
2025.07.11	01:10:00.816	1.35828				2
2025.07.11	01:10:01.118		1.35834			4
2025.07.11	01:10:01.426	1.35830	1.35837			6
2025.07.11	01:10:01.735		1.35838			4
2025.07.11	01:10:03.271		1.35836			4
2025.07.11	01:10:03.578		1.35837			4
2025.07.11	01:10:03.880	1.35825	1.35832			6
2025.07.11	01:10:04.191		1.35828			4
2025.07.11	01:10:05.113		1.35831			4
2025.07.11	01:10:12.209		1.35830			4
2025.07.11	01:10:14.362		1.35829			4
2025.07.11	01:10:15.281		1.35828			4
2025.07.11	01:10:21.996		1.35827			4
2025.07.11	01:10:22.298		1.35828			4
2025.07.11	01:10:22.902		1.35827			4
2025.07.11	01:10:29.903		1.35828			4
2025.07.11	01:10:40.011	1.35826	1.35829			6
2025.07.11	01:10:41.543	1.35825	1.35828			6
2025.07.11	01:10:42.774	1.35826				2
2025.07.11	01:10:43.075		1.35829			4
2025.07.11	01:10:44.608		1.35828			4
2025.07.11	01:10:45.217		1.35829			4
2025.07.11	01:10:51.610		1.35828			4
2025.07.11	01:10:51.919	1.35829	1.35832			6
2025.07.11	01:10:52.221	1.35831	1.35834			6
2025.07.11	01:10:53.127	1.35828	1.35838			6
2025.07.11	01:10:56.191		1.35837			4
2025.07.11	01:10:57.728	1.35829				2
2025.07.11	01:10:58.355		1.35836			4
2025.07.11	01:10:59.282		1.35835			4
2025.07.11	01:11:00.207	1.35830	1.35834			6
2025.07.11	01:11:02.341	1.35831				2
2025.07.11	01:11:03.265	1.35832	1.35835			6
2025.07.11	01:11:22.519	1.35831	1.35834			6
2025.07.11	01:11:28.032	1.35829	1.35832			6
2025.07.11	01:11:29.557	1.35828	1.35831			6
2025.07.11	01:11:29.863	1.35831	1.35834			6
2025.07.11	01:11:30.171	1.35830				2
2025.07.11	01:11:32.325	1.35831				2
2025.07.11	01:11:36.608	1.35830	1.35833			6
2025.07.11	01:11:41.495	1.35832	1.35835			6
2025.07.11	01:11:42.720	1.35835	1.35837			6
2025.07.11	01:11:43.941	1.35836				2
2025.07.11	01:11:58.611	1.35835				2
2025.07.11	01:12:00.143	1.35835				2
2025.07.11	01:12:05.350		1.35838			4
2025.07.11	01:12:12.787		1.35837			4
2025.07.11	01:12:14.027		1.35838			4
2025.07.11	01:12:19.594		1.35837			4
2025.07.11	01:12:19.898		1.35836			4
2025.07.11	01:12:20.206	1.35836	1.35840			6
2025.07.11	01:12:21.419	1.35835	1.35844			6
2025.07.11	01:12:21.738		1.35842			4
2025.07.11	01:12:22.344		1.35841			4
2025.07.11	01:12:22.964		1.35842			4
2025.07.11	01:12:28.218		1.35841			4
2025.07.11	01:12:28.523		1.35842			4
2025.07.11	01:12:29.465		1.35841			4
2025.07.11	01:12:31.313		1.35840			4
2025.07.11	01:12:31.621		1.35841			4
2025.07.11	01:12:33.174		1.35840			4
2025.07.11	01:12:34.100		1.35839			4
2025.07.11	01:12:35.335	1.35836				2
2025.07.11	01:12:39.292	1.35835	1.35838			6
2025.07.11	01:12:40.513	1.35836	1.35839			6
2025.07.11	01:12:43.866	1.35835	1.35838			6
2025.07.11	01:12:47.242	1.35836	1.35839			6
2025.07.11	01:12:48.163	1.35835	1.35838			6
2025.07.11	01:12:58.257		1.35842			4
2025.07.11	01:12:59.174		1.35841			4
2025.07.11	01:12:59.482		1.35840			4
2025.07.11	01:13:00.100	1.35835				2
2025.07.11	01:13:00.403		1.35841			4
2025.07.11	01:13:00.707	1.35833	1.35839			6
2025.07.11	01:13:01.009		1.35838			4
2025.07.11	01:13:01.318	1.35832	1.35839			6
2025.07.11	01:13:02.241		1.35838			4
2025.07.11	01:13:03.152	1.35833				2
2025.07.11	01:13:03.457	1.35834	1.35839			6
2025.07.11	01:13:04.379	1.35833				2
2025.07.11	01:13:05.299	1.35834	1.35838			6
2025.07.11	01:13:06.222	1.35833	1.35837			6
2025.07.11	01:13:07.147	1.35834				2
2025.07.11	01:13:08.376	1.35833				2
2025.07.11	01:13:09.293	1.35834				2
2025.07.11	01:13:11.128	1.35833	1.35836			6
2025.07.11	01:13:12.357	1.35834	1.35837			6
2025.07.11	01:13:16.324	1.35835	1.35838			6
2025.07.11	01:13:21.850	1.35833	1.35836			6
2025.07.11	01:13:31.339	1.35834	1.35837			6
2025.07.11	01:13:32.257	1.35835	1.35838			6
2025.07.11	01:13:33.780	1.35834	1.35837			6
2025.07.11	01:13:38.989	1.35833	1.35836			6
2025.07.11	01:13:39.295	1.35834	1.35837			6
2025.07.11	01:13:45.717	1.35830	1.35833			6
2025.07.11	01:13:46.327	1.35829	1.35832			6
2025.07.11	01:13:46.941	1.35828	1.35831			6
2025.07.11	01:13:47.245		1.35836			4
2025.07.11	01:13:48.166		1.35835			4
2025.07.11	01:13:51.552	1.35830	1.35839			6
2025.07.11	01:13:51.864		1.35838			4
2025.07.11	01:13:56.212		1.35837			4
2025.07.11	01:13:57.135		1.35836			4
2025.07.11	01:13:57.757		1.35837			4
2025.07.11	01:13:59.310		1.35836			4
2025.07.11	01:14:00.232	1.35831				2
2025.07.11	01:14:01.170		1.35835			4
2025.07.11	01:14:01.785	1.35830	1.35834			6
2025.07.11	01:14:02.096	1.35831				2
2025.07.11	01:14:03.309	1.35832	1.35835			6
2025.07.11	01:14:04.538	1.35831	1.35834			6
2025.07.11	01:14:07.292	1.35832	1.35835			6
2025.07.11	01:14:10.635	1.35831	1.35834			6
2025.07.11	01:14:11.540	1.35830	1.35833			6
2025.07.11	01:14:11.844	1.35829	1.35832			6
2025.07.11	01:14:17.346	1.35830	1.35833			6
2025.07.11	01:14:19.170	1.35829	1.35831			6
2025.07.11	01:14:24.074	1.35831	1.35834			6
2025.07.11	01:14:25.310	1.35829	1.35838			6
2025.07.11	01:14:26.231		1.35837			4
2025.07.11	01:14:27.162		1.35836			4
2025.07.11	01:14:28.407	1.35830	1.35835			6
2025.07.11	01:14:29.332		1.35834			4
2025.07.11	01:14:30.259	1.35831				2
2025.07.11	01:14:34.845	1.35830	1.35831			6
2025.07.11	01:14:35.151		1.35832			4
2025.07.11	01:14:38.198	1.35829				2
2025.07.11	01:15:00.292	1.35828	1.35830			6
2025.07.11	01:15:00.601		1.35831			4
2025.07.11	01:15:00.902		1.35830			4
2025.07.11	01:15:02.116		1.35831			4
2025.07.11	01:15:03.326	1.35829	1.35832			6
2025.07.11	01:15:07.912	1.35828	1.35831			6
2025.07.11	01:15:10.355	1.35829	1.35832			6
2025.07.11	01:15:10.968	1.35830	1.35833			6
2025.07.11	01:15:11.281	1.35829	1.35832			6
2025.07.11	01:15:11.586	1.35830	1.35833			6
2025.07.11	01:15:11.893	1.35829	1.35832			6
2025.07.11	01:15:26.042	1.35830	1.35833			6
2025.07.11	01:15:31.669	1.35829	1.35832			6
2025.07.11	01:15:37.550	1.35832	1.35835			6
2025.07.11	01:15:37.858	1.35836	1.35839			6
2025.07.11	01:15:38.176	1.35837	1.35840			6
2025.07.11	01:15:38.791	1.35838	1.35841			6
2025.07.11	01:15:39.097	1.35835	1.35844			6
2025.07.11	01:15:39.713		1.35843			4
2025.07.11	01:15:40.024		1.35844			4
2025.07.11	01:15:40.644		1.35843			4
2025.07.11	01:15:42.817	1.35836				2
2025.07.11	01:15:45.292		1.35842			4
2025.07.11	01:15:47.153		1.35841			4
2025.07.11	01:15:49.327		1.35840			4
2025.07.11	01:15:51.188		1.35839			4
2025.07.11	01:15:52.118		1.35840			4
2025.07.11	01:15:53.359		1.35839			4
2025.07.11	01:15:54.911		1.35840			4
2025.07.11	01:15:55.227	1.35837				2
2025.07.11	01:15:59.807	1.35836	1.35839			6
2025.07.11	01:16:00.109	1.35836				2
2025.07.11	01:16:06.236	1.35837	1.35840			6
2025.07.11	01:16:26.375	1.35836	1.35839			6
2025.07.11	01:16:26.681	1.35837	1.35840			6
2025.07.11	01:16:30.348	1.35836	1.35839			6
2025.07.11	01:16:32.506	1.35837	1.35840			6
2025.07.11	01:16:32.807	1.35836	1.35839			6
2025.07.11	01:16:33.120	1.35837	1.35840			6
2025.07.11	01:16:33.424	1.35836	1.35839			6
2025.07.11	01:16:33.728	1.35837	1.35840			6
2025.07.11	01:16:34.649	1.35836	1.35839			6
2025.07.11	01:16:35.261	1.35837	1.35840			6
2025.07.11	01:16:41.085		1.35839			4
2025.07.11	01:16:42.014		1.35840			4
2025.07.11	01:16:43.561	1.35834	1.35837			6
2025.07.11	01:16:44.185	1.35832	1.35840			6
2025.07.11	01:16:45.427		1.35839			4
2025.07.11	01:16:46.358		1.35838			4
2025.07.11	01:16:47.278	1.35833				2
2025.07.11	01:16:48.204		1.35837			4
2025.07.11	01:16:48.824	1.35835	1.35839			6
2025.07.11	01:16:49.126	1.35837	1.35841			6
2025.07.11	01:16:49.753	1.35836	1.35839			6
2025.07.11	01:16:50.357		1.35841			4
2025.07.11	01:16:50.665		1.35842			4
2025.07.11	01:16:51.902		1.35841			4
2025.07.11	01:16:53.139		1.35840			4
2025.07.11	01:16:55.310	1.35837				2
2025.07.11	01:17:00.175	1.35837				2
2025.07.11	01:17:02.603	1.35838	1.35841			6
2025.07.11	01:17:05.667	1.35837	1.35840			6
2025.07.11	01:17:21.893	1.35839				2
2025.07.11	01:17:22.512	1.35837				2
2025.07.11	01:17:24.677		1.35839			4
2025.07.11	01:17:32.666		1.35840			4
2025.07.11	01:17:37.283		1.35839			4
2025.07.11	01:17:38.207		1.35840			4
2025.07.11	01:17:39.127		1.35841			4
2025.07.11	01:17:41.275		1.35840			4
2025.07.11	01:17:42.203		1.35839			4
2025.07.11	01:17:43.120		1.35840			4
2025.07.11	01:17:45.277		1.35839			4
2025.07.11	01:17:46.811		1.35840			4
2025.07.11	01:17:47.425		1.35839			4
2025.07.11	01:18:00.028	1.35837				2
2025.07.11	01:18:00.336		1.35840			4
2025.07.11	01:18:00.656		1.35839			4
2025.07.11	01:18:01.887	1.35836				2
2025.07.11	01:18:02.190	1.35837	1.35840			6
2025.07.11	01:18:04.967	1.35835	1.35838			6
2025.07.11	01:18:06.215	1.35832	1.35839			6
2025.07.11	01:18:06.523	1.35835	1.35841			6
2025.07.11	01:18:06.829		1.35842			4
2025.07.11	01:18:07.137	1.35837	1.35844			6
2025.07.11	01:18:09.905		1.35843			4
2025.07.11	01:18:10.223		1.35844			4
2025.07.11	01:18:14.236		1.35843			4
2025.07.11	01:18:15.170		1.35842			4
2025.07.11	01:18:16.397		1.35841			4
2025.07.11	01:18:16.702	1.35838	1.35842			6
2025.07.11	01:18:17.006		1.35841			4
2025.07.11	01:18:19.151		1.35840			4
2025.07.11	01:18:22.193	1.35835	1.35838			6
2025.07.11	01:18:23.114	1.35832	1.35841			6
2025.07.11	01:18:26.204		1.35840			4
2025.07.11	01:18:27.132	1.35833	1.35839			6
2025.07.11	01:18:28.064	1.35832	1.35838			6
2025.07.11	01:18:28.371	1.35834	1.35839			6
2025.07.11	01:18:28.991	1.35833	1.35838			6
2025.07.11	01:18:29.295	1.35834				2
2025.07.11	01:18:30.216		1.35837			4
2025.07.11	01:18:31.442	1.35835	1.35838			6
2025.07.11	01:18:33.277	1.35834	1.35837			6
2025.07.11	01:18:33.578	1.35835	1.35838			6
2025.07.11	01:18:33.886	1.35834	1.35837			6
2025.07.11	01:18:34.190	1.35835	1.35838			6
2025.07.11	01:18:34.491	1.35834	1.35837			6
2025.07.11	01:18:35.105	1.35835	1.35838			6
2025.07.11	01:18:35.411	1.35834	1.35837			6
2025.07.11	01:18:37.237	1.35835	1.35838			6
2025.07.11	01:18:37.541	1.35834	1.35837			6
2025.07.11	01:18:39.065	1.35835	1.35838			6
2025.07.11	01:18:39.372	1.35833	1.35836			6
2025.07.11	01:18:40.286	1.35834	1.35837			6
2025.07.11	01:18:41.200	1.35833				2
2025.07.11	01:18:41.810	1.35832	1.35836			6
2025.07.11	01:18:42.115	1.35833	1.35838			6
2025.07.11	01:18:43.347	1.35832	1.35839			6
2025.07.11	01:18:44.276	1.35833	1.35838			6
2025.07.11	01:18:45.201		1.35837			4
2025.07.11	01:18:45.822	1.35832	1.35836			6
2025.07.11	01:18:46.130	1.35833	1.35838			6
2025.07.11	01:18:46.433	1.35832	1.35837			6
2025.07.11	01:18:46.739	1.35833	1.35838			6
2025.07.11	01:18:47.346	1.35834	1.35839			6
2025.07.11	01:18:47.969	1.35833	1.35838			6
2025.07.11	01:18:48.273	1.35832				2
2025.07.11	01:18:48.580		1.35839			4
2025.07.11	01:18:48.882		1.35838			4
2025.07.11	01:18:49.191		1.35841			4
2025.07.11	01:18:49.809		1.35840			4
2025.07.11	01:18:50.118		1.35841			4
2025.07.11	01:18:50.434		1.35840			4
2025.07.11	01:18:51.363		1.35838			4
2025.07.11	01:18:52.279		1.35837			4
2025.07.11	01:18:53.202		1.35836			4
2025.07.11	01:18:54.127	1.35833				2
2025.07.11	01:18:58.691	1.35834	1.35837			6
2025.07.11	01:19:00.212	1.35834				2
2025.07.11	01:19:00.817	1.35833	1.35836			6
2025.07.11	01:19:01.130	1.35834	1.35837			6
2025.07.11	01:19:01.439	1.35833	1.35836			6
2025.07.11	01:19:03.577	1.35834	1.35837			6
2025.07.11	01:19:03.888	1.35833	1.35836			6
2025.07.11	01:19:04.501	1.35832	1.35835			6
2025.07.11	01:19:04.803	1.35833	1.35836			6
2025.07.11	01:19:05.107	1.35834	1.35837			6
2025.07.11	01:19:05.409	1.35833	1.35836			6
2025.07.11	01:19:08.448	1.35834	1.35837			6
2025.07.11	01:19:09.055	1.35833	1.35836			6
2025.07.11	01:19:23.671	1.35832	1.35835			6
2025.07.11	01:19:24.903	1.35833	1.35836			6
2025.07.11	01:19:33.428	1.35832	1.35835			6
2025.07.11	01:19:33.741	1.35833	1.35836			6
2025.07.11	01:19:34.047	1.35832	1.35835			6
2025.07.11	01:19:34.349	1.35833	1.35836			6
2025.07.11	01:19:34.653	1.35832	1.35835			6
2025.07.11	01:19:35.262	1.35833	1.35836			6
2025.07.11	01:19:35.572	1.35832	1.35835			6
2025.07.11	01:19:38.901	1.35833	1.35836			6
2025.07.11	01:19:39.514	1.35832	1.35835			6
2025.07.11	01:19:39.817	1.35833	1.35836			6
2025.07.11	01:20:00.083	1.35833				2
2025.07.11	01:20:00.393	1.35836	1.35837			6
2025.07.11	01:20:00.700	1.35837	1.35840			6
2025.07.11	01:20:01.325	1.35836	1.35844			6
2025.07.11	01:20:01.949		1.35845			4
2025.07.11	01:20:04.420		1.35846			4
2025.07.11	01:20:05.041	1.35835	1.35841			6
2025.07.11	01:20:06.598		1.35842			4
2025.07.11	01:20:06.904		1.35843			4
2025.07.11	01:20:08.143		1.35842			4
2025.07.11	01:20:10.923	1.35831	1.35839			6
2025.07.11	01:20:11.230	1.35832				2
2025.07.11	01:20:13.390		1.35838			4
2025.07.11	01:20:13.698		1.35839			4
2025.07.11	01:20:14.946		1.35838			4
2025.07.11	01:20:15.252	1.35831	1.35837			6
2025.07.11	01:20:16.192		1.35836			4
2025.07.11	01:20:19.292		1.35835			4
2025.07.11	01:20:21.118	1.35833	1.35836			6
2025.07.11	01:20:21.425	1.35832	1.35835			6
2025.07.11	01:20:21.730	1.35833	1.35836			6
2025.07.11	01:20:22.654	1.35832	1.35835			6
2025.07.11	01:20:22.955	1.35833	1.35836			6
2025.07.11	01:20:23.257	1.35832	1.35835			6
2025.07.11	01:20:23.561	1.35833	1.35836			6
2025.07.11	01:20:25.078	1.35832	1.35835			6
2025.07.11	01:20:25.378	1.35833	1.35836			6
2025.07.11	01:20:27.212	1.35832	1.35835			6
2025.07.11	01:20:27.515	1.35833	1.35836			6
2025.07.11	01:20:27.820	1.35832	1.35835			6
2025.07.11	01:20:35.450	1.35831	1.35834			6
2025.07.11	01:20:35.761	1.35832	1.35835			6
2025.07.11	01:20:37.284	1.35831	1.35834			6
2025.07.11	01:20:37.596	1.35832	1.35835			6
2025.07.11	01:20:38.802	1.35831	1.35834			6
2025.07.11	01:20:39.111	1.35832	1.35835			6
2025.07.11	01:20:39.421	1.35831	1.35834			6
2025.07.11	01:20:39.728	1.35832	1.35835			6
2025.07.11	01:20:40.337	1.35833	1.35836			6
2025.07.11	01:20:49.505	1.35832	1.35835			6
2025.07.11	01:20:53.155	1.35833	1.35836			6
2025.07.11	01:20:53.458	1.35832	1.35835			6
2025.07.11	01:20:57.453	1.35833	1.35836			6
2025.07.11	01:20:57.758	1.35832	1.35835			6
2025.07.11	01:21:00.214	1.35832				2
2025.07.11	01:21:00.829	1.35831	1.35834			6
2025.07.11	01:21:03.597	1.35832	1.35835			6
2025.07.11	01:21:03.905	1.35831	1.35834			6
2025.07.11	01:21:06.359	1.35832	1.35835			6
2025.07.11	01:21:06.664	1.35831	1.35834			6
2025.07.11	01:21:08.807	1.35832	1.35835			6
2025.07.11	01:21:09.116	1.35831	1.35834			6
2025.07.11	01:21:10.342	1.35832	1.35835			6
2025.07.11	01:21:10.948	1.35833	1.35836			6
2025.07.11	01:21:11.251	1.35832	1.35835			6
2025.07.11	01:21:11.563	1.35833	1.35836			6
2025.07.11	01:21:11.868	1.35831	1.35834			6
2025.07.11	01:21:14.920	1.35832	1.35835			6
2025.07.11	01:21:30.306	1.35831	1.35834			6
2025.07.11	01:21:31.243	1.35832	1.35835			6
2025.07.11	01:21:32.157	1.35831				2
2025.07.11	01:21:33.389	1.35832				2
2025.07.11	01:21:35.241	1.35833	1.35836			6
2025.07.11	01:21:35.548	1.35832	1.35835			6
2025.07.11	01:21:36.784	1.35831	1.35834			6
2025.07.11	01:21:50.019	1.35832	1.35835			6
2025.07.11	01:21:50.326	1.35831	1.35834			6
2025.07.11	01:21:53.409	1.35832	1.35835			6
2025.07.11	01:21:55.554	1.35831	1.35834			6
2025.07.11	01:21:55.855	1.35832	1.35835			6
2025.07.11	01:22:00.150	1.35832				2
2025.07.11	01:22:01.075	1.35828	1.35831			6
2025.07.11	01:22:01.393	1.35829	1.35832			6
2025.07.11	01:22:02.318	1.35827	1.35835			6
2025.07.11	01:22:02.624		1.35836			4
2025.07.11	01:22:03.249		1.35835			4
2025.07.11	01:22:04.479		1.35836			4
2025.07.11	01:22:06.321		1.35835			4
2025.07.11	01:22:06.634		1.35837			4
2025.07.11	01:22:06.942		1.35835			4
2025.07.11	01:22:07.248		1.35836			4
2025.07.11	01:22:07.867	1.35823	1.35830			6
2025.07.11	01:22:08.788		1.35831			4
2025.07.11	01:22:09.406		1.35832			4
2025.07.11	01:22:10.949		1.35831			4
2025.07.11	01:22:11.882		1.35832			4
2025.07.11	01:22:15.284		1.35831			4
2025.07.11	01:22:16.222		1.35830			4
2025.07.11	01:22:16.530		1.35832			4
2025.07.11	01:22:17.155	1.35824	1.35831			6
2025.07.11	01:22:19.315		1.35830			4
2025.07.11	01:22:20.238	1.35825				2
2025.07.11	01:22:21.172		1.35829			4
2025.07.11	01:22:21.483	1.35824	1.35828			6
2025.07.11	01:22:21.792	1.35825	1.35829			6
2025.07.11	01:22:22.708	1.35824	1.35828			6
2025.07.11	01:22:24.837	1.35823	1.35827			6
2025.07.11	01:22:26.355	1.35824				2
2025.07.11	01:22:28.501	1.35825	1.35828			6
2025.07.11	01:22:28.805	1.35824	1.35827			6
2025.07.11	01:22:29.110	1.35825	1.35828			6
2025.07.11	01:22:30.029	1.35824	1.35827			6
2025.07.11	01:22:30.334	1.35825	1.35828			6
2025.07.11	01:22:34.612	1.35824	1.35827			6
2025.07.11	01:22:34.924	1.35825	1.35828			6
2025.07.11	01:22:36.444	1.35824	1.35827			6
2025.07.11	01:22:41.950	1.35825	1.35828			6
2025.07.11	01:22:42.252	1.35824	1.35827			6
2025.07.11	01:22:44.401	1.35825	1.35828			6
2025.07.11	01:22:45.008	1.35824	1.35827			6
2025.07.11	01:22:46.220	1.35825	1.35828			6
2025.07.11	01:22:46.526	1.35824	1.35827			6
2025.07.11	01:22:46.831	1.35825	1.35828			6
2025.07.11	01:22:51.392	1.35824	1.35827			6
2025.07.11	01:22:51.997	1.35825	1.35828			6
2025.07.11	01:22:52.312	1.35824	1.35827			6
2025.07.11	01:22:53.231	1.35830	1.35833			6
2025.07.11	01:22:53.534	1.35833	1.35836			6
2025.07.11	01:22:54.139	1.35831	1.35839			6
2025.07.11	01:22:54.754	1.35836	1.35844			6
2025.07.11	01:22:55.061	1.35837	1.35845			6
2025.07.11	01:22:55.683		1.35844			4
2025.07.11	01:22:55.988		1.35845			4
2025.07.11	01:22:56.293		1.35846			4
2025.07.11	01:22:59.379		1.35845			4
2025.07.11	01:23:00.313	1.35837	1.35846			6
2025.07.11	01:23:01.244	1.35841	1.35847			6
2025.07.11	01:23:01.559		1.35848			4
2025.07.11	01:23:02.191		1.35847			4
2025.07.11	01:23:04.357		1.35846			4
2025.07.11	01:23:05.282		1.35845			4
2025.07.11	01:23:07.139		1.35844			4
2025.07.11	01:23:11.434	1.35842	1.35845			6
2025.07.11	01:23:16.018	1.35843	1.35846			6
2025.07.11	01:23:20.309	1.35842	1.35845			6
2025.07.11	01:23:20.612	1.35843	1.35846			6
2025.07.11	01:23:21.835	1.35841	1.35844			6
2025.07.11	01:23:23.360	1.35839	1.35842			6
2025.07.11	01:23:23.966	1.35840	1.35843			6
2025.07.11	01:23:24.275	1.35839	1.35842			6
2025.07.11	01:23:30.083	1.35840	1.35843			6
2025.07.11	01:23:30.385	1.35837	1.35840			6
2025.07.11	01:23:32.826	1.35836	1.35839			6
2025.07.11	01:23:35.271	1.35837	1.35840			6
2025.07.11	01:23:37.424	1.35836	1.35839			6
2025.07.11	01:23:42.924	1.35837	1.35840			6
2025.07.11	01:23:46.291	1.35836	1.35839			6
2025.07.11	01:23:49.068	1.35835	1.35838			6
2025.07.11	01:23:49.371	1.35836	1.35839			6
2025.07.11	01:23:49.676	1.35837	1.35840			6
2025.07.11	01:23:49.983	1.35836	1.35839			6
2025.07.11	01:23:50.284	1.35837	1.35840			6
2025.07.11	01:23:50.586	1.35836	1.35839			6
2025.07.11	01:23:55.803	1.35837	1.35840			6
2025.07.11	01:23:56.107	1.35836	1.35839			6
2025.07.11	01:23:57.012	1.35837	1.35840			6
2025.07.11	01:23:57.313	1.35836	1.35839			6
2025.07.11	01:23:59.148	1.35835	1.35838			6
2025.07.11	01:23:59.456	1.35836	1.35839			6
2025.07.11	01:24:00.058	1.35836				2
2025.07.11	01:24:00.367	1.35835	1.35838			6
2025.07.11	01:24:00.668	1.35837	1.35840			6
2025.07.11	01:24:04.321	1.35836	1.35839			6
2025.07.11	01:24:05.242	1.35835	1.35838			6
2025.07.11	01:24:06.162	1.35836	1.35839			6
2025.07.11	01:24:06.472	1.35835	1.35838			6
2025.07.11	01:24:10.147	1.35836	1.35839			6
2025.07.11	01:24:11.683	1.35835	1.35838			6
2025.07.11	01:24:14.720	1.35834	1.35837			6
2025.07.11	01:24:15.345	1.35835	1.35838			6
2025.07.11	01:24:33.184	1.35836	1.35839			6
2025.07.11	01:24:37.827	1.35835	1.35838			6
2025.07.11	01:24:40.282	1.35834	1.35837			6
2025.07.11	01:24:40.587	1.35835	1.35838			6
2025.07.11	01:24:41.191	1.35834	1.35837			6
2025.07.11	01:24:42.123	1.35833				2
2025.07.11	01:24:43.377	1.35834				2
2025.07.11	01:24:45.226	1.35835	1.35838			6
2025.07.11	01:24:45.531	1.35836	1.35839			6
2025.07.11	01:24:46.140	1.35834	1.35842			6
2025.07.11	01:24:47.989		1.35843			4
2025.07.11	01:24:48.296		1.35842			4
2025.07.11	01:24:49.215	1.35835				2
2025.07.11	01:24:50.140		1.35841			4
2025.07.11	01:24:51.374	1.35836				2
2025.07.11	01:24:52.300		1.35840			4
2025.07.11	01:24:53.229	1.35835	1.35839			6
2025.07.11	01:24:54.145		1.35840			4
2025.07.11	01:24:55.376		1.35839			4
2025.07.11	01:24:56.304		1.35838			4
2025.07.11	01:24:57.223	1.35837	1.35840			6
2025.07.11	01:24:58.149	1.35835				2
2025.07.11	01:24:59.397		1.35842			4
2025.07.11	01:25:00.015	1.35835				2
2025.07.11	01:25:01.239		1.35841			4
2025.07.11	01:25:02.166	1.35836				2
2025.07.11	01:25:03.084	1.35837	1.35842			6
2025.07.11	01:25:03.702	1.35836	1.35841			6
2025.07.11	01:25:04.013	1.35835	1.35840			6
2025.07.11	01:25:04.317		1.35843			4
2025.07.11	01:25:05.243		1.35842			4
2025.07.11	01:25:07.394		1.35841			4
2025.07.11	01:25:08.328		1.35840			4
2025.07.11	01:25:10.176		1.35839			4
2025.07.11	01:25:10.482		1.35838			4
2025.07.11	01:25:12.942	1.35836	1.35839			6
2025.07.11	01:25:13.243	1.35835	1.35838			6
2025.07.11	01:25:14.170		1.35839			4
2025.07.11	01:25:15.404		1.35838			4
2025.07.11	01:25:16.638	1.35836	1.35839			6
2025.07.11	01:25:19.086	1.35835	1.35838			6
2025.07.11	01:25:19.399	1.35836	1.35839			6
2025.07.11	01:25:21.828	1.35834	1.35837			6
2025.07.11	01:25:22.129	1.35832	1.35839			6
2025.07.11	01:25:26.123		1.35838			4
2025.07.11	01:25:27.353	1.35833				2
2025.07.11	01:25:27.665	1.35832	1.35837			6
2025.07.11	01:25:28.277	1.35833				2
2025.07.11	01:25:29.195	1.35832	1.35838			6
2025.07.11	01:25:30.111	1.35833	1.35837			6
2025.07.11	01:25:31.344	1.35834				2
2025.07.11	01:25:45.129	1.35833	1.35836			6
2025.07.11	01:25:50.020	1.35834	1.35837			6
2025.07.11	01:25:50.325	1.35833	1.35836			6
2025.07.11	01:25:52.773	1.35834	1.35837			6
2025.07.11	01:25:53.381	1.35833	1.35836			6
2025.07.11	01:26:00.093	1.35833				2
2025.07.11	01:26:21.785	1.35834	1.35837			6
2025.07.11	01:26:22.097	1.35835	1.35838			6
2025.07.11	01:26:23.323	1.35832	1.35841			6
2025.07.11	01:26:24.240		1.35840			4
2025.07.11	01:26:24.549	1.35834				2
2025.07.11	01:26:24.858		1.35841			4
2025.07.11	01:26:28.233		1.35840			4
2025.07.11	01:26:29.160	1.35835				2
2025.07.11	01:26:30.396		1.35839			4
2025.07.11	01:26:31.321	1.35836				2
2025.07.11	01:26:34.686	1.35835	1.35838			6
2025.07.11	01:26:39.003	1.35836	1.35839			6
2025.07.11	01:26:40.220	1.35835	1.35840			6
2025.07.11	01:26:41.151		1.35839			4
2025.07.11	01:26:42.383	1.35836				2
2025.07.11	01:26:46.982	1.35835	1.35838			6
2025.07.11	01:26:47.591	1.35836	1.35839			6
2025.07.11	01:26:48.810	1.35835	1.35838			6
2025.07.11	01:27:00.085	1.35835				2
2025.07.11	01:27:00.393	1.35836	1.35839			6
2025.07.11	01:27:01.321	1.35835	1.35838			6
2025.07.11	01:27:02.265		1.35841			4
2025.07.11	01:27:02.566		1.35842			4
2025.07.11	01:27:03.182		1.35841			4
2025.07.11	01:27:04.107		1.35843			4
2025.07.11	01:27:05.340		1.35842			4
2025.07.11	01:27:06.268		1.35841			4
2025.07.11	01:27:07.193		1.35840			4
2025.07.11	01:27:08.125		1.35839			4
2025.07.11	01:27:09.046		1.35838			4
2025.07.11	01:27:09.350	1.35833	1.35839			6
2025.07.11	01:27:10.277		1.35840			4
2025.07.11	01:27:11.530	1.35832				2
2025.07.11	01:27:11.831	1.35831	1.35838			6
2025.07.11	01:27:13.689		1.35839			4
2025.07.11	01:27:15.247	1.35832	1.35841			6
2025.07.11	01:27:15.565		1.35840			4
2025.07.11	01:27:19.598		1.35839			4
2025.07.11	01:27:19.899	1.35831				2
2025.07.11	01:27:23.311		1.35838			4
2025.07.11	01:27:24.246	1.35832	1.35837			6
2025.07.11	01:27:25.185		1.35836			4
2025.07.11	01:27:27.321	1.35833				2
2025.07.11	01:27:30.070	1.35832	1.35835			6
2025.07.11	01:28:00.062	1.35832				2
2025.07.11	01:28:04.653	1.35833	1.35836			6
2025.07.11	01:28:07.399	1.35832	1.35835			6
2025.07.11	01:28:10.160	1.35833	1.35836			6
2025.07.11	01:28:11.386	1.35832	1.35837			6
2025.07.11	01:28:12.311		1.35836			4
2025.07.11	01:28:14.169	1.35833				2
2025.07.11	01:28:16.307	1.35832	1.35835			6
2025.07.11	01:28:16.610	1.35833	1.35836			6
2025.07.11	01:28:19.955	1.35831	1.35834			6
2025.07.11	01:28:20.260	1.35832	1.35835			6
2025.07.11	01:28:23.916	1.35831	1.35834			6
2025.07.11	01:28:24.536	1.35832	1.35835			6
2025.07.11	01:28:25.142	1.35831				2
2025.07.11	01:28:26.394		1.35838			4
2025.07.11	01:28:28.248		1.35837			4
2025.07.11	01:28:29.176		1.35836			4
2025.07.11	01:28:31.328		1.35835			4
2025.07.11	01:28:31.944		1.35834			4
2025.07.11	01:28:32.248	1.35832	1.35835			6
2025.07.11	01:28:37.171	1.35831	1.35834			6
2025.07.11	01:28:37.472	1.35832	1.35835			6
2025.07.11	01:28:54.015	1.35833	1.35836			6
2025.07.11	01:29:00.148	1.35833				2
2025.07.11	01:29:00.455	1.35832	1.35835			6
2025.07.11	01:29:00.758	1.35834	1.35837			6
2025.07.11	01:29:01.982	1.35833	1.35836			6
2025.07.11	01:29:02.284	1.35832	1.35839			6
2025.07.11	01:29:09.399		1.35838			4
2025.07.11	01:29:10.318		1.35837			4
2025.07.11	01:29:12.175		1.35836			4
2025.07.11	01:29:13.102	1.35833				2
2025.07.11	01:30:00.181	1.35832	1.35835			6
2025.07.11	01:30:00.483	1.35833	1.35836			6
2025.07.11	01:30:02.932	1.35832	1.35835			6
2025.07.11	01:30:10.986	1.35831	1.35834			6
2025.07.11	01:30:12.233		1.35835			4
2025.07.11	01:30:13.167		1.35834			4
2025.07.11	01:30:15.343	1.35832	1.35835			6
2025.07.11	01:30:16.270	1.35831	1.35838			6
2025.07.11	01:30:22.163		1.35837			4
2025.07.11	01:30:24.329		1.35836			4
2025.07.11	01:30:25.251	1.35832				2
2025.07.11	01:30:27.122		1.35835			4
2025.07.11	01:30:30.177	1.35831	1.35834			6
2025.07.11	01:30:31.399		1.35839			4
2025.07.11	01:30:40.367		1.35838			4
2025.07.11	01:30:41.290		1.35837			4
2025.07.11	01:30:43.144		1.35836			4
2025.07.11	01:30:44.374	1.35832				2
2025.07.11	01:30:45.604	1.35831	1.35835			6
2025.07.11	01:30:47.117	1.35832				2
2025.07.11	01:30:51.092	1.35833	1.35836			6
2025.07.11	01:30:51.707	1.35832	1.35835			6
2025.07.11	01:30:52.626	1.35833	1.35836			6
2025.07.11	01:30:53.241	1.35832	1.35837			6
2025.07.11	01:30:53.870	1.35831	1.35836			6
2025.07.11	01:30:54.177		1.35838			4
2025.07.11	01:30:54.491		1.35839			4
2025.07.11	01:30:57.270		1.35838			4
2025.07.11	01:30:58.193	1.35832				2
2025.07.11	01:30:59.124		1.35837			4
2025.07.11	01:31:00.040	1.35832				2
2025.07.11	01:31:00.350	1.35833				2
2025.07.11	01:31:02.191		1.35836			4
2025.07.11	01:31:04.344	1.35832	1.35835			6
2025.07.11	01:31:05.266	1.35831	1.35836			6
2025.07.11	01:31:06.184	1.35832				2
2025.07.11	01:31:07.102		1.35835			4
2025.07.11	01:31:18.391	1.35833	1.35836			6
2025.07.11	01:31:18.698	1.35832	1.35835			6
2025.07.11	01:31:22.660	1.35833	1.35836			6
2025.07.11	01:31:26.011	1.35832	1.35835			6
2025.07.11	01:31:26.615	1.35833	1.35836			6
2025.07.11	01:31:27.222	1.35832	1.35837			6
2025.07.11	01:31:28.142	1.35833				2
2025.07.11	01:31:29.380		1.35836			4
2025.07.11	01:31:31.201	1.35832	1.35838			6
2025.07.11	01:31:33.353		1.35837			4
2025.07.11	01:31:34.275		1.35836			4
2025.07.11	01:31:36.126		1.35835			4
2025.07.11	01:31:40.704	1.35834	1.35837			6
2025.07.11	01:31:41.008	1.35837	1.35840			6
2025.07.11	01:31:41.315	1.35834	1.35841			6
2025.07.11	01:31:46.237		1.35843			4
2025.07.11	01:31:46.544		1.35842			4
2025.07.11	01:31:48.384		1.35841			4
2025.07.11	01:31:51.139		1.35840			4
2025.07.11	01:31:52.377	1.35835	1.35841			6
2025.07.11	01:31:53.295	1.35834	1.35839			6
2025.07.11	01:31:54.215	1.35835				2
2025.07.11	01:31:56.960	1.35834	1.35838			6
2025.07.11	01:31:57.261	1.35835				2
2025.07.11	01:31:58.182	1.35837	1.35840			6
2025.07.11	01:31:59.100	1.35836				2
2025.07.11	01:32:00.008	1.35836				2
2025.07.11	01:32:01.218	1.35837				2
2025.07.11	01:32:02.132	1.35836	1.35839			6
2025.07.11	01:32:02.445	1.35837	1.35840			6
2025.07.11	01:32:02.757	1.35834	1.35837			6
2025.07.11	01:32:04.283		1.35838			4
2025.07.11	01:32:06.137		1.35837			4
2025.07.11	01:32:13.759	1.35835	1.35838			6
2025.07.11	01:32:14.981	1.35836	1.35839			6
2025.07.11	01:32:16.206	1.35837	1.35840			6
2025.07.11	01:32:20.764	1.35836	1.35839			6
2025.07.11	01:32:23.811	1.35837	1.35840			6
2025.07.11	01:32:26.292	1.35836	1.35839			6
2025.07.11	01:32:32.401	1.35833	1.35836			6
2025.07.11	01:32:32.709	1.35832	1.35835			6
2025.07.11	01:32:34.238	1.35831	1.35839			6
2025.07.11	01:32:38.246		1.35838			4
2025.07.11	01:32:39.167		1.35837			4
2025.07.11	01:32:41.323	1.35832				2
2025.07.11	01:32:42.254		1.35836			4
2025.07.11	01:32:44.111		1.35835			4
2025.07.11	01:32:50.528	1.35831	1.35834			6
2025.07.11	01:32:52.674	1.35832	1.35835			6
2025.07.11	01:32:52.984	1.35831	1.35834			6
2025.07.11	01:33:00.003	1.35831				2
2025.07.11	01:33:01.537	1.35833	1.35836			6
2025.07.11	01:33:03.688	1.35831	1.35834			6
2025.07.11	01:33:03.989	1.35832	1.35835			6
2025.07.11	01:33:17.739		1.35834			4
2025.07.11	01:33:21.717	1.35836	1.35838			6
2025.07.11	01:33:22.023	1.35837	1.35840			6
2025.07.11	01:33:22.936	1.35836	1.35839			6
2025.07.11	01:33:23.241		1.35844			4
2025.07.11	01:33:24.791		1.35843			4
2025.07.11	01:33:27.560		1.35844			4
2025.07.11	01:33:30.340		1.35843			4
2025.07.11	01:33:31.265		1.35842			4
2025.07.11	01:33:32.183		1.35841			4
2025.07.11	01:33:32.505	1.35834	1.35840			6
2025.07.11	01:33:33.117		1.35841			4
2025.07.11	01:33:34.360		1.35840			4
2025.07.11	01:33:35.285		1.35839			4
2025.07.11	01:33:36.204	1.35835				2
2025.07.11	01:33:38.352	1.35836				2
2025.07.11	01:33:43.226		1.35838			4
2025.07.11	01:33:43.535		1.35839			4
2025.07.11	01:33:44.144		1.35838			4
2025.07.11	01:33:51.821		1.35839			4
2025.07.11	01:33:53.054		1.35838			4
2025.07.11	01:33:53.963		1.35839			4
2025.07.11	01:33:56.693	1.35838	1.35841			6
2025.07.11	01:33:56.997	1.35839	1.35842			6
2025.07.11	01:33:58.206	1.35837	1.35844			6
2025.07.11	01:33:59.422		1.35845			4
2025.07.11	01:34:00.034	1.35837				2
2025.07.11	01:34:00.653		1.35844			4
2025.07.11	01:34:00.961		1.35845			4
2025.07.11	01:34:02.177		1.35843			4
2025.07.11	01:34:02.479	1.35838	1.35844			6
2025.07.11	01:34:04.027	1.35837	1.35843			6
2025.07.11	01:34:04.335	1.35838	1.35842			6
2025.07.11	01:34:05.270		1.35843			4
2025.07.11	01:34:06.183		1.35842			4
2025.07.11	01:34:07.104	1.35839				2
2025.07.11	01:34:09.242	1.35838	1.35841			6
2025.07.11	01:34:12.294	1.35839	1.35842			6
2025.07.11	01:34:12.602	1.35838	1.35841			6
2025.07.11	01:34:13.218	1.35842	1.35845			6
2025.07.11	01:34:14.144	1.35841	1.35848			6
2025.07.11	01:34:15.978	1.35842				2
2025.07.11	01:34:20.274		1.35847			4
2025.07.11	01:34:21.197		1.35846			4
2025.07.11	01:34:22.120	1.35843				2
2025.07.11	01:34:25.170	1.35841	1.35844			6
2025.07.11	01:34:25.475		1.35842			4
2025.07.11	01:34:25.784		1.35843			4
2025.07.11	01:34:26.089		1.35846			4
2025.07.11	01:34:27.340		1.35845			4
2025.07.11	01:34:28.259		1.35844			4
2025.07.11	01:34:30.110		1.35843			4
2025.07.11	01:34:33.464	1.35838	1.35841			6
2025.07.11	01:34:36.536	1.35839	1.35842			6
2025.07.11	01:34:38.657	1.35838	1.35841			6
2025.07.11	01:34:42.008	1.35840	1.35842			6
2025.07.11	01:34:43.535		1.35843			4
2025.07.11	01:34:49.646		1.35842			4
2025.07.11	01:34:56.099		1.35843			4
2025.07.11	01:35:00.063	1.35840				2
2025.07.11	01:35:00.978		1.35841			4
2025.07.11	01:35:02.190		1.35842			4
2025.07.11	01:35:06.768		1.35841			4
2025.07.11	01:35:07.380		1.35842			4
2025.07.11	01:35:08.607		1.35841			4
2025.07.11	01:35:11.361	1.35841	1.35844			6
2025.07.11	01:35:11.670	1.35840	1.35842			6
2025.07.11	01:35:13.812	1.35836	1.35839			6
2025.07.11	01:35:14.122	1.35835	1.35844			6
2025.07.11	01:35:15.053	1.35834	1.35843			6
2025.07.11	01:35:18.135		1.35842			4
2025.07.11	01:35:18.753	1.35835	1.35843			6
2025.07.11	01:35:19.057		1.35844			4
2025.07.11	01:35:19.369	1.35834	1.35843			6
2025.07.11	01:35:21.231	1.35835	1.35842			6
2025.07.11	01:35:21.536		1.35843			4
2025.07.11	01:35:22.459		1.35842			4
2025.07.11	01:35:24.307		1.35841			4
2025.07.11	01:35:25.240	1.35836	1.35840			6
2025.07.11	01:35:26.160	1.35834	1.35837			6
2025.07.11	01:35:26.468	1.35833	1.35836			6
2025.07.11	01:35:27.386	1.35832	1.35838			6
2025.07.11	01:35:31.404		1.35839			4
2025.07.11	01:35:32.334		1.35838			4
2025.07.11	01:35:33.262		1.35837			4
2025.07.11	01:35:34.178		1.35836			4
2025.07.11	01:35:34.791	1.35831	1.35835			6
2025.07.11	01:35:36.305	1.35832				2
2025.07.11	01:35:38.138	1.35831	1.35834			6
2025.07.11	01:35:40.912	1.35832	1.35835			6
2025.07.11	01:35:41.218	1.35831	1.35834			6
2025.07.11	01:35:42.748	1.35832	1.35835			6
2025.07.11	01:35:47.953	1.35828	1.35831			6
2025.07.11	01:35:48.264	1.35826	1.35834			6
2025.07.11	01:35:48.871	1.35825				2
2025.07.11	01:35:49.492	1.35826				2
2025.07.11	01:35:51.348		1.35835			4
2025.07.11	01:35:54.131		1.35834			4
2025.07.11	01:35:54.744		1.35833			4
2025.07.11	01:35:55.365		1.35832			4
2025.07.11	01:35:55.978		1.35833			4
2025.07.11	01:35:57.229	1.35827	1.35832			6
2025.07.11	01:35:58.148	1.35828				2
2025.07.11	01:35:58.450	1.35827	1.35831			6
2025.07.11	01:35:59.371	1.35828				2
2025.07.11	01:36:00.289	1.35828				2
2025.07.11	01:36:08.525	1.35829	1.35832			6
2025.07.11	01:36:10.360	1.35828	1.35831			6
2025.07.11	01:36:10.669	1.35829	1.35832			6
2025.07.11	01:36:14.345	1.35828	1.35831			6
2025.07.11	01:36:16.464	1.35829	1.35832			6
2025.07.11	01:36:17.676	1.35825	1.35828			6
2025.07.11	01:36:18.285		1.35833			4
2025.07.11	01:36:20.132		1.35832			4
2025.07.11	01:36:20.434		1.35833			4
2025.07.11	01:36:23.212		1.35831			4
2025.07.11	01:36:24.137		1.35830			4
2025.07.11	01:36:25.371		1.35829			4
2025.07.11	01:36:26.293	1.35826				2
2025.07.11	01:36:37.620	1.35827	1.35830			6
2025.07.11	01:36:43.108	1.35831	1.35834			6
2025.07.11	01:36:43.422	1.35832	1.35835			6
2025.07.11	01:36:44.338	1.35831	1.35838			6
2025.07.11	01:36:47.426	1.35832				2
2025.07.11	01:36:52.367		1.35837			4
2025.07.11	01:36:54.230		1.35836			4
2025.07.11	01:36:56.366		1.35835			4
2025.07.11	01:37:00.007	1.35832				2
2025.07.11	01:37:00.934	1.35833	1.35836			6
2025.07.11	01:37:01.242	1.35832	1.35835			6
2025.07.11	01:37:05.847	1.35833	1.35836			6
2025.07.11	01:37:10.708	1.35832	1.35835			6
2025.07.11	01:37:11.011	1.35833	1.35836			6
2025.07.11	01:37:12.228	1.35832	1.35835			6
2025.07.11	01:37:12.834	1.35833	1.35836			6
2025.07.11	01:37:13.136	1.35832	1.35835			6
2025.07.11	01:37:13.442	1.35833	1.35836			6
2025.07.11	01:37:13.742	1.35832	1.35835			6
2025.07.11	01:37:14.049	1.35833	1.35836			6
2025.07.11	01:37:43.422	1.35832	1.35835			6
2025.07.11	01:37:44.038	1.35833	1.35836			6
2025.07.11	01:37:44.349	1.35832	1.35835			6
2025.07.11	01:37:44.963	1.35833	1.35836			6
2025.07.11	01:37:45.269	1.35832	1.35835			6
2025.07.11	01:37:48.625	1.35833	1.35836			6
2025.07.11	01:37:55.978	1.35832	1.35835			6
2025.07.11	01:37:56.897	1.35833	1.35836			6
2025.07.11	01:37:57.202	1.35832	1.35835			6
2025.07.11	01:37:57.516	1.35833	1.35836			6
2025.07.11	01:37:57.817	1.35832	1.35835			6
2025.07.11	01:37:58.121	1.35833	1.35836			6
2025.07.11	01:37:58.421	1.35832	1.35835			6
2025.07.11	01:37:58.724	1.35833	1.35836			6
2025.07.11	01:37:59.029	1.35832	1.35835			6
2025.07.11	01:38:00.246	1.35832				2
2025.07.11	01:38:37.955	1.35833	1.35836			6
2025.07.11	01:38:39.179	1.35832	1.35838			6
2025.07.11	01:38:40.109		1.35837			4
2025.07.11	01:38:40.418	1.35833	1.35838			6
2025.07.11	01:38:40.722	1.35834	1.35839			6
2025.07.11	01:38:41.331		1.35841			4
2025.07.11	01:38:50.300		1.35840			4
2025.07.11	01:38:52.162		1.35839			4
2025.07.11	01:38:54.330		1.35838			4
2025.07.11	01:38:54.950	1.35833	1.35837			6
2025.07.11	01:38:55.263	1.35834	1.35838			6
2025.07.11	01:38:55.578	1.35833	1.35837			6
2025.07.11	01:38:56.195		1.35838			4
2025.07.11	01:38:58.367		1.35837			4
2025.07.11	01:39:00.224	1.35834				2
2025.07.11	01:39:01.131		1.35838			4
2025.07.11	01:39:02.355		1.35837			4
2025.07.11	01:39:03.575	1.35833	1.35836			6
2025.07.11	01:39:03.880	1.35834	1.35837			6
2025.07.11	01:39:04.183	1.35833	1.35838			6
2025.07.11	01:39:05.105		1.35839			4
2025.07.11	01:39:07.277		1.35838			4
2025.07.11	01:39:07.593		1.35839			4
2025.07.11	01:39:07.898		1.35838			4
2025.07.11	01:39:09.153		1.35839			4
2025.07.11	01:39:11.008		1.35838			4
2025.07.11	01:39:13.165		1.35837			4
2025.07.11	01:39:14.710		1.35836			4
2025.07.11	01:39:15.026		1.35837			4
2025.07.11	01:39:16.260		1.35838			4
2025.07.11	01:39:17.182		1.35839			4
2025.07.11	01:39:18.116		1.35838			4
2025.07.11	01:39:18.417	1.35832	1.35839			6
2025.07.11	01:39:22.137	1.35833	1.35838			6
2025.07.11	01:39:23.380		1.35837			4
2025.07.11	01:39:24.303	1.35834				2
2025.07.11	01:39:26.722	1.35833	1.35836			6
2025.07.11	01:39:27.329	1.35832				2
2025.07.11	01:39:28.239	1.35833				2
2025.07.11	01:39:29.778	1.35834	1.35837			6
2025.07.11	01:39:30.397	1.35833	1.35838			6
2025.07.11	01:39:31.312		1.35837			4
2025.07.11	01:39:32.237	1.35834				2
2025.07.11	01:39:32.546	1.35833	1.35836			6
2025.07.11	01:39:32.850	1.35834	1.35837			6
2025.07.11	01:39:44.480	1.35833	1.35836			6
2025.07.11	01:39:44.783	1.35834	1.35837			6
2025.07.11	01:39:45.089	1.35833	1.35836			6
2025.07.11	01:39:45.394	1.35834	1.35837			6
2025.07.11	01:39:53.321	1.35833	1.35836			6
2025.07.11	01:39:54.226	1.35834	1.35837			6
2025.07.11	01:39:55.146	1.35832	1.35839			6
2025.07.11	01:39:56.391	1.35833	1.35838			6
2025.07.11	01:39:57.310		1.35837			4
2025.07.11	01:39:58.233		1.35836			4
2025.07.11	01:39:59.155		1.35837			4
2025.07.11	01:40:00.086	1.35833				2
2025.07.11	01:40:01.320	1.35834				2
2025.07.11	01:40:01.626	1.35833	1.35836			6
2025.07.11	01:40:01.933	1.35834	1.35837			6
2025.07.11	01:40:02.242	1.35833	1.35836			6
2025.07.11	01:40:02.548	1.35834	1.35837			6
2025.07.11	01:40:02.856	1.35833	1.35836			6
2025.07.11	01:40:03.168	1.35831	1.35838			6
2025.07.11	01:40:04.405		1.35837			4
2025.07.11	01:40:05.334	1.35832	1.35836			6
2025.07.11	01:40:06.267	1.35833				2
2025.07.11	01:40:07.490	1.35834	1.35837			6
2025.07.11	01:40:08.104	1.35833	1.35840			6
2025.07.11	01:40:09.332	1.35832				2
2025.07.11	01:40:11.171	1.35833	1.35839			6
2025.07.11	01:40:12.403	1.35834	1.35838			6
2025.07.11	01:40:13.323	1.35835				2
2025.07.11	01:40:13.625	1.35833	1.35836			6
2025.07.11	01:40:14.230	1.35832	1.35839			6
2025.07.11	01:40:33.240		1.35838			4
2025.07.11	01:40:34.162		1.35837			4
2025.07.11	01:40:35.081	1.35837	1.35841			6
2025.07.11	01:40:35.387	1.35842	1.35847			6
2025.07.11	01:40:35.701	1.35841				2
2025.07.11	01:40:37.543	1.35842				2
2025.07.11	01:40:37.847	1.35841				2
2025.07.11	01:40:38.465	1.35842				2
2025.07.11	01:40:38.772	1.35841				2
2025.07.11	01:40:39.697	1.35842				2
2025.07.11	01:40:40.001	1.35841				2
2025.07.11	01:40:40.614	1.35842				2
2025.07.11	01:40:40.926	1.35841				2
2025.07.11	01:40:46.152	1.35842				2
2025.07.11	01:40:48.284		1.35846			4
2025.07.11	01:40:50.118	1.35843				2
2025.07.11	01:40:55.942	1.35842	1.35845			6
2025.07.11	01:40:56.558	1.35843	1.35846			6
2025.07.11	01:40:57.778	1.35842	1.35845			6
2025.07.11	01:40:58.697	1.35843	1.35846			6
2025.07.11	01:41:00.227	1.35843				2
2025.07.11	01:41:03.870	1.35842	1.35845			6
2025.07.11	01:41:06.004	1.35843	1.35846			6
2025.07.11	01:41:12.423	1.35842	1.35845			6
2025.07.11	01:41:13.637	1.35843	1.35846			6
2025.07.11	01:41:14.252	1.35842	1.35845			6
2025.07.11	01:41:21.248	1.35843	1.35846			6
2025.07.11	01:41:22.165	1.35842	1.35845			6
2025.07.11	01:41:23.083	1.35843	1.35846			6
2025.07.11	01:41:27.062	1.35842	1.35845			6
2025.07.11	01:41:28.279	1.35843	1.35846			6
2025.07.11	01:41:28.585	1.35842	1.35845			6
2025.07.11	01:41:30.103	1.35843	1.35846			6
2025.07.11	01:41:30.407	1.35842	1.35845			6
2025.07.11	01:41:30.708	1.35843	1.35846			6
2025.07.11	01:41:49.634	1.35842	1.35845			6
2025.07.11	01:41:49.941	1.35843	1.35846			6
2025.07.11	01:41:50.244	1.35842	1.35845			6
2025.07.11	01:41:52.393	1.35843	1.35846			6
2025.07.11	01:41:54.236	1.35842	1.35845			6
2025.07.11	01:41:54.851	1.35843	1.35846			6
2025.07.11	01:42:00.015	1.35843				2
2025.07.11	01:42:03.378	1.35842	1.35845			6
2025.07.11	01:42:03.681	1.35843	1.35846			6
2025.07.11	01:42:04.587	1.35842	1.35845			6
2025.07.11	01:42:05.500	1.35843	1.35846			6
2025.07.11	01:42:05.801	1.35842	1.35845			6
2025.07.11	01:42:06.108	1.35843	1.35846			6
2025.07.11	01:42:07.641	1.35842	1.35845			6
2025.07.11	01:42:08.247	1.35843	1.35846			6
2025.07.11	01:42:09.165	1.35842	1.35845			6
2025.07.11	01:42:09.471	1.35841	1.35844			6
2025.07.11	01:42:10.381	1.35840	1.35846			6
2025.07.11	01:42:10.689		1.35847			4
2025.07.11	01:42:10.997	1.35841	1.35848			6
2025.07.11	01:42:11.316	1.35840	1.35846			6
2025.07.11	01:42:14.720	1.35841	1.35848			6
2025.07.11	01:42:15.335		1.35847			4
2025.07.11	01:42:18.119		1.35846			4
2025.07.11	01:42:20.273	1.35842				2
2025.07.11	01:42:23.330		1.35845			4
2025.07.11	01:42:25.766	1.35843	1.35846			6
2025.07.11	01:42:28.513	1.35849	1.35850			6
2025.07.11	01:42:28.822	1.35850	1.35853			6
2025.07.11	01:42:29.124	1.35851	1.35854			6
2025.07.11	01:42:30.352		1.35857			4
2025.07.11	01:42:31.590	1.35847	1.35854			6
2025.07.11	01:42:35.933	1.35850	1.35856			6
2025.07.11	01:42:36.241	1.35851				2
2025.07.11	01:42:42.128		1.35855			4
2025.07.11	01:42:46.116		1.35854			4
2025.07.11	01:42:50.091	1.35849	1.35852			6
2025.07.11	01:42:50.696	1.35850	1.35853			6
2025.07.11	01:43:00.176	1.35850				2
2025.07.11	01:43:05.481	1.35848	1.35851			6
2025.07.11	01:43:06.096	1.35847	1.35850			6
2025.07.11	01:43:07.925	1.35848	1.35851			6
2025.07.11	01:43:08.225	1.35846	1.35849			6
2025.07.11	01:43:08.527	1.35847	1.35850			6
2025.07.11	01:43:09.437	1.35848	1.35851			6
2025.07.11	01:43:09.741	1.35845	1.35848			6
2025.07.11	01:43:10.042	1.35844	1.35847			6
2025.07.11	01:43:10.347	1.35845	1.35848			6
2025.07.11	01:43:12.193	1.35844	1.35847			6
2025.07.11	01:43:23.781	1.35843	1.35846			6
2025.07.11	01:43:24.091	1.35844	1.35847			6
2025.07.11	01:43:27.151	1.35843	1.35846			6
2025.07.11	01:43:46.426	1.35842	1.35845			6
2025.07.11	01:43:46.727	1.35843	1.35846			6
2025.07.11	01:43:51.594	1.35842	1.35845			6
2025.07.11	01:43:51.900	1.35843	1.35846			6
2025.07.11	01:43:56.208	1.35842	1.35845			6
2025.07.11	01:43:57.436	1.35839	1.35842			6
2025.07.11	01:43:57.754	1.35840	1.35843			6
2025.07.11	01:43:58.058	1.35842	1.35845			6
2025.07.11	01:43:58.364	1.35841	1.35846			6
2025.07.11	01:43:59.287		1.35847			4
2025.07.11	01:44:00.213	1.35841				2
2025.07.11	01:44:03.302		1.35846			4
2025.07.11	01:44:05.146		1.35845			4
2025.07.11	01:44:07.297	1.35842				2
2025.07.11	01:44:07.601	1.35841	1.35844			6
2025.07.11	01:44:09.732	1.35842	1.35845			6
2025.07.11	01:44:10.040	1.35841	1.35844			6
2025.07.11	01:44:10.348	1.35842	1.35845			6
2025.07.11	01:44:10.649	1.35841	1.35844			6
2025.07.11	01:44:11.267	1.35842	1.35845			6
2025.07.11	01:44:12.180		1.35846			4
2025.07.11	01:44:13.094		1.35845			4
2025.07.11	01:44:16.440	1.35841	1.35844			6
2025.07.11	01:44:19.795	1.35842	1.35845			6
2025.07.11	01:44:21.313	1.35841	1.35844			6
2025.07.11	01:44:24.948	1.35843				2
2025.07.11	01:44:25.249	1.35841				2
2025.07.11	01:44:29.846	1.35842	1.35845			6
2025.07.11	01:44:33.519	1.35844	1.35847			6
2025.07.11	01:44:33.821	1.35845	1.35848			6
2025.07.11	01:44:34.140	1.35844	1.35851			6
2025.07.11	01:44:35.371		1.35853			4
2025.07.11	01:44:38.134		1.35852			4
2025.07.11	01:44:39.352		1.35851			4
2025.07.11	01:44:40.276		1.35849			4
2025.07.11	01:44:40.885		1.35848			4
2025.07.11	01:44:41.200		1.35849			4
2025.07.11	01:44:49.174		1.35848			4
2025.07.11	01:44:49.485		1.35847			4
2025.07.11	01:44:50.100		1.35848			4
2025.07.11	01:44:51.322		1.35847			4
2025.07.11	01:44:54.684	1.35845	1.35848			6
2025.07.11	01:44:55.296	1.35846	1.35849			6
2025.07.11	01:44:55.915	1.35847	1.35850			6
2025.07.11	01:44:56.223	1.35845	1.35854			6
2025.07.11	01:44:57.144		1.35853			4
2025.07.11	01:44:58.378	1.35846	1.35852			6
2025.07.11	01:44:59.296	1.35847	1.35851			6
2025.07.11	01:45:00.212	1.35847	1.35850			6
2025.07.11	01:45:38.054	1.35851	1.35854			6
2025.07.11	01:45:39.278	1.35850	1.35858			6
2025.07.11	01:45:42.976		1.35859			4
2025.07.11	01:45:43.284		1.35858			4
2025.07.11	01:45:45.149		1.35857			4
2025.07.11	01:45:47.287		1.35856			4
2025.07.11	01:45:48.213		1.35855			4
2025.07.11	01:45:49.134	1.35851				2
2025.07.11	01:45:51.291		1.35854			4
2025.07.11	01:46:00.149	1.35851				2
2025.07.11	01:46:18.180	1.35852	1.35855			6
2025.07.11	01:46:18.492		1.35854			4
2025.07.11	01:46:18.797		1.35855			4
2025.07.11	01:47:00.149	1.35852				2
2025.07.11	01:47:18.983		1.35855			4
2025.07.11	01:47:27.354	1.35851	1.35856			6
2025.07.11	01:47:28.275		1.35855			4
2025.07.11	01:47:32.292	1.35852				2
2025.07.11	01:47:39.372		1.35856			4
2025.07.11	01:47:42.156		1.35855			4
2025.07.11	01:48:00.095	1.35852				2
2025.07.11	01:48:09.649		1.35854			4
2025.07.11	01:48:10.259		1.35859			4
2025.07.11	01:48:12.413		1.35858			4
2025.07.11	01:48:14.250		1.35857			4
2025.07.11	01:48:16.404		1.35856			4
2025.07.11	01:48:18.244		1.35855			4
2025.07.11	01:48:22.236		1.35854			4
2025.07.11	01:48:22.546	1.35851				2
2025.07.11	01:48:30.229	1.35852	1.35855			6
2025.07.11	01:48:31.153	1.35851	1.35856			6
2025.07.11	01:48:32.379		1.35855			4
2025.07.11	01:48:34.226	1.35852				2
2025.07.11	01:49:00.012	1.35852				2
2025.07.11	01:49:32.549		1.35855			4
2025.07.11	01:50:00.168	1.35852				2
2025.07.11	01:50:07.226	1.35851	1.35858			6
2025.07.11	01:50:15.210		1.35857			4
2025.07.11	01:50:16.747		1.35856			4
2025.07.11	01:50:17.360		1.35858			4
2025.07.11	01:50:20.124		1.35857			4
2025.07.11	01:50:22.276		1.35856			4
2025.07.11	01:50:24.117		1.35855			4
2025.07.11	01:50:25.350		1.35854			4
2025.07.11	01:50:25.651		1.35855			4
2025.07.11	01:50:26.270		1.35857			4
2025.07.11	01:50:27.198		1.35858			4
2025.07.11	01:50:29.354		1.35857			4
2025.07.11	01:50:29.667		1.35858			4
2025.07.11	01:50:30.281		1.35857			4
2025.07.11	01:50:31.206		1.35856			4
2025.07.11	01:50:32.439		1.35855			4
2025.07.11	01:50:32.747		1.35856			4
2025.07.11	01:50:33.053		1.35855			4
2025.07.11	01:50:35.221		1.35857			4
2025.07.11	01:50:35.524		1.35856			4
2025.07.11	01:50:35.831		1.35857			4
2025.07.11	01:50:36.141		1.35856			4
2025.07.11	01:50:38.295		1.35858			4
2025.07.11	01:50:39.223		1.35857			4
2025.07.11	01:50:40.159		1.35856			4
2025.07.11	01:50:42.315		1.35855			4
2025.07.11	01:50:45.069		1.35854			4
2025.07.11	01:50:46.281		1.35856			4
2025.07.11	01:50:47.211		1.35858			4
2025.07.11	01:50:48.138		1.35857			4
2025.07.11	01:50:49.376		1.35856			4
2025.07.11	01:50:50.925		1.35855			4
2025.07.11	01:50:52.157		1.35854			4
2025.07.11	01:50:52.466		1.35855			4
2025.07.11	01:50:52.776		1.35854			4
2025.07.11	01:50:53.081		1.35855			4
2025.07.11	01:50:53.389		1.35856			4
2025.07.11	01:50:54.306		1.35858			4
2025.07.11	01:50:54.621		1.35857			4
2025.07.11	01:50:54.926		1.35858			4
2025.07.11	01:50:58.335		1.35857			4
2025.07.11	01:50:59.263		1.35858			4
2025.07.11	01:51:00.188	1.35851				2
2025.07.11	01:51:02.356		1.35857			4
2025.07.11	01:51:03.282		1.35856			4
2025.07.11	01:51:05.135		1.35855			4
2025.07.11	01:51:07.284		1.35854			4
2025.07.11	01:51:11.287	1.35847	1.35849			6
2025.07.11	01:51:12.212		1.35852			4
2025.07.11	01:51:14.056		1.35855			4
2025.07.11	01:51:18.381		1.35854			4
2025.07.11	01:51:20.235		1.35852			4
2025.07.11	01:51:23.327		1.35851			4
2025.07.11	01:51:28.200	1.35848				2
2025.07.11	01:51:28.815	1.35847	1.35850			6
2025.07.11	01:51:31.572	1.35848	1.35851			6
2025.07.11	01:51:43.514	1.35847	1.35850			6
2025.07.11	01:51:48.723	1.35848	1.35851			6
2025.07.11	01:52:00.017	1.35848				2
2025.07.11	01:52:09.490	1.35847	1.35850			6
2025.07.11	01:52:10.711	1.35848	1.35851			6
2025.07.11	01:52:20.799	1.35850	1.35853			6
2025.07.11	01:52:22.314		1.35856			4
2025.07.11	01:52:23.245		1.35855			4
2025.07.11	01:52:25.100		1.35854			4
2025.07.11	01:52:28.200		1.35853			4
2025.07.11	01:52:40.123	1.35852	1.35855			6
2025.07.11	01:52:41.352	1.35851	1.35856			6
2025.07.11	01:52:42.268		1.35855			4
2025.07.11	01:52:44.118	1.35852				2
2025.07.11	01:53:00.300	1.35852				2
2025.07.11	01:53:07.048	1.35849	1.35852			6
2025.07.11	01:53:07.352	1.35848	1.35851			6
2025.07.11	01:53:08.271	1.35847	1.35854			6
2025.07.11	01:53:15.018		1.35853			4
2025.07.11	01:53:16.249		1.35852			4
2025.07.11	01:53:17.176		1.35851			4
2025.07.11	01:53:18.097	1.35846	1.35852			6
2025.07.11	01:53:18.403	1.35847				2
2025.07.11	01:53:19.319	1.35846	1.35853			6
2025.07.11	01:53:20.252		1.35852			4
2025.07.11	01:53:21.177	1.35847				2
2025.07.11	01:53:22.106		1.35851			4
2025.07.11	01:53:23.339		1.35850			4
2025.07.11	01:53:26.408	1.35848	1.35851			6
2025.07.11	01:53:29.766	1.35847	1.35850			6
2025.07.11	01:53:35.261	1.35848	1.35851			6
2025.07.11	01:53:41.363	1.35847	1.35850			6
2025.07.11	01:53:41.672	1.35848	1.35851			6
2025.07.11	01:53:41.974	1.35846	1.35849			6
2025.07.11	01:53:42.279		1.35850			4
2025.07.11	01:53:43.192		1.35849			4
2025.07.11	01:53:44.421	1.35847	1.35850			6
2025.07.11	01:53:56.662	1.35848	1.35851			6
2025.07.11	01:53:59.733	1.35847	1.35850			6
2025.07.11	01:54:00.040	1.35847				2
2025.07.11	01:54:00.344		1.35851			4
2025.07.11	01:54:01.284		1.35850			4
2025.07.11	01:54:16.263	1.35846	1.35849			6
2025.07.11	01:54:17.180		1.35850			4
2025.07.11	01:54:18.104		1.35849			4
2025.07.11	01:54:18.717	1.35847	1.35850			6
2025.07.11	01:54:19.321	1.35846	1.35853			6
2025.07.11	01:54:19.937		1.35852			4
2025.07.11	01:54:20.244		1.35853			4
2025.07.11	01:54:25.181		1.35852			4
2025.07.11	01:54:26.105		1.35851			4
2025.07.11	01:54:27.336	1.35847				2
2025.07.11	01:54:27.642	1.35845	1.35849			6
2025.07.11	01:54:28.261	1.35843	1.35850			6
2025.07.11	01:54:28.567	1.35847	1.35854			6
2025.07.11	01:54:38.126		1.35853			4
2025.07.11	01:54:39.358		1.35852			4
2025.07.11	01:54:40.288		1.35851			4
2025.07.11	01:54:41.518	1.35850				2
2025.07.11	01:54:41.824	1.35849	1.35853			6
2025.07.11	01:54:42.126	1.35848	1.35855			6
2025.07.11	01:54:44.284		1.35854			4
2025.07.11	01:54:45.207	1.35849				2
2025.07.11	01:54:46.135		1.35853			4
2025.07.11	01:54:47.355	1.35850	1.35856			6
2025.07.11	01:54:48.273		1.35857			4
2025.07.11	01:54:53.201		1.35856			4
2025.07.11	01:54:54.123		1.35855			4
2025.07.11	01:54:55.357		1.35854			4
2025.07.11	01:54:56.884	1.35851	1.35855			6
2025.07.11	01:54:57.197	1.35852				2
2025.07.11	01:55:00.281	1.35852				2
2025.07.11	01:55:06.370	1.35851	1.35854			6
2025.07.11	01:55:21.064	1.35852	1.35855			6
2025.07.11	01:55:47.656	1.35851	1.35854			6
2025.07.11	01:55:50.726	1.35849	1.35852			6
2025.07.11	01:55:52.251		1.35855			4
2025.07.11	01:55:53.164		1.35854			4
2025.07.11	01:55:55.308		1.35853			4
2025.07.11	01:55:57.456	1.35847	1.35852			6
2025.07.11	01:55:57.758	1.35846	1.35851			6
2025.07.11	01:55:58.387	1.35847				2
2025.07.11	01:55:58.693	1.35845	1.35849			6
2025.07.11	01:55:59.315	1.35843	1.35850			6
2025.07.11	01:56:00.236	1.35843				2
2025.07.11	01:56:00.544	1.35842	1.35849			6
2025.07.11	01:56:07.306		1.35848			4
2025.07.11	01:56:08.221	1.35843				2
2025.07.11	01:56:09.144		1.35847			4
2025.07.11	01:56:11.282		1.35846			4
2025.07.11	01:56:37.759	1.35842	1.35845			6
2025.07.11	01:56:58.841	1.35841	1.35844			6
2025.07.11	01:56:59.759	1.35842	1.35845			6
2025.07.11	01:57:00.068	1.35842				2
2025.07.11	01:57:14.743	1.35841	1.35844			6
2025.07.11	01:57:15.048	1.35842	1.35845			6
2025.07.11	01:57:15.366	1.35841	1.35846			6
2025.07.11	01:57:16.282	1.35840	1.35848			6
2025.07.11	01:57:19.101		1.35847			4
2025.07.11	01:57:20.327		1.35846			4
2025.07.11	01:57:21.246	1.35841				2
2025.07.11	01:57:22.171		1.35845			4
2025.07.11	01:57:24.323	1.35842				2
2025.07.11	01:57:50.638	1.35841	1.35844			6
2025.07.11	01:57:50.944	1.35842	1.35845			6
2025.07.11	01:57:52.166	1.35841				2
2025.07.11	01:57:53.398	1.35842				2
2025.07.11	01:57:54.315	1.35840	1.35843			6
2025.07.11	01:57:54.930	1.35839	1.35842			6
2025.07.11	01:57:55.234		1.35846			4
2025.07.11	01:58:00.139	1.35839				2
2025.07.11	01:58:04.133		1.35845			4
2025.07.11	01:58:06.290		1.35844			4
2025.07.11	01:58:07.210	1.35840				2
2025.07.11	01:58:08.129	1.35837	1.35841			6
2025.07.11	01:58:09.360		1.35843			4
2025.07.11	01:58:11.821		1.35844			4
2025.07.11	01:58:13.045		1.35845			4
2025.07.11	01:58:13.971	1.35838				2
2025.07.11	01:58:20.105		1.35844			4
2025.07.11	01:58:21.335	1.35839				2
2025.07.11	01:58:21.947	1.35838	1.35843			6
2025.07.11	01:58:22.258		1.35842			4
2025.07.11	01:58:23.167	1.35837	1.35843			6
2025.07.11	01:58:24.388		1.35842			4
2025.07.11	01:58:25.308	1.35838				2
2025.07.11	01:58:25.616	1.35836	1.35840			6
2025.07.11	01:58:26.223	1.35835	1.35841			6
2025.07.11	01:58:27.159	1.35836				2
2025.07.11	01:58:28.383		1.35840			4
