<DATE>	<TIME>	<BID>	<ASK>	<LAST>	<VOLUME>	<FLAGS>
2025.04.02	00:03:31.149	1.29199	1.29255			6
2025.04.02	00:03:32.355		1.29256			4
2025.04.02	00:03:43.931	1.29200				2
2025.04.02	00:04:10.653	1.29200				2
2025.04.02	00:04:40.654		1.29255			4
2025.04.02	00:05:04.799	1.29200	1.29254			6
2025.04.02	00:05:30.721		1.29255			4
2025.04.02	00:05:53.086	1.29203				2
2025.04.02	00:06:00.087	1.29203				2
2025.04.02	00:06:30.951		1.29255			4
2025.04.02	00:06:47.134	1.29201				2
2025.04.02	00:06:49.579		1.29256			4
2025.04.02	00:07:00.278	1.29201				2
2025.04.02	00:07:47.211	1.29202				2
2025.04.02	00:07:50.373		1.29256			4
2025.04.02	00:08:04.139	1.29202				2
2025.04.02	00:08:59.277		1.29256			4
2025.04.02	00:09:00.651	1.29202				2
2025.04.02	00:10:00.305	1.29202	1.29256			6
2025.04.02	00:10:02.912		1.29255			4
2025.04.02	00:10:10.892	1.29165				2
2025.04.02	00:10:52.993	1.29166	1.29256			6
2025.04.02	00:11:00.049	1.29166				2
2025.04.02	00:11:17.555	1.29202				2
2025.04.02	00:11:18.476	1.29166				2
2025.04.02	00:11:19.405	1.29202				2
2025.04.02	00:11:20.324		1.29257			4
2025.04.02	00:11:25.383	1.29167				2
2025.04.02	00:11:25.999	1.29202				2
2025.04.02	00:11:26.344		1.29256			4
2025.04.02	00:11:31.799	1.29167	1.29257			6
2025.04.02	00:11:32.729	1.29202	1.29256			6
2025.04.02	00:11:38.624	1.29167	1.29257			6
2025.04.02	00:11:39.245	1.29202	1.29256			6
2025.04.02	00:11:45.274	1.29167	1.29257			6
2025.04.02	00:11:45.898	1.29202	1.29256			6
2025.04.02	00:11:53.088		1.29255			4
2025.04.02	00:12:03.086	1.29202				2
2025.04.02	00:12:09.338	1.29201	1.29257			6
2025.04.02	00:12:20.653		1.29256			4
2025.04.02	00:12:49.252		1.29257			4
2025.04.02	00:12:56.315	1.29203	1.29261			6
2025.04.02	00:13:00.015	1.29203				2
2025.04.02	00:13:09.846	1.29206				2
2025.04.02	00:13:10.156	1.29203	1.29278			6
2025.04.02	00:13:11.698		1.29277			4
2025.04.02	00:13:19.380		1.29275			4
2025.04.02	00:13:19.689		1.29274			4
2025.04.02	00:13:32.297		1.29276			4
2025.04.02	00:13:32.608		1.29281			4
2025.04.02	00:13:36.911		1.29280			4
2025.04.02	00:14:00.295	1.29203				2
2025.04.02	00:14:13.516		1.29277			4
2025.04.02	00:14:27.656		1.29279			4
2025.04.02	00:14:27.960	1.29208	1.29283			6
2025.04.02	00:14:33.795		1.29281			4
2025.04.02	00:14:39.937		1.29279			4
2025.04.02	00:14:41.475	1.29203	1.29282			6
2025.04.02	00:14:45.784	1.29197	1.29271			6
2025.04.02	00:14:46.090		1.29272			4
2025.04.02	00:14:46.396		1.29270			4
2025.04.02	00:14:49.458		1.29271			4
2025.04.02	00:14:49.762		1.29274			4
2025.04.02	00:14:50.073		1.29272			4
2025.04.02	00:14:54.689		1.29269			4
2025.04.02	00:14:59.313		1.29270			4
2025.04.02	00:15:00.240	1.29197				2
2025.04.02	00:15:01.772		1.29271			4
2025.04.02	00:15:02.693		1.29272			4
2025.04.02	00:15:07.301		1.29271			4
2025.04.02	00:15:10.063		1.29272			4
2025.04.02	00:15:15.289		1.29271			4
2025.04.02	00:15:24.202		1.29273			4
2025.04.02	00:15:34.351		1.29272			4
2025.04.02	00:15:37.427		1.29279			4
2025.04.02	00:15:39.268		1.29278			4
2025.04.02	00:15:40.798		1.29276			4
2025.04.02	00:15:43.256		1.29274			4
2025.04.02	00:15:45.720		1.29271			4
2025.04.02	00:15:46.020		1.29269			4
2025.04.02	00:15:50.671		1.29270			4
2025.04.02	00:15:54.045		1.29269			4
2025.04.02	00:15:56.195		1.29272			4
2025.04.02	00:16:00.189	1.29197				2
2025.04.02	00:16:07.877		1.29271			4
2025.04.02	00:16:17.660		1.29273			4
2025.04.02	00:16:24.663		1.29274			4
2025.04.02	00:16:29.252		1.29273			4
2025.04.02	00:16:32.640		1.29270			4
2025.04.02	00:16:33.337		1.29269			4
2025.04.02	00:16:34.833		1.29270			4
2025.04.02	00:16:45.539		1.29268			4
2025.04.02	00:16:45.887	1.29194				2
2025.04.02	00:16:47.138		1.29269			4
2025.04.02	00:16:48.899	1.29202	1.29260			6
2025.04.02	00:17:00.096	1.29202				2
2025.04.02	00:17:49.741		1.29260			4
2025.04.02	00:17:56.075		1.29258			4
2025.04.02	00:18:00.063	1.29202				2
2025.04.02	00:18:11.448		1.29259			4
2025.04.02	00:18:14.520	1.29197	1.29252			6
2025.04.02	00:18:23.889		1.29251			4
2025.04.02	00:18:24.507		1.29252			4
2025.04.02	00:18:40.651		1.29251			4
2025.04.02	00:18:41.879		1.29249			4
2025.04.02	00:18:54.789		1.29251			4
2025.04.02	00:19:00.016	1.29197				2
2025.04.02	00:19:00.938		1.29250			4
2025.04.02	00:19:01.248		1.29249			4
2025.04.02	00:19:03.393		1.29248			4
2025.04.02	00:19:06.768		1.29250			4
2025.04.02	00:19:07.071		1.29248			4
2025.04.02	00:19:08.615		1.29247			4
2025.04.02	00:19:08.925		1.29248			4
2025.04.02	00:19:13.838		1.29247			4
2025.04.02	00:19:41.811		1.29248			4
2025.04.02	00:19:57.481		1.29247			4
2025.04.02	00:20:00.245	1.29197				2
2025.04.02	00:20:02.389		1.29248			4
2025.04.02	00:20:09.458	1.29193	1.29256			6
2025.04.02	00:20:09.760		1.29255			4
2025.04.02	00:20:10.069		1.29260			4
2025.04.02	00:20:14.367		1.29261			4
2025.04.02	00:20:21.434		1.29262			4
2025.04.02	00:20:21.743		1.29260			4
2025.04.02	00:20:26.050		1.29264			4
2025.04.02	00:20:30.346		1.29261			4
2025.04.02	00:20:33.727		1.29262			4
2025.04.02	00:20:34.342		1.29257			4
2025.04.02	00:20:38.652		1.29259			4
2025.04.02	00:20:41.100		1.29260			4
2025.04.02	00:20:41.408		1.29263			4
2025.04.02	00:20:45.066	1.29200	1.29265			6
2025.04.02	00:20:45.374		1.29270			4
2025.04.02	00:20:45.987		1.29269			4
2025.04.02	00:20:48.141		1.29270			4
2025.04.02	00:20:48.443		1.29272			4
2025.04.02	00:20:48.752		1.29274			4
2025.04.02	00:21:00.141	1.29200	1.29273			6
2025.04.02	00:21:04.445		1.29274			4
2025.04.02	00:21:04.744		1.29272			4
2025.04.02	00:21:05.057		1.29271			4
2025.04.02	00:21:05.976		1.29272			4
2025.04.02	00:21:19.194		1.29275			4
2025.04.02	00:21:19.498		1.29274			4
2025.04.02	00:21:38.863		1.29273			4
2025.04.02	00:21:40.090		1.29271			4
2025.04.02	00:21:40.399		1.29272			4
2025.04.02	00:21:59.461		1.29274			4
2025.04.02	00:22:00.079	1.29200				2
2025.04.02	00:22:01.005		1.29273			4
2025.04.02	00:22:05.303		1.29272			4
2025.04.02	00:22:10.213		1.29274			4
2025.04.02	00:22:10.520		1.29273			4
2025.04.02	00:22:43.388		1.29280			4
2025.04.02	00:22:45.227	1.29201				2
2025.04.02	00:22:45.845		1.29279			4
2025.04.02	00:22:46.151		1.29277			4
2025.04.02	00:22:48.922		1.29280			4
2025.04.02	00:22:51.373		1.29279			4
2025.04.02	00:22:54.135		1.29278			4
2025.04.02	00:22:57.196		1.29277			4
2025.04.02	00:22:59.339		1.29276			4
2025.04.02	00:23:00.256	1.29201				2
2025.04.02	00:23:10.701		1.29278			4
2025.04.02	00:23:12.230		1.29277			4
2025.04.02	00:23:13.459		1.29276			4
2025.04.02	00:23:15.602		1.29275			4
2025.04.02	00:23:26.968		1.29276			4
2025.04.02	00:23:35.560		1.29277			4
2025.04.02	00:23:40.762		1.29276			4
2025.04.02	00:23:42.597		1.29278			4
2025.04.02	00:23:44.116		1.29277			4
2025.04.02	00:23:45.340	1.29203				2
2025.04.02	00:23:52.379	1.29204	1.29275			6
2025.04.02	00:23:52.871		1.29272			4
2025.04.02	00:23:56.254	1.29209	1.29273			6
2025.04.02	00:23:56.562		1.29277			4
2025.04.02	00:24:00.653	1.29209				2
2025.04.02	00:24:10.388		1.29274			4
2025.04.02	00:24:14.687		1.29273			4
2025.04.02	00:24:19.907		1.29276			4
2025.04.02	00:24:20.212		1.29275			4
2025.04.02	00:24:40.783	1.29212				2
2025.04.02	00:24:46.302		1.29277			4
2025.04.02	00:24:52.415		1.29275			4
2025.04.02	00:24:52.717		1.29276			4
2025.04.02	00:24:53.333		1.29275			4
2025.04.02	00:25:00.081	1.29212				2
2025.04.02	00:25:01.307		1.29274			4
2025.04.02	00:25:01.614		1.29273			4
2025.04.02	00:25:06.522		1.29272			4
2025.04.02	00:25:11.433		1.29273			4
2025.04.02	00:25:12.354		1.29275			4
2025.04.02	00:25:16.345		1.29274			4
2025.04.02	00:25:19.417		1.29273			4
2025.04.02	00:25:23.098		1.29275			4
2025.04.02	00:25:26.483		1.29274			4
2025.04.02	00:25:31.094		1.29275			4
2025.04.02	00:25:32.635		1.29274			4
2025.04.02	00:25:35.703	1.29214				2
2025.04.02	00:25:36.933	1.29202	1.29268			6
2025.04.02	00:25:45.532		1.29269			4
2025.04.02	00:25:55.688		1.29268			4
2025.04.02	00:25:57.218		1.29269			4
2025.04.02	00:26:00.633	1.29202				2
2025.04.02	00:26:33.839		1.29268			4
2025.04.02	00:26:36.909	1.29201				2
2025.04.02	00:27:00.244	1.29201				2
2025.04.02	00:27:22.978		1.29261			4
2025.04.02	00:27:47.491	1.29196	1.29252			6
2025.04.02	00:28:00.652	1.29196				2
2025.04.02	00:28:47.702		1.29252			4
2025.04.02	00:28:54.945	1.29192				2
2025.04.02	00:28:56.137		1.29251			4
2025.04.02	00:29:00.653	1.29192				2
2025.04.02	00:29:40.652		1.29252			4
2025.04.02	00:30:00.309	1.29192	1.29250			6
2025.04.02	00:30:05.033		1.29252			4
2025.04.02	00:30:05.343		1.29250			4
2025.04.02	00:30:07.533		1.29251			4
2025.04.02	00:30:36.653		1.29249			4
2025.04.02	00:30:49.540		1.29250			4
2025.04.02	00:30:54.632		1.29249			4
2025.04.02	00:31:00.334	1.29192				2
2025.04.02	00:31:03.982		1.29252			4
2025.04.02	00:31:20.316		1.29249			4
2025.04.02	00:31:22.115		1.29247			4
2025.04.02	00:31:29.266	1.29203	1.29262			6
2025.04.02	00:32:00.384	1.29203				2
2025.04.02	00:32:08.819	1.29193	1.29248			6
2025.04.02	00:32:09.334		1.29247			4
2025.04.02	00:32:29.161		1.29248			4
2025.04.02	00:32:30.712		1.29247			4
2025.04.02	00:32:37.441		1.29246			4
2025.04.02	00:32:38.510		1.29247			4
2025.04.02	00:32:47.431		1.29248			4
2025.04.02	00:32:51.064		1.29247			4
2025.04.02	00:33:01.873	1.29190	1.29246			6
2025.04.02	00:33:33.918	1.29193	1.29247			6
2025.04.02	00:33:39.748	1.29190				2
2025.04.02	00:33:41.131		1.29246			4
2025.04.02	00:33:49.302	1.29194	1.29248			6
2025.04.02	00:34:01.461	1.29194				2
2025.04.02	00:34:14.433		1.29249			4
2025.04.02	00:35:00.192	1.29194				2
2025.04.02	00:35:16.813		1.29249			4
2025.04.02	00:35:37.114		1.29251			4
2025.04.02	00:35:42.635		1.29249			4
2025.04.02	00:35:51.477	1.29193	1.29247			6
2025.04.02	00:35:57.631		1.29248			4
2025.04.02	00:36:00.720	1.29193				2
2025.04.02	00:36:43.044	1.29191				2
2025.04.02	00:36:53.254	1.29190				2
2025.04.02	00:36:58.583		1.29248			4
2025.04.02	00:37:02.481	1.29190				2
2025.04.02	00:37:58.832		1.29248			4
2025.04.02	00:38:06.480	1.29190				2
2025.04.02	00:39:00.398	1.29190	1.29248			6
2025.04.02	00:40:09.490	1.29190	1.29248			6
2025.04.02	00:41:01.687	1.29190				2
2025.04.02	00:41:10.068		1.29248			4
2025.04.02	00:42:00.000	1.29190				2
2025.04.02	00:42:10.542		1.29248			4
2025.04.02	00:42:37.123	1.29191				2
2025.04.02	00:43:00.356	1.29191				2
2025.04.02	00:43:10.810		1.29248			4
2025.04.02	00:43:31.889	1.29193				2
2025.04.02	00:43:34.969	1.29178	1.29262			6
2025.04.02	00:43:35.885		1.29263			4
2025.04.02	00:43:36.498	1.29179				2
2025.04.02	00:43:38.036	1.29178				2
2025.04.02	00:43:49.694	1.29181				2
2025.04.02	00:43:50.602	1.29179	1.29264			6
2025.04.02	00:43:50.899		1.29267			4
2025.04.02	00:43:51.518	1.29180				2
2025.04.02	00:43:51.822	1.29179				2
2025.04.02	00:43:55.199	1.29180	1.29266			6
2025.04.02	00:43:56.728		1.29267			4
2025.04.02	00:43:59.802	1.29179				2
2025.04.02	00:44:00.114	1.29179				2
2025.04.02	00:44:09.623	1.29178				2
2025.04.02	00:44:11.783		1.29266			4
2025.04.02	00:44:14.851	1.29180				2
2025.04.02	00:44:20.985		1.29267			4
2025.04.02	00:44:21.896		1.29268			4
2025.04.02	00:44:22.205	1.29183	1.29269			6
2025.04.02	00:44:23.125	1.29182				2
2025.04.02	00:44:24.051	1.29183	1.29270			6
2025.04.02	00:44:24.972	1.29184				2
2025.04.02	00:44:25.389	1.29183				2
2025.04.02	00:44:27.542	1.29184	1.29268			6
2025.04.02	00:44:29.435		1.29267			4
2025.04.02	00:44:30.456		1.29266			4
2025.04.02	00:44:49.737		1.29265			4
2025.04.02	00:45:00.032	1.29184	1.29266			6
2025.04.02	00:45:00.431		1.29265			4
2025.04.02	00:45:02.086	1.29181	1.29271			6
2025.04.02	00:45:04.232	1.29184	1.29264			6
2025.04.02	00:45:05.068		1.29265			4
2025.04.02	00:45:06.636		1.29264			4
2025.04.02	00:45:09.636	1.29195	1.29248			6
2025.04.02	00:45:10.522		1.29247			4
2025.04.02	00:45:13.288	1.29196				2
2025.04.02	00:45:18.218	1.29198				2
2025.04.02	00:45:18.520	1.29197				2
2025.04.02	00:45:23.442	1.29196				2
2025.04.02	00:45:23.748	1.29195				2
2025.04.02	00:45:30.189	1.29200	1.29239			6
2025.04.02	00:45:30.805		1.29244			4
2025.04.02	00:45:32.033		1.29245			4
2025.04.02	00:45:39.717		1.29246			4
2025.04.02	00:45:40.639	1.29198				2
2025.04.02	00:45:40.942	1.29197				2
2025.04.02	00:45:41.249		1.29247			4
2025.04.02	00:45:42.167	1.29200	1.29246			6
2025.04.02	00:45:55.394		1.29248			4
2025.04.02	00:46:00.015	1.29200				2
2025.04.02	00:46:26.773		1.29254			4
2025.04.02	00:46:27.397		1.29253			4
2025.04.02	00:46:28.619		1.29249			4
2025.04.02	00:46:28.926	1.29197	1.29246			6
2025.04.02	00:46:30.156	1.29200	1.29247			6
2025.04.02	00:46:35.388		1.29248			4
2025.04.02	00:46:50.462		1.29247			4
2025.04.02	00:47:00.310	1.29200				2
2025.04.02	00:47:01.853	1.29198	1.29256			6
2025.04.02	00:47:04.306	1.29200	1.29247			6
2025.04.02	00:47:06.155		1.29248			4
2025.04.02	00:47:08.302		1.29239			4
2025.04.02	00:47:08.917		1.29240			4
2025.04.02	00:47:09.841	1.29196	1.29247			6
2025.04.02	00:47:10.154	1.29200				2
2025.04.02	00:47:19.376	1.29196	1.29246			6
2025.04.02	00:47:31.056	1.29200				2
2025.04.02	00:47:32.605	1.29197				2
2025.04.02	00:47:34.141	1.29200	1.29239			6
2025.04.02	00:47:34.448		1.29241			4
2025.04.02	00:47:35.375		1.29243			4
2025.04.02	00:47:42.146	1.29194	1.29241			6
2025.04.02	00:47:45.226	1.29193				2
2025.04.02	00:47:45.531	1.29194				2
2025.04.02	00:47:50.456		1.29242			4
2025.04.02	00:47:52.923	1.29200				2
2025.04.02	00:47:55.072	1.29214	1.29241			6
2025.04.02	00:47:57.535		1.29245			4
2025.04.02	00:47:58.769		1.29247			4
2025.04.02	00:48:00.305	1.29214				2
2025.04.02	00:48:20.299		1.29246			4
2025.04.02	00:48:31.387		1.29247			4
2025.04.02	00:48:37.224		1.29246			4
2025.04.02	00:48:49.830		1.29247			4
2025.04.02	00:49:00.267	1.29214				2
2025.04.02	00:49:16.141		1.29246			4
2025.04.02	00:49:27.744		1.29247			4
2025.04.02	00:49:37.258		1.29246			4
2025.04.02	00:49:44.648		1.29247			4
2025.04.02	00:49:54.484	1.29212	1.29240			6
2025.04.02	00:50:00.017	1.29212				2
2025.04.02	00:50:20.638		1.29239			4
2025.04.02	00:51:00.004	1.29212				2
2025.04.02	00:51:20.639		1.29239			4
2025.04.02	00:51:54.450	1.29197				2
2025.04.02	00:52:00.003	1.29197				2
2025.04.02	00:52:10.453		1.29238			4
2025.04.02	00:52:24.894	1.29200				2
2025.04.02	00:52:52.558	1.29197				2
2025.04.02	00:52:53.787	1.29200				2
2025.04.02	00:53:00.252	1.29200				2
2025.04.02	00:53:06.401	1.29193				2
2025.04.02	00:53:10.703		1.29238			4
2025.04.02	00:53:20.547	1.29195				2
2025.04.02	00:53:21.161	1.29200				2
2025.04.02	00:53:21.774	1.29195				2
2025.04.02	00:53:22.388	1.29196				2
2025.04.02	00:53:31.296	1.29200				2
2025.04.02	00:54:00.168	1.29200				2
2025.04.02	00:54:10.934		1.29238			4
2025.04.02	00:54:24.141	1.29197				2
2025.04.02	00:54:25.673	1.29200				2
2025.04.02	00:55:00.095	1.29200				2
2025.04.02	00:55:00.712	1.29195				2
2025.04.02	00:55:07.163	1.29196				2
2025.04.02	00:55:11.156		1.29238			4
2025.04.02	00:55:11.458	1.29194				2
2025.04.02	00:55:22.218	1.29196				2
2025.04.02	00:55:27.124	1.29195				2
2025.04.02	00:55:32.045	1.29194				2
2025.04.02	00:56:00.282	1.29194				2
2025.04.02	00:56:11.337	1.29214	1.29240			6
2025.04.02	00:57:00.190	1.29214				2
2025.04.02	00:57:11.544		1.29240			4
2025.04.02	00:58:00.075	1.29214				2
2025.04.02	00:58:11.744	1.29204	1.29240			6
2025.04.02	00:58:56.290	1.29206				2
2025.04.02	00:59:00.274	1.29206				2
2025.04.02	00:59:03.034	1.29209	1.29235			6
2025.04.02	00:59:29.450	1.29214	1.29240			6
2025.04.02	00:59:58.001	1.29203	1.29251			6
2025.04.02	00:59:58.307	1.29204	1.29252			6
2025.04.02	00:59:58.621	1.29203	1.29253			6
2025.04.02	00:59:58.922	1.29205	1.29254			6
2025.04.02	01:00:00.153	1.29208	1.29258			6
2025.04.02	01:00:00.456		1.29255			4
2025.04.02	01:00:00.762		1.29252			4
2025.04.02	01:00:01.378	1.29211	1.29246			6
2025.04.02	01:00:01.690		1.29251			4
2025.04.02	01:00:02.301	1.29198	1.29256			6
2025.04.02	01:00:02.613	1.29199	1.29264			6
2025.04.02	01:00:02.916	1.29198	1.29248			6
2025.04.02	01:00:03.228	1.29200	1.29243			6
2025.04.02	01:00:03.533	1.29204	1.29246			6
2025.04.02	01:00:03.845		1.29245			4
2025.04.02	01:00:04.457	1.29205				2
2025.04.02	01:00:04.762	1.29222	1.29246			6
2025.04.02	01:00:05.066		1.29244			4
2025.04.02	01:00:06.890		1.29245			4
2025.04.02	01:00:07.195		1.29246			4
2025.04.02	01:00:08.717		1.29244			4
2025.04.02	01:00:09.023		1.29246			4
2025.04.02	01:00:09.328		1.29247			4
2025.04.02	01:00:11.161		1.29245			4
2025.04.02	01:00:11.465		1.29246			4
2025.04.02	01:00:11.775		1.29249			4
2025.04.02	01:00:13.923		1.29250			4
2025.04.02	01:00:15.154		1.29246			4
2025.04.02	01:00:15.760		1.29245			4
2025.04.02	01:00:16.368		1.29243			4
2025.04.02	01:00:16.672		1.29246			4
2025.04.02	01:00:18.506		1.29245			4
2025.04.02	01:00:19.724		1.29246			4
2025.04.02	01:00:20.038		1.29244			4
2025.04.02	01:00:20.649		1.29245			4
2025.04.02	01:00:21.561		1.29246			4
2025.04.02	01:00:21.865		1.29247			4
2025.04.02	01:00:22.170		1.29245			4
2025.04.02	01:00:22.782		1.29247			4
2025.04.02	01:00:23.402		1.29253			4
2025.04.02	01:00:23.706		1.29255			4
2025.04.02	01:00:24.010		1.29253			4
2025.04.02	01:00:24.311	1.29229	1.29255			6
2025.04.02	01:00:24.616	1.29230	1.29254			6
2025.04.02	01:00:24.921	1.29228	1.29253			6
2025.04.02	01:00:25.222	1.29226	1.29251			6
2025.04.02	01:00:25.525		1.29254			4
2025.04.02	01:00:26.435	1.29222				2
2025.04.02	01:00:26.735		1.29251			4
2025.04.02	01:00:27.037		1.29254			4
2025.04.02	01:00:27.647		1.29255			4
2025.04.02	01:00:27.948		1.29254			4
2025.04.02	01:00:28.254		1.29256			4
2025.04.02	01:00:28.556		1.29254			4
2025.04.02	01:00:29.168		1.29253			4
2025.04.02	01:00:30.084		1.29256			4
2025.04.02	01:00:30.399		1.29254			4
2025.04.02	01:00:30.708		1.29256			4
2025.04.02	01:00:31.007	1.29223	1.29255			6
2025.04.02	01:00:31.320	1.29222				2
2025.04.02	01:00:31.624	1.29223	1.29257			6
2025.04.02	01:00:31.935	1.29222	1.29256			6
2025.04.02	01:00:32.843		1.29255			4
2025.04.02	01:00:33.458		1.29257			4
2025.04.02	01:00:34.075		1.29256			4
2025.04.02	01:00:34.685		1.29254			4
2025.04.02	01:00:35.899		1.29255			4
2025.04.02	01:00:36.204		1.29257			4
2025.04.02	01:00:37.119		1.29256			4
2025.04.02	01:00:37.426	1.29214	1.29257			6
2025.04.02	01:00:37.731		1.29256			4
2025.04.02	01:00:38.348		1.29257			4
2025.04.02	01:00:38.958	1.29227				2
2025.04.02	01:00:40.189		1.29252			4
2025.04.02	01:00:41.108	1.29228	1.29250			6
2025.04.02	01:00:41.413	1.29229	1.29252			6
2025.04.02	01:00:41.717	1.29227				2
2025.04.02	01:00:42.020	1.29228	1.29253			6
2025.04.02	01:00:42.636		1.29252			4
2025.04.02	01:00:42.942	1.29227	1.29251			6
2025.04.02	01:00:43.244	1.29228	1.29252			6
2025.04.02	01:00:43.557	1.29236	1.29253			6
2025.04.02	01:00:43.858	1.29237	1.29239			6
2025.04.02	01:00:44.159		1.29238			4
2025.04.02	01:00:44.464		1.29253			4
2025.04.02	01:00:44.782		1.29240			4
2025.04.02	01:00:45.088	1.29236	1.29239			6
2025.04.02	01:00:45.698		1.29238			4
2025.04.02	01:00:46.313		1.29240			4
2025.04.02	01:00:46.615	1.29237	1.29238			6
2025.04.02	01:00:48.433		1.29254			4
2025.04.02	01:00:49.669		1.29255			4
2025.04.02	01:00:49.970		1.29253			4
2025.04.02	01:00:50.274		1.29254			4
2025.04.02	01:00:50.575		1.29256			4
2025.04.02	01:00:51.500		1.29254			4
2025.04.02	01:00:51.800		1.29257			4
2025.04.02	01:00:52.120		1.29255			4
2025.04.02	01:00:53.037		1.29241			4
2025.04.02	01:00:53.343		1.29240			4
2025.04.02	01:00:54.251		1.29242			4
2025.04.02	01:00:54.557		1.29241			4
2025.04.02	01:00:56.077		1.29242			4
2025.04.02	01:00:57.914	1.29238	1.29243			6
2025.04.02	01:01:00.053	1.29239	1.29244			6
2025.04.02	01:01:00.355	1.29236	1.29256			6
2025.04.02	01:01:00.668		1.29257			4
2025.04.02	01:01:00.971		1.29259			4
2025.04.02	01:01:01.273		1.29260			4
2025.04.02	01:01:01.586		1.29259			4
2025.04.02	01:01:02.195		1.29261			4
2025.04.02	01:01:03.106		1.29260			4
2025.04.02	01:01:03.407		1.29263			4
2025.04.02	01:01:03.714		1.29260			4
2025.04.02	01:01:04.637		1.29259			4
2025.04.02	01:01:05.248		1.29260			4
2025.04.02	01:01:05.562		1.29259			4
2025.04.02	01:01:05.869		1.29261			4
2025.04.02	01:01:06.175		1.29259			4
2025.04.02	01:01:06.791		1.29260			4
2025.04.02	01:01:08.323		1.29259			4
2025.04.02	01:01:08.635		1.29261			4
2025.04.02	01:01:08.942		1.29262			4
2025.04.02	01:01:09.248		1.29259			4
2025.04.02	01:01:10.170		1.29262			4
2025.04.02	01:01:10.477		1.29259			4
2025.04.02	01:01:11.088		1.29262			4
2025.04.02	01:01:11.398		1.29261			4
2025.04.02	01:01:16.296	1.29244	1.29249			6
2025.04.02	01:01:18.137	1.29246	1.29251			6
2025.04.02	01:01:20.284	1.29245	1.29250			6
2025.04.02	01:01:20.587	1.29248	1.29253			6
2025.04.02	01:01:21.802	1.29247	1.29252			6
2025.04.02	01:01:22.103	1.29248	1.29253			6
2025.04.02	01:01:29.138	1.29251	1.29256			6
2025.04.02	01:01:30.970	1.29252	1.29257			6
2025.04.02	01:01:31.272	1.29249	1.29254			6
2025.04.02	01:01:31.575	1.29247	1.29252			6
2025.04.02	01:01:32.182	1.29248	1.29253			6
2025.04.02	01:01:36.174	1.29253	1.29254			6
2025.04.02	01:01:36.486	1.29254	1.29255			6
2025.04.02	01:01:37.095	1.29253	1.29254			6
2025.04.02	01:01:37.401	1.29252	1.29253			6
2025.04.02	01:01:37.706	1.29248				2
2025.04.02	01:01:38.314	1.29254	1.29255			6
2025.04.02	01:01:38.927	1.29248	1.29253			6
2025.04.02	01:01:39.233	1.29254	1.29255			6
2025.04.02	01:01:40.148	1.29247	1.29252			6
2025.04.02	01:01:40.455	1.29254	1.29255			6
2025.04.02	01:01:41.076	1.29248	1.29253			6
2025.04.02	01:01:41.385	1.29255	1.29256			6
2025.04.02	01:01:41.689	1.29249	1.29254			6
2025.04.02	01:01:41.993	1.29254	1.29255			6
2025.04.02	01:01:42.300	1.29251	1.29256			6
2025.04.02	01:01:42.608	1.29250	1.29255			6
2025.04.02	01:01:42.912	1.29253	1.29254			6
2025.04.02	01:01:43.214		1.29256			4
2025.04.02	01:01:43.521		1.29254			4
2025.04.02	01:01:43.823	1.29254	1.29255			6
2025.04.02	01:01:44.437	1.29249	1.29254			6
2025.04.02	01:01:44.741	1.29253	1.29256			6
2025.04.02	01:01:45.044		1.29254			4
2025.04.02	01:01:45.347	1.29254	1.29255			6
2025.04.02	01:01:45.650	1.29250				2
2025.04.02	01:01:45.952	1.29249	1.29254			6
2025.04.02	01:01:46.256	1.29252	1.29257			6
2025.04.02	01:01:46.558	1.29249	1.29254			6
2025.04.02	01:01:47.165	1.29248	1.29253			6
2025.04.02	01:01:48.086	1.29250	1.29255			6
2025.04.02	01:01:48.704	1.29251	1.29256			6
2025.04.02	01:01:49.614	1.29249	1.29254			6
2025.04.02	01:01:51.735	1.29250	1.29255			6
2025.04.02	01:01:52.038	1.29249	1.29254			6
2025.04.02	01:01:52.342	1.29252	1.29257			6
2025.04.02	01:01:53.262	1.29251	1.29256			6
2025.04.02	01:01:55.718	1.29249	1.29254			6
2025.04.02	01:01:56.023	1.29250	1.29255			6
2025.04.02	01:01:57.233	1.29249	1.29254			6
2025.04.02	01:01:58.144	1.29243	1.29265			6
2025.04.02	01:01:59.363	1.29249	1.29254			6
2025.04.02	01:02:00.278	1.29243	1.29267			6
2025.04.02	01:02:00.581	1.29253	1.29258			6
2025.04.02	01:02:01.189	1.29252	1.29257			6
2025.04.02	01:02:01.493	1.29253	1.29258			6
2025.04.02	01:02:01.802	1.29252	1.29257			6
2025.04.02	01:02:02.109	1.29253	1.29258			6
2025.04.02	01:02:02.727	1.29254	1.29259			6
2025.04.02	01:02:04.576	1.29251	1.29256			6
2025.04.02	01:02:04.882	1.29252	1.29257			6
2025.04.02	01:02:05.188	1.29253	1.29258			6
2025.04.02	01:02:06.726	1.29252	1.29257			6
2025.04.02	01:02:09.783	1.29254	1.29259			6
2025.04.02	01:02:11.325	1.29255	1.29260			6
2025.04.02	01:02:11.636	1.29254	1.29259			6
2025.04.02	01:02:12.247	1.29252	1.29257			6
2025.04.02	01:02:12.868	1.29253	1.29258			6
2025.04.02	01:02:13.179	1.29252	1.29257			6
2025.04.02	01:02:13.483	1.29251	1.29256			6
2025.04.02	01:02:13.789	1.29252	1.29257			6
2025.04.02	01:02:14.099	1.29253	1.29258			6
2025.04.02	01:02:16.259	1.29248	1.29272			6
2025.04.02	01:02:16.561	1.29253	1.29258			6
2025.04.02	01:02:16.875	1.29254	1.29259			6
2025.04.02	01:02:18.103	1.29255	1.29260			6
2025.04.02	01:02:18.716	1.29252	1.29257			6
2025.04.02	01:02:22.410	1.29250	1.29255			6
2025.04.02	01:02:24.565	1.29247	1.29252			6
2025.04.02	01:02:24.874	1.29233	1.29266			6
2025.04.02	01:02:25.182	1.29246	1.29251			6
2025.04.02	01:02:25.490	1.29233	1.29266			6
2025.04.02	01:02:25.798	1.29234	1.29265			6
2025.04.02	01:02:26.109	1.29233	1.29266			6
2025.04.02	01:02:26.415	1.29235				2
2025.04.02	01:02:26.724	1.29234				2
2025.04.02	01:02:27.030	1.29246	1.29251			6
2025.04.02	01:02:27.630	1.29234	1.29265			6
2025.04.02	01:02:28.547	1.29245	1.29250			6
2025.04.02	01:02:28.849	1.29247	1.29252			6
2025.04.02	01:02:29.151	1.29245	1.29250			6
2025.04.02	01:02:30.364	1.29248	1.29253			6
2025.04.02	01:02:31.885	1.29246	1.29251			6
2025.04.02	01:02:36.193	1.29247	1.29252			6
2025.04.02	01:02:36.806	1.29241	1.29246			6
2025.04.02	01:02:38.357	1.29240				2
2025.04.02	01:02:40.822	1.29241	1.29247			6
2025.04.02	01:02:41.743	1.29240	1.29246			6
2025.04.02	01:02:42.359		1.29245			4
2025.04.02	01:02:43.909	1.29241	1.29246			6
2025.04.02	01:02:48.528	1.29240	1.29245			6
2025.04.02	01:02:50.693	1.29239	1.29244			6
2025.04.02	01:02:54.694	1.29244	1.29249			6
2025.04.02	01:02:55.926	1.29243	1.29248			6
2025.04.02	01:02:56.234	1.29244	1.29249			6
2025.04.02	01:02:58.085	1.29242	1.29247			6
2025.04.02	01:02:58.702	1.29243	1.29248			6
2025.04.02	01:02:59.005	1.29242	1.29247			6
2025.04.02	01:03:00.232	1.29243	1.29248			6
2025.04.02	01:03:00.542	1.29241	1.29246			6
2025.04.02	01:03:01.782	1.29240	1.29245			6
2025.04.02	01:03:05.472	1.29239	1.29244			6
2025.04.02	01:03:13.477	1.29240	1.29245			6
2025.04.02	01:03:19.313	1.29238	1.29243			6
2025.04.02	01:03:24.841	1.29237	1.29242			6
2025.04.02	01:03:25.146	1.29238	1.29243			6
2025.04.02	01:03:26.684	1.29237	1.29242			6
2025.04.02	01:03:30.368	1.29236	1.29241			6
2025.04.02	01:03:32.218	1.29237	1.29242			6
2025.04.02	01:03:32.832	1.29236	1.29241			6
2025.04.02	01:03:33.146	1.29237	1.29242			6
2025.04.02	01:03:33.452	1.29235	1.29240			6
2025.04.02	01:03:36.219	1.29236	1.29241			6
2025.04.02	01:03:38.993	1.29235	1.29240			6
2025.04.02	01:03:40.229	1.29236				2
2025.04.02	01:03:45.430	1.29237	1.29241			6
2025.04.02	01:03:45.742	1.29236	1.29240			6
2025.04.02	01:03:47.263	1.29237	1.29241			6
2025.04.02	01:03:50.314	1.29236	1.29240			6
2025.04.02	01:03:50.619	1.29235	1.29239			6
2025.04.02	01:03:51.234	1.29236	1.29240			6
2025.04.02	01:03:51.537	1.29235	1.29239			6
2025.04.02	01:03:51.841	1.29236	1.29240			6
2025.04.02	01:03:55.807	1.29237	1.29241			6
2025.04.02	01:03:56.727	1.29235	1.29239			6
2025.04.02	01:03:57.951	1.29236	1.29240			6
2025.04.02	01:04:00.089	1.29236				2
2025.04.02	01:04:00.395	1.29235	1.29239			6
2025.04.02	01:04:01.007	1.29236	1.29240			6
2025.04.02	01:04:03.786	1.29237	1.29241			6
2025.04.02	01:04:04.092	1.29236	1.29240			6
2025.04.02	01:04:05.320	1.29235	1.29239			6
2025.04.02	01:04:07.464	1.29237	1.29241			6
2025.04.02	01:04:08.083	1.29239	1.29243			6
2025.04.02	01:04:08.390	1.29237	1.29242			6
2025.04.02	01:04:09.010	1.29238	1.29243			6
2025.04.02	01:04:09.317	1.29236	1.29241			6
2025.04.02	01:04:10.245	1.29235	1.29240			6
2025.04.02	01:04:10.554	1.29234	1.29239			6
2025.04.02	01:04:11.170	1.29236	1.29241			6
2025.04.02	01:04:11.474	1.29235	1.29240			6
2025.04.02	01:04:12.400	1.29234	1.29239			6
2025.04.02	01:04:12.709	1.29235	1.29240			6
2025.04.02	01:04:16.095	1.29236	1.29241			6
2025.04.02	01:04:17.645	1.29235	1.29240			6
2025.04.02	01:04:19.807	1.29236	1.29241			6
2025.04.02	01:04:23.197	1.29235	1.29240			6
2025.04.02	01:04:24.120	1.29233	1.29238			6
2025.04.02	01:04:25.045	1.29235	1.29240			6
2025.04.02	01:04:25.356	1.29234	1.29239			6
2025.04.02	01:04:25.658	1.29233	1.29238			6
2025.04.02	01:04:27.205	1.29234				2
2025.04.02	01:04:31.199	1.29236	1.29240			6
2025.04.02	01:04:32.428	1.29237	1.29241			6
2025.04.02	01:04:34.283	1.29239	1.29243			6
2025.04.02	01:04:34.590	1.29237	1.29241			6
2025.04.02	01:04:35.214	1.29238	1.29243			6
2025.04.02	01:04:35.530	1.29237	1.29242			6
2025.04.02	01:04:36.146	1.29236	1.29241			6
2025.04.02	01:04:40.165	1.29238	1.29242			6
2025.04.02	01:04:42.311	1.29239	1.29243			6
2025.04.02	01:04:42.624	1.29240	1.29244			6
2025.04.02	01:04:42.929	1.29238	1.29242			6
2025.04.02	01:04:45.089	1.29237	1.29241			6
2025.04.02	01:04:52.166	1.29240	1.29244			6
2025.04.02	01:04:52.471	1.29239	1.29243			6
2025.04.02	01:04:52.776	1.29238	1.29242			6
2025.04.02	01:04:53.702	1.29236	1.29240			6
2025.04.02	01:04:56.169	1.29235	1.29239			6
2025.04.02	01:04:56.476	1.29237	1.29241			6
2025.04.02	01:04:57.400	1.29238	1.29242			6
2025.04.02	01:04:58.635	1.29237	1.29241			6
2025.04.02	01:05:00.177	1.29239	1.29243			6
2025.04.02	01:05:00.481	1.29240	1.29244			6
2025.04.02	01:05:00.789	1.29241	1.29245			6
2025.04.02	01:05:01.103	1.29240				2
2025.04.02	01:05:01.414	1.29241	1.29246			6
2025.04.02	01:05:02.951	1.29240	1.29245			6
2025.04.02	01:05:03.265	1.29239	1.29244			6
2025.04.02	01:05:03.574	1.29238	1.29243			6
2025.04.02	01:05:03.876	1.29239	1.29244			6
2025.04.02	01:05:04.820	1.29235	1.29240			6
2025.04.02	01:05:06.363	1.29234	1.29239			6
2025.04.02	01:05:06.671	1.29235				2
2025.04.02	01:05:06.978	1.29236	1.29241			6
2025.04.02	01:05:07.286	1.29235	1.29240			6
2025.04.02	01:05:08.833	1.29236	1.29241			6
2025.04.02	01:05:09.452	1.29235	1.29240			6
2025.04.02	01:05:19.322	1.29233	1.29238			6
2025.04.02	01:05:20.567	1.29235	1.29240			6
2025.04.02	01:05:20.870	1.29236	1.29241			6
2025.04.02	01:05:23.034	1.29235	1.29240			6
2025.04.02	01:05:31.972	1.29234	1.29239			6
2025.04.02	01:05:32.284	1.29235				2
2025.04.02	01:05:33.212	1.29234				2
2025.04.02	01:05:35.683	1.29236	1.29241			6
2025.04.02	01:05:35.989	1.29237	1.29242			6
2025.04.02	01:05:36.611	1.29236	1.29241			6
2025.04.02	01:05:36.920	1.29235	1.29240			6
2025.04.02	01:05:37.226	1.29239	1.29243			6
2025.04.02	01:05:37.532		1.29244			4
2025.04.02	01:05:40.336	1.29242				2
2025.04.02	01:05:41.257		1.29243			4
2025.04.02	01:05:42.483		1.29244			4
2025.04.02	01:05:42.802	1.29247	1.29248			6
2025.04.02	01:05:43.106		1.29249			4
2025.04.02	01:05:43.411		1.29248			4
2025.04.02	01:05:45.281	1.29246	1.29247			6
2025.04.02	01:05:47.128	1.29247	1.29248			6
2025.04.02	01:05:48.365	1.29248	1.29249			6
2025.04.02	01:05:53.605	1.29243	1.29248			6
2025.04.02	01:05:54.226	1.29244	1.29249			6
2025.04.02	01:05:56.081	1.29243	1.29248			6
2025.04.02	01:05:57.621	1.29244	1.29249			6
2025.04.02	01:06:00.095	1.29244				2
2025.04.02	01:06:00.400	1.29243	1.29248			6
2025.04.02	01:06:02.877	1.29248	1.29249			6
2025.04.02	01:06:11.489	1.29255	1.29256			6
2025.04.02	01:06:11.791	1.29257	1.29260			6
2025.04.02	01:06:12.104	1.29256	1.29264			6
2025.04.02	01:06:13.963		1.29262			4
2025.04.02	01:06:15.494		1.29261			4
2025.04.02	01:06:17.326		1.29260			4
2025.04.02	01:06:17.637		1.29261			4
2025.04.02	01:06:20.392		1.29260			4
2025.04.02	01:06:21.314	1.29251	1.29256			6
2025.04.02	01:06:21.621		1.29254			4
2025.04.02	01:06:22.233		1.29253			4
2025.04.02	01:06:23.148		1.29254			4
2025.04.02	01:06:31.464		1.29253			4
2025.04.02	01:06:32.382		1.29254			4
2025.04.02	01:06:32.684		1.29253			4
2025.04.02	01:06:36.381		1.29254			4
2025.04.02	01:06:38.531		1.29255			4
2025.04.02	01:06:38.843		1.29256			4
2025.04.02	01:06:41.289		1.29257			4
2025.04.02	01:06:44.365		1.29256			4
2025.04.02	01:06:52.956		1.29255			4
2025.04.02	01:06:57.251		1.29254			4
2025.04.02	01:07:00.035	1.29251				2
2025.04.02	01:07:00.344	1.29255	1.29257			6
2025.04.02	01:07:01.273		1.29256			4
2025.04.02	01:07:01.580		1.29257			4
2025.04.02	01:07:02.203	1.29251	1.29256			6
2025.04.02	01:07:02.508		1.29255			4
2025.04.02	01:07:02.809		1.29254			4
2025.04.02	01:07:07.445		1.29255			4
2025.04.02	01:07:09.295		1.29254			4
2025.04.02	01:07:11.453		1.29253			4
2025.04.02	01:07:19.494		1.29254			4
2025.04.02	01:07:42.794		1.29255			4
2025.04.02	01:07:45.252		1.29254			4
2025.04.02	01:07:46.163		1.29253			4
2025.04.02	01:07:46.464		1.29254			4
2025.04.02	01:07:54.347		1.29253			4
2025.04.02	01:07:54.955		1.29254			4
2025.04.02	01:07:55.564		1.29253			4
2025.04.02	01:07:56.191		1.29255			4
2025.04.02	01:07:57.430		1.29254			4
2025.04.02	01:08:00.206	1.29255	1.29256			6
2025.04.02	01:08:00.511	1.29256	1.29257			6
2025.04.02	01:08:08.525	1.29251	1.29255			6
2025.04.02	01:08:08.836	1.29250	1.29254			6
2025.04.02	01:08:09.143		1.29253			4
2025.04.02	01:08:10.374	1.29251	1.29255			6
2025.04.02	01:08:10.684	1.29250	1.29254			6
2025.04.02	01:08:15.008		1.29253			4
2025.04.02	01:08:19.317		1.29254			4
2025.04.02	01:08:19.626	1.29249	1.29253			6
2025.04.02	01:08:21.163	1.29244	1.29248			6
2025.04.02	01:08:22.398	1.29243				2
2025.04.02	01:08:23.021	1.29244	1.29249			6
2025.04.02	01:08:23.642	1.29243	1.29248			6
2025.04.02	01:08:27.341		1.29247			4
2025.04.02	01:08:31.049	1.29242	1.29246			6
2025.04.02	01:08:36.286	1.29240	1.29244			6
2025.04.02	01:08:37.201	1.29238	1.29242			6
2025.04.02	01:08:37.508	1.29239	1.29243			6
2025.04.02	01:08:38.127	1.29241	1.29245			6
2025.04.02	01:08:38.437	1.29239	1.29243			6
2025.04.02	01:08:38.743	1.29238	1.29242			6
2025.04.02	01:08:39.061	1.29239	1.29243			6
2025.04.02	01:08:39.367	1.29241	1.29245			6
2025.04.02	01:08:39.677	1.29239	1.29243			6
2025.04.02	01:08:40.288	1.29241	1.29245			6
2025.04.02	01:08:40.606	1.29239	1.29243			6
2025.04.02	01:08:41.218	1.29240	1.29244			6
2025.04.02	01:08:41.524	1.29239	1.29243			6
2025.04.02	01:08:41.826	1.29237	1.29241			6
2025.04.02	01:08:42.128	1.29239	1.29243			6
2025.04.02	01:08:42.432	1.29238	1.29242			6
2025.04.02	01:08:42.734	1.29239	1.29243			6
2025.04.02	01:08:43.044	1.29240	1.29244			6
2025.04.02	01:08:43.351	1.29239				2
2025.04.02	01:08:43.654	1.29238	1.29243			6
2025.04.02	01:08:43.969	1.29237	1.29242			6
2025.04.02	01:08:44.270	1.29238	1.29243			6
2025.04.02	01:08:44.571	1.29239	1.29244			6
2025.04.02	01:08:45.487	1.29241	1.29246			6
2025.04.02	01:08:45.797	1.29239	1.29244			6
2025.04.02	01:08:46.406	1.29240	1.29245			6
2025.04.02	01:08:46.709	1.29241	1.29246			6
2025.04.02	01:08:47.011	1.29240	1.29245			6
2025.04.02	01:08:47.329	1.29237	1.29242			6
2025.04.02	01:08:47.635	1.29238	1.29243			6
2025.04.02	01:08:47.939	1.29237	1.29242			6
2025.04.02	01:08:48.260	1.29238	1.29243			6
2025.04.02	01:08:48.563	1.29239	1.29244			6
2025.04.02	01:08:49.492	1.29240	1.29245			6
2025.04.02	01:08:49.797	1.29239	1.29244			6
2025.04.02	01:08:50.726	1.29241	1.29246			6
2025.04.02	01:08:51.044	1.29240	1.29245			6
2025.04.02	01:08:51.344	1.29241	1.29246			6
2025.04.02	01:08:51.955	1.29242	1.29247			6
2025.04.02	01:08:52.569	1.29240	1.29245			6
2025.04.02	01:08:53.171	1.29241	1.29246			6
2025.04.02	01:08:54.732	1.29242	1.29247			6
2025.04.02	01:08:55.351	1.29241	1.29246			6
2025.04.02	01:08:57.190	1.29240	1.29245			6
2025.04.02	01:08:57.810	1.29241	1.29246			6
2025.04.02	01:08:58.118	1.29242	1.29247			6
2025.04.02	01:08:58.422	1.29241	1.29246			6
2025.04.02	01:09:00.284	1.29240	1.29245			6
2025.04.02	01:09:00.588	1.29241	1.29246			6
2025.04.02	01:09:01.807	1.29242				2
2025.04.02	01:09:02.111	1.29241				2
2025.04.02	01:09:02.731	1.29242	1.29247			6
2025.04.02	01:09:03.036	1.29244	1.29249			6
2025.04.02	01:09:03.339	1.29243	1.29248			6
2025.04.02	01:09:04.885	1.29245	1.29250			6
2025.04.02	01:09:05.192	1.29244	1.29249			6
2025.04.02	01:09:06.419	1.29243	1.29248			6
2025.04.02	01:09:06.725	1.29245	1.29250			6
2025.04.02	01:09:07.033	1.29244	1.29249			6
2025.04.02	01:09:08.261	1.29243	1.29248			6
2025.04.02	01:09:10.392	1.29245	1.29250			6
2025.04.02	01:09:14.396	1.29246	1.29251			6
2025.04.02	01:09:16.230	1.29243	1.29248			6
2025.04.02	01:09:16.535	1.29244	1.29249			6
2025.04.02	01:09:16.839	1.29247	1.29252			6
2025.04.02	01:09:18.376	1.29244	1.29249			6
2025.04.02	01:09:19.291	1.29255	1.29260			6
2025.04.02	01:09:19.606	1.29251	1.29256			6
2025.04.02	01:09:20.217	1.29249	1.29255			6
2025.04.02	01:09:20.526	1.29251	1.29257			6
2025.04.02	01:09:21.142	1.29250	1.29256			6
2025.04.02	01:09:26.347	1.29251	1.29257			6
2025.04.02	01:09:26.657	1.29250	1.29256			6
2025.04.02	01:09:26.967	1.29252	1.29258			6
2025.04.02	01:09:27.269	1.29251	1.29257			6
2025.04.02	01:09:27.884	1.29252	1.29258			6
2025.04.02	01:09:28.200	1.29249	1.29255			6
2025.04.02	01:09:28.507	1.29250	1.29256			6
2025.04.02	01:09:28.821	1.29249	1.29255			6
2025.04.02	01:09:29.128	1.29250	1.29256			6
2025.04.02	01:09:29.433	1.29251	1.29257			6
2025.04.02	01:09:30.653	1.29250	1.29256			6
2025.04.02	01:09:31.582	1.29249	1.29255			6
2025.04.02	01:09:31.883	1.29250	1.29256			6
2025.04.02	01:09:32.497	1.29249	1.29255			6
2025.04.02	01:09:33.419	1.29250	1.29256			6
2025.04.02	01:09:36.482	1.29249	1.29255			6
2025.04.02	01:09:36.790	1.29250	1.29256			6
2025.04.02	01:09:43.219		1.29255			4
2025.04.02	01:09:46.280	1.29249	1.29254			6
2025.04.02	01:09:48.740	1.29250	1.29255			6
2025.04.02	01:09:52.410	1.29249	1.29254			6
2025.04.02	01:09:52.719	1.29250	1.29255			6
2025.04.02	01:09:56.094	1.29249	1.29254			6
2025.04.02	01:09:57.318	1.29248	1.29253			6
2025.04.02	01:10:00.083	1.29249	1.29254			6
2025.04.02	01:10:00.998	1.29252	1.29257			6
2025.04.02	01:10:01.311	1.29248	1.29253			6
2025.04.02	01:10:01.621	1.29247	1.29252			6
2025.04.02	01:10:02.224		1.29253			4
2025.04.02	01:10:02.534	1.29248	1.29254			6
2025.04.02	01:10:02.836	1.29247	1.29253			6
2025.04.02	01:10:03.749	1.29248	1.29254			6
2025.04.02	01:10:04.058	1.29247	1.29253			6
2025.04.02	01:10:04.668	1.29248	1.29254			6
2025.04.02	01:10:05.583	1.29249	1.29255			6
2025.04.02	01:10:05.888	1.29248	1.29254			6
2025.04.02	01:10:06.194	1.29246	1.29252			6
2025.04.02	01:10:06.810	1.29247	1.29253			6
2025.04.02	01:10:07.120	1.29248	1.29254			6
2025.04.02	01:10:08.347	1.29247	1.29253			6
2025.04.02	01:10:08.652	1.29246	1.29252			6
2025.04.02	01:10:08.961	1.29248	1.29254			6
2025.04.02	01:10:10.195	1.29247	1.29252			6
2025.04.02	01:10:10.813	1.29248	1.29253			6
2025.04.02	01:10:12.947	1.29247	1.29252			6
2025.04.02	01:10:13.263	1.29249	1.29254			6
2025.04.02	01:10:14.184	1.29248	1.29253			6
2025.04.02	01:10:15.105	1.29250	1.29255			6
2025.04.02	01:10:15.413	1.29249	1.29254			6
2025.04.02	01:10:15.721	1.29250	1.29255			6
2025.04.02	01:10:17.258	1.29249	1.29254			6
2025.04.02	01:10:18.494	1.29250	1.29255			6
2025.04.02	01:10:19.419	1.29249	1.29254			6
2025.04.02	01:10:20.344	1.29248	1.29253			6
2025.04.02	01:10:20.657	1.29249	1.29254			6
2025.04.02	01:10:22.813	1.29248	1.29253			6
2025.04.02	01:10:23.425	1.29249	1.29254			6
2025.04.02	01:10:26.197	1.29248	1.29253			6
2025.04.02	01:10:26.506	1.29249	1.29254			6
2025.04.02	01:10:26.817	1.29250	1.29255			6
2025.04.02	01:10:27.118	1.29251	1.29256			6
2025.04.02	01:10:27.425	1.29250	1.29255			6
2025.04.02	01:10:27.733	1.29251	1.29256			6
2025.04.02	01:10:28.040	1.29250	1.29255			6
2025.04.02	01:10:28.346	1.29252	1.29257			6
2025.04.02	01:10:28.648	1.29250	1.29255			6
2025.04.02	01:10:28.961	1.29249	1.29254			6
2025.04.02	01:10:29.884	1.29252	1.29257			6
2025.04.02	01:10:31.119	1.29253	1.29258			6
2025.04.02	01:10:31.423	1.29252	1.29257			6
2025.04.02	01:10:32.343	1.29253	1.29258			6
2025.04.02	01:10:34.197	1.29252	1.29257			6
2025.04.02	01:10:34.506	1.29253				2
2025.04.02	01:10:34.810		1.29258			4
2025.04.02	01:10:35.119	1.29252	1.29257			6
2025.04.02	01:10:36.958	1.29253	1.29258			6
2025.04.02	01:10:38.191	1.29252	1.29257			6
2025.04.02	01:10:39.423	1.29253	1.29258			6
2025.04.02	01:10:39.731	1.29252	1.29257			6
2025.04.02	01:10:40.340	1.29251	1.29256			6
2025.04.02	01:10:40.948	1.29252	1.29257			6
2025.04.02	01:10:41.874	1.29253	1.29258			6
2025.04.02	01:10:43.106	1.29252	1.29257			6
2025.04.02	01:10:45.247	1.29253	1.29258			6
2025.04.02	01:10:47.389		1.29257			4
2025.04.02	01:10:47.992	1.29252	1.29256			6
2025.04.02	01:10:50.115	1.29254	1.29258			6
2025.04.02	01:10:52.562	1.29255	1.29259			6
2025.04.02	01:10:53.487	1.29252	1.29256			6
2025.04.02	01:10:54.412	1.29251				2
2025.04.02	01:10:55.645	1.29256	1.29258			6
2025.04.02	01:10:55.947	1.29250	1.29255			6
2025.04.02	01:10:56.266	1.29252				2
2025.04.02	01:10:56.573	1.29253	1.29254			6
2025.04.02	01:10:56.884	1.29254	1.29255			6
2025.04.02	01:10:57.188	1.29253				2
2025.04.02	01:10:57.500	1.29254	1.29258			6
2025.04.02	01:10:57.804	1.29257	1.29260			6
2025.04.02	01:10:58.113		1.29258			4
2025.04.02	01:10:58.417	1.29255	1.29260			6
2025.04.02	01:10:58.722	1.29256	1.29261			6
2025.04.02	01:10:59.029	1.29258	1.29262			6
2025.04.02	01:10:59.344	1.29260	1.29261			6
2025.04.02	01:10:59.651		1.29262			4
2025.04.02	01:11:00.258	1.29260				2
2025.04.02	01:11:00.876	1.29262	1.29265			6
2025.04.02	01:11:01.183		1.29264			4
2025.04.02	01:11:01.798	1.29261				2
2025.04.02	01:11:02.110		1.29265			4
2025.04.02	01:11:02.720		1.29264			4
2025.04.02	01:11:03.326	1.29260				2
2025.04.02	01:11:03.629	1.29261				2
2025.04.02	01:11:03.937		1.29267			4
2025.04.02	01:11:04.546		1.29266			4
2025.04.02	01:11:05.167	1.29266	1.29272			6
2025.04.02	01:11:05.471	1.29261	1.29267			6
2025.04.02	01:11:06.082	1.29262	1.29268			6
2025.04.02	01:11:06.400	1.29260	1.29266			6
2025.04.02	01:11:07.024	1.29261	1.29267			6
2025.04.02	01:11:10.396		1.29266			4
2025.04.02	01:11:10.704		1.29265			4
2025.04.02	01:11:11.618		1.29266			4
2025.04.02	01:11:12.532	1.29269	1.29273			6
2025.04.02	01:11:12.844		1.29274			4
2025.04.02	01:11:13.154		1.29273			4
2025.04.02	01:11:13.763	1.29277	1.29282			6
2025.04.02	01:11:14.073		1.29283			4
2025.04.02	01:11:14.374		1.29282			4
2025.04.02	01:11:17.445	1.29278				2
2025.04.02	01:11:18.371	1.29279	1.29285			6
2025.04.02	01:11:18.677		1.29284			4
2025.04.02	01:11:18.981		1.29283			4
2025.04.02	01:11:19.285		1.29284			4
2025.04.02	01:11:19.597		1.29285			4
2025.04.02	01:11:20.515		1.29283			4
2025.04.02	01:11:21.438	1.29276	1.29282			6
2025.04.02	01:11:22.049	1.29279	1.29285			6
2025.04.02	01:11:22.351	1.29272	1.29279			6
2025.04.02	01:11:22.652	1.29271	1.29278			6
2025.04.02	01:11:23.585	1.29270	1.29277			6
2025.04.02	01:11:24.191	1.29272	1.29279			6
2025.04.02	01:11:25.107	1.29270	1.29275			6
2025.04.02	01:11:25.421	1.29271	1.29276			6
2025.04.02	01:11:26.032		1.29277			4
2025.04.02	01:11:26.337	1.29269	1.29274			6
2025.04.02	01:11:26.641	1.29271	1.29275			6
2025.04.02	01:11:26.950		1.29276			4
2025.04.02	01:11:27.562		1.29277			4
2025.04.02	01:11:28.477		1.29276			4
2025.04.02	01:11:30.625		1.29277			4
2025.04.02	01:11:32.770	1.29268	1.29274			6
2025.04.02	01:11:35.220	1.29261	1.29267			6
2025.04.02	01:11:35.528	1.29259	1.29266			6
2025.04.02	01:11:36.459	1.29258	1.29265			6
2025.04.02	01:11:36.767	1.29259	1.29266			6
2025.04.02	01:11:37.687	1.29258	1.29265			6
2025.04.02	01:11:38.596	1.29259	1.29266			6
2025.04.02	01:11:50.878	1.29258	1.29265			6
2025.04.02	01:11:55.486	1.29250	1.29257			6
2025.04.02	01:11:55.793	1.29249	1.29256			6
2025.04.02	01:11:56.098	1.29248	1.29255			6
2025.04.02	01:11:58.847	1.29245	1.29252			6
2025.04.02	01:11:59.151	1.29244	1.29251			6
2025.04.02	01:11:59.762	1.29239	1.29246			6
2025.04.02	01:12:00.073	1.29239				2
2025.04.02	01:12:00.689	1.29230	1.29237			6
2025.04.02	01:12:01.312	1.29228	1.29235			6
2025.04.02	01:12:01.619	1.29226	1.29233			6
2025.04.02	01:12:01.921	1.29229	1.29236			6
2025.04.02	01:12:03.752	1.29226	1.29233			6
2025.04.02	01:12:04.361	1.29228	1.29235			6
2025.04.02	01:12:04.972	1.29227	1.29234			6
2025.04.02	01:12:05.881	1.29229	1.29236			6
2025.04.02	01:12:06.188	1.29227	1.29234			6
2025.04.02	01:12:07.103	1.29229	1.29236			6
2025.04.02	01:12:07.410	1.29227	1.29234			6
2025.04.02	01:12:10.453	1.29229	1.29236			6
2025.04.02	01:12:33.200	1.29236	1.29237			6
2025.04.02	01:12:33.508		1.29243			4
2025.04.02	01:12:34.119	1.29233	1.29240			6
2025.04.02	01:12:34.426	1.29232	1.29239			6
2025.04.02	01:12:35.051	1.29230	1.29237			6
2025.04.02	01:12:35.978	1.29231	1.29238			6
2025.04.02	01:12:37.819	1.29238	1.29243			6
2025.04.02	01:12:38.126	1.29233	1.29240			6
2025.04.02	01:12:38.741	1.29232	1.29238			6
2025.04.02	01:12:39.048		1.29237			4
2025.04.02	01:12:39.975		1.29238			4
2025.04.02	01:12:42.129	1.29235				2
2025.04.02	01:12:42.430	1.29231	1.29235			6
2025.04.02	01:12:44.282		1.29237			4
2025.04.02	01:12:44.592	1.29230	1.29236			6
2025.04.02	01:12:45.201	1.29231				2
2025.04.02	01:12:52.283	1.29229				2
2025.04.02	01:13:00.289	1.29233	1.29238			6
2025.04.02	01:13:00.594	1.29231				2
2025.04.02	01:13:02.132	1.29230	1.29237			6
2025.04.02	01:13:03.367	1.29231	1.29238			6
2025.04.02	01:13:07.365		1.29237			4
2025.04.02	01:13:07.669	1.29232	1.29238			6
2025.04.02	01:13:08.896	1.29231	1.29237			6
2025.04.02	01:13:13.818		1.29236			4
2025.04.02	01:13:14.125	1.29230				2
2025.04.02	01:13:15.043	1.29231	1.29237			6
2025.04.02	01:13:15.659	1.29230	1.29236			6
2025.04.02	01:13:19.357	1.29231	1.29237			6
2025.04.02	01:13:24.282		1.29236			4
2025.04.02	01:13:27.320	1.29232	1.29237			6
2025.04.02	01:13:30.668	1.29231	1.29236			6
2025.04.02	01:13:31.285	1.29232	1.29237			6
2025.04.02	01:13:36.164	1.29231	1.29236			6
2025.04.02	01:13:38.921	1.29230	1.29235			6
2025.04.02	01:13:39.228	1.29231				2
2025.04.02	01:13:41.365	1.29230	1.29234			6
2025.04.02	01:13:42.283	1.29231	1.29235			6
2025.04.02	01:13:45.618	1.29241	1.29245			6
2025.04.02	01:13:45.923	1.29243	1.29247			6
2025.04.02	01:13:46.238	1.29245	1.29249			6
2025.04.02	01:13:47.155	1.29243	1.29250			6
2025.04.02	01:13:47.466	1.29242	1.29249			6
2025.04.02	01:13:48.691	1.29239	1.29246			6
2025.04.02	01:13:54.544	1.29241	1.29248			6
2025.04.02	01:13:54.850	1.29242	1.29249			6
2025.04.02	01:13:57.318	1.29240	1.29247			6
2025.04.02	01:14:00.081	1.29240				2
2025.04.02	01:14:00.388	1.29242	1.29249			6
2025.04.02	01:14:00.693	1.29240	1.29247			6
2025.04.02	01:14:13.334	1.29241				2
2025.04.02	01:14:16.408	1.29244	1.29250			6
2025.04.02	01:14:18.251	1.29241	1.29247			6
2025.04.02	01:14:27.170	1.29240	1.29246			6
2025.04.02	01:14:33.298	1.29241				2
2025.04.02	01:14:47.382		1.29245			4
2025.04.02	01:15:00.204	1.29241				2
2025.04.02	01:15:06.013	1.29244	1.29248			6
2025.04.02	01:15:06.925	1.29245	1.29249			6
2025.04.02	01:15:07.226	1.29244	1.29248			6
2025.04.02	01:15:07.531	1.29245	1.29249			6
2025.04.02	01:15:07.831	1.29244	1.29248			6
2025.04.02	01:15:09.673	1.29242	1.29246			6
2025.04.02	01:15:12.728	1.29245	1.29249			6
2025.04.02	01:15:17.625	1.29250	1.29254			6
2025.04.02	01:15:17.927	1.29251	1.29255			6
2025.04.02	01:15:19.772	1.29253	1.29257			6
2025.04.02	01:15:33.881	1.29251	1.29255			6
2025.04.02	01:15:44.030	1.29250	1.29254			6
2025.04.02	01:15:44.333	1.29251	1.29255			6
2025.04.02	01:15:46.177	1.29253	1.29256			6
2025.04.02	01:15:47.095		1.29257			4
2025.04.02	01:15:48.318		1.29256			4
2025.04.02	01:16:00.229	1.29254	1.29257			6
2025.04.02	01:16:00.537	1.29256	1.29259			6
2025.04.02	01:16:16.733	1.29259	1.29262			6
2025.04.02	01:16:17.039	1.29257	1.29260			6
2025.04.02	01:16:17.344	1.29258	1.29261			6
2025.04.02	01:16:17.647	1.29257	1.29260			6
2025.04.02	01:16:21.940	1.29260	1.29263			6
2025.04.02	01:16:27.134	1.29259	1.29262			6
2025.04.02	01:16:28.347	1.29260	1.29263			6
2025.04.02	01:16:30.165	1.29259	1.29262			6
2025.04.02	01:16:31.077	1.29260	1.29263			6
2025.04.02	01:16:31.997	1.29259	1.29262			6
2025.04.02	01:16:32.306	1.29258	1.29261			6
2025.04.02	01:16:34.434	1.29259	1.29262			6
2025.04.02	01:16:38.429	1.29258	1.29261			6
2025.04.02	01:16:38.734	1.29257	1.29260			6
2025.04.02	01:16:39.046	1.29256	1.29259			6
2025.04.02	01:16:48.886	1.29257	1.29260			6
2025.04.02	01:16:49.196	1.29258	1.29261			6
2025.04.02	01:16:49.501	1.29260	1.29263			6
2025.04.02	01:16:57.499	1.29258	1.29261			6
2025.04.02	01:16:59.033	1.29257	1.29260			6
2025.04.02	01:16:59.346	1.29258	1.29261			6
2025.04.02	01:16:59.955	1.29259	1.29262			6
2025.04.02	01:17:00.260	1.29258	1.29261			6
2025.04.02	01:17:01.183	1.29260	1.29263			6
2025.04.02	01:17:01.797	1.29259	1.29262			6
2025.04.02	01:17:02.111	1.29260	1.29263			6
2025.04.02	01:17:03.029	1.29259	1.29262			6
2025.04.02	01:17:04.259	1.29260	1.29263			6
2025.04.02	01:17:09.489	1.29259	1.29262			6
2025.04.02	01:17:09.802	1.29261	1.29264			6
2025.04.02	01:17:22.422	1.29260	1.29263			6
2025.04.02	01:17:24.264	1.29261				2
2025.04.02	01:17:27.958	1.29258	1.29261			6
2025.04.02	01:17:28.268	1.29261	1.29264			6
2025.04.02	01:17:34.106	1.29262	1.29265			6
2025.04.02	01:17:35.948	1.29263				2
2025.04.02	01:17:36.563		1.29266			4
2025.04.02	01:17:36.867	1.29264	1.29267			6
2025.04.02	01:17:37.489	1.29265	1.29268			6
2025.04.02	01:17:39.345	1.29263	1.29266			6
2025.04.02	01:17:39.650	1.29264	1.29267			6
2025.04.02	01:17:41.802	1.29262	1.29265			6
2025.04.02	01:17:44.269	1.29260	1.29263			6
2025.04.02	01:17:47.981	1.29259	1.29262			6
2025.04.02	01:17:51.676	1.29256	1.29259			6
2025.04.02	01:17:52.286	1.29253	1.29256			6
2025.04.02	01:17:52.606	1.29258	1.29261			6
2025.04.02	01:17:55.057	1.29257	1.29260			6
2025.04.02	01:17:55.972	1.29256	1.29259			6
2025.04.02	01:17:57.825	1.29257	1.29260			6
2025.04.02	01:17:59.672	1.29260	1.29263			6
2025.04.02	01:17:59.984	1.29262	1.29265			6
2025.04.02	01:18:00.289	1.29262	1.29266			6
2025.04.02	01:18:01.216	1.29264	1.29268			6
2025.04.02	01:18:02.145	1.29263	1.29267			6
2025.04.02	01:18:04.607	1.29271	1.29275			6
2025.04.02	01:18:05.219	1.29270	1.29276			6
2025.04.02	01:18:05.840	1.29271	1.29277			6
2025.04.02	01:18:06.449	1.29272	1.29278			6
2025.04.02	01:18:08.301	1.29270	1.29276			6
2025.04.02	01:18:08.920	1.29271	1.29277			6
2025.04.02	01:18:09.535	1.29270	1.29276			6
2025.04.02	01:18:10.766	1.29272	1.29278			6
2025.04.02	01:18:11.383	1.29273	1.29279			6
2025.04.02	01:18:11.694	1.29272	1.29278			6
2025.04.02	01:18:11.999	1.29276	1.29281			6
2025.04.02	01:18:12.929	1.29277	1.29283			6
2025.04.02	01:18:13.236	1.29274	1.29280			6
2025.04.02	01:18:14.167	1.29275				2
2025.04.02	01:18:14.476	1.29274				2
2025.04.02	01:18:16.320	1.29275	1.29281			6
2025.04.02	01:18:17.244	1.29277	1.29282			6
2025.04.02	01:18:17.546	1.29281	1.29286			6
2025.04.02	01:18:17.849	1.29282	1.29287			6
2025.04.02	01:18:18.169	1.29281	1.29288			6
2025.04.02	01:18:19.087	1.29282	1.29289			6
2025.04.02	01:18:19.391		1.29288			4
2025.04.02	01:18:19.698	1.29281	1.29287			6
2025.04.02	01:18:20.320	1.29279	1.29285			6
2025.04.02	01:18:27.111	1.29272	1.29278			6
2025.04.02	01:18:27.416	1.29274	1.29277			6
2025.04.02	01:18:27.724	1.29271				2
2025.04.02	01:18:28.344	1.29270				2
2025.04.02	01:18:29.268	1.29268	1.29275			6
2025.04.02	01:18:29.577	1.29271	1.29274			6
2025.04.02	01:18:29.888		1.29273			4
2025.04.02	01:18:30.196		1.29275			4
2025.04.02	01:18:30.502	1.29273	1.29277			6
2025.04.02	01:18:30.821	1.29270	1.29276			6
2025.04.02	01:18:31.124	1.29272	1.29278			6
2025.04.02	01:18:32.049	1.29273	1.29277			6
2025.04.02	01:18:33.588	1.29272				2
2025.04.02	01:18:33.899	1.29269	1.29276			6
2025.04.02	01:18:36.054	1.29268	1.29275			6
2025.04.02	01:18:36.666	1.29271	1.29278			6
2025.04.02	01:18:36.969	1.29278	1.29284			6
2025.04.02	01:18:37.290	1.29280	1.29286			6
2025.04.02	01:18:37.904	1.29279				2
2025.04.02	01:18:40.366	1.29280	1.29287			6
2025.04.02	01:18:40.973	1.29281	1.29288			6
2025.04.02	01:18:41.287	1.29280	1.29287			6
2025.04.02	01:18:45.594	1.29281	1.29288			6
2025.04.02	01:18:45.903	1.29280	1.29287			6
2025.04.02	01:18:47.132	1.29282	1.29289			6
2025.04.02	01:18:47.446		1.29288			4
2025.04.02	01:18:47.753	1.29285	1.29292			6
2025.04.02	01:18:48.360	1.29287	1.29294			6
2025.04.02	01:18:48.987	1.29288	1.29295			6
2025.04.02	01:18:51.757	1.29285	1.29292			6
2025.04.02	01:18:52.068	1.29283	1.29290			6
2025.04.02	01:18:52.379	1.29284	1.29291			6
2025.04.02	01:18:53.612	1.29281	1.29288			6
2025.04.02	01:18:54.226	1.29282				2
2025.04.02	01:18:56.996	1.29283	1.29290			6
2025.04.02	01:18:57.308	1.29281	1.29288			6
2025.04.02	01:18:57.621	1.29283	1.29290			6
2025.04.02	01:18:58.230	1.29282	1.29286			6
2025.04.02	01:18:58.532	1.29279				2
2025.04.02	01:18:58.851	1.29283	1.29289			6
2025.04.02	01:18:59.157		1.29290			4
2025.04.02	01:19:00.088	1.29283				2
2025.04.02	01:19:00.392	1.29285				2
2025.04.02	01:19:00.701	1.29284	1.29291			6
2025.04.02	01:19:01.619	1.29283	1.29290			6
2025.04.02	01:19:01.926	1.29282	1.29289			6
2025.04.02	01:19:02.544	1.29288	1.29291			6
2025.04.02	01:19:02.853		1.29293			4
2025.04.02	01:19:03.158		1.29295			4
2025.04.02	01:19:03.470		1.29294			4
2025.04.02	01:19:04.083	1.29287				2
2025.04.02	01:19:04.388	1.29289	1.29296			6
2025.04.02	01:19:06.243		1.29295			4
2025.04.02	01:19:09.319	1.29296	1.29300			6
2025.04.02	01:19:09.627	1.29294	1.29301			6
2025.04.02	01:19:10.251		1.29300			4
2025.04.02	01:19:10.872	1.29292	1.29299			6
2025.04.02	01:19:11.183	1.29293	1.29300			6
2025.04.02	01:19:11.489	1.29294	1.29301			6
2025.04.02	01:19:11.802	1.29293	1.29300			6
2025.04.02	01:19:12.728	1.29294	1.29301			6
2025.04.02	01:19:13.344	1.29295				2
2025.04.02	01:19:13.650	1.29298	1.29303			6
2025.04.02	01:19:14.272	1.29300	1.29307			6
2025.04.02	01:19:17.041	1.29298	1.29305			6
2025.04.02	01:19:17.347	1.29297	1.29304			6
2025.04.02	01:19:18.272	1.29296	1.29303			6
2025.04.02	01:19:20.126	1.29298	1.29305			6
2025.04.02	01:19:20.434		1.29303			4
2025.04.02	01:19:20.741		1.29305			4
2025.04.02	01:19:21.048		1.29303			4
2025.04.02	01:19:21.350	1.29296				2
2025.04.02	01:19:21.668	1.29300	1.29307			6
2025.04.02	01:19:36.447	1.29303	1.29310			6
2025.04.02	01:19:36.752	1.29302	1.29309			6
2025.04.02	01:19:37.055	1.29303	1.29310			6
2025.04.02	01:19:37.367	1.29302	1.29308			6
2025.04.02	01:19:38.290	1.29300	1.29307			6
2025.04.02	01:19:38.594	1.29301				2
2025.04.02	01:19:39.210	1.29300				2
2025.04.02	01:19:40.439	1.29301				2
2025.04.02	01:19:40.750	1.29300				2
2025.04.02	01:19:41.369	1.29301				2
2025.04.02	01:19:41.677	1.29299	1.29306			6
2025.04.02	01:19:42.604		1.29305			4
2025.04.02	01:19:42.910	1.29297	1.29304			6
2025.04.02	01:19:43.217	1.29299	1.29305			6
2025.04.02	01:19:43.535	1.29298				2
2025.04.02	01:19:48.155		1.29304			4
2025.04.02	01:19:49.389	1.29299	1.29305			6
2025.04.02	01:19:49.691	1.29298	1.29304			6
2025.04.02	01:19:52.159	1.29299	1.29305			6
2025.04.02	01:19:54.928		1.29303			4
2025.04.02	01:19:58.938	1.29301	1.29307			6
2025.04.02	01:20:00.177	1.29301	1.29306			6
2025.04.02	01:20:00.486	1.29302	1.29308			6
2025.04.02	01:20:00.794	1.29303	1.29307			6
2025.04.02	01:20:01.407	1.29302				2
2025.04.02	01:20:01.721		1.29308			4
2025.04.02	01:20:02.328	1.29303				2
2025.04.02	01:20:05.411	1.29301	1.29307			6
2025.04.02	01:20:06.029	1.29302	1.29308			6
2025.04.02	01:20:06.332	1.29303	1.29307			6
2025.04.02	01:20:06.948	1.29306	1.29312			6
2025.04.02	01:20:07.264	1.29307				2
2025.04.02	01:20:08.491	1.29306				2
2025.04.02	01:20:08.795	1.29307				2
2025.04.02	01:20:11.876	1.29303	1.29308			6
2025.04.02	01:20:12.182	1.29302				2
2025.04.02	01:20:12.800	1.29301	1.29307			6
2025.04.02	01:20:13.412	1.29302				2
2025.04.02	01:20:13.722	1.29301	1.29306			6
2025.04.02	01:20:14.031	1.29302	1.29305			6
2025.04.02	01:20:14.342	1.29299	1.29304			6
2025.04.02	01:20:15.882		1.29303			4
2025.04.02	01:20:19.572		1.29302			4
2025.04.02	01:20:26.340	1.29300				2
2025.04.02	01:20:26.954	1.29299				2
2025.04.02	01:20:27.263	1.29300				2
2025.04.02	01:20:30.950	1.29293	1.29295			6
2025.04.02	01:20:32.180	1.29292				2
2025.04.02	01:20:32.487		1.29293			4
2025.04.02	01:20:32.799	1.29291	1.29292			6
2025.04.02	01:20:34.029	1.29289				2
2025.04.02	01:20:34.954	1.29288				2
2025.04.02	01:20:35.261	1.29293	1.29294			6
2025.04.02	01:20:35.565	1.29292				2
2025.04.02	01:20:37.110	1.29291				2
2025.04.02	01:20:39.577	1.29292				2
2025.04.02	01:20:40.496	1.29293				2
2025.04.02	01:20:42.664	1.29292				2
2025.04.02	01:20:43.273		1.29298			4
2025.04.02	01:20:43.892	1.29300	1.29303			6
2025.04.02	01:20:44.194	1.29301	1.29306			6
2025.04.02	01:20:44.506	1.29302	1.29308			6
2025.04.02	01:20:44.817	1.29301	1.29307			6
2025.04.02	01:20:51.593		1.29308			4
2025.04.02	01:20:52.829		1.29307			4
2025.04.02	01:20:55.288	1.29302				2
2025.04.02	01:20:55.594	1.29301				2
2025.04.02	01:20:56.823	1.29302				2
2025.04.02	01:20:59.905	1.29301				2
2025.04.02	01:21:00.207	1.29302				2
2025.04.02	01:21:00.513	1.29301	1.29305			6
2025.04.02	01:21:00.815	1.29297	1.29301			6
2025.04.02	01:21:01.132		1.29303			4
2025.04.02	01:21:02.055	1.29296	1.29302			6
2025.04.02	01:21:02.364		1.29303			4
2025.04.02	01:21:05.440	1.29289	1.29296			6
2025.04.02	01:21:05.747	1.29288	1.29295			6
2025.04.02	01:21:10.678	1.29289				2
2025.04.02	01:21:11.292	1.29288				2
2025.04.02	01:21:12.528		1.29294			4
2025.04.02	01:21:13.448	1.29290	1.29297			6
2025.04.02	01:21:14.069		1.29296			4
2025.04.02	01:21:14.370		1.29297			4
2025.04.02	01:21:17.141		1.29296			4
2025.04.02	01:21:17.451		1.29297			4
2025.04.02	01:21:18.375	1.29291	1.29298			6
2025.04.02	01:21:18.684		1.29297			4
2025.04.02	01:21:18.992	1.29292				2
2025.04.02	01:21:19.304	1.29291	1.29298			6
2025.04.02	01:21:20.221	1.29300	1.29305			6
2025.04.02	01:21:20.526	1.29301	1.29306			6
2025.04.02	01:21:20.836	1.29300	1.29307			6
2025.04.02	01:21:21.141	1.29301	1.29308			6
2025.04.02	01:21:22.379	1.29300	1.29307			6
2025.04.02	01:21:22.691	1.29305	1.29312			6
2025.04.02	01:21:22.993	1.29301	1.29308			6
2025.04.02	01:21:23.300		1.29307			4
2025.04.02	01:21:25.457	1.29300				2
2025.04.02	01:21:29.443	1.29301				2
2025.04.02	01:21:30.373		1.29308			4
2025.04.02	01:21:30.981	1.29300	1.29307			6
2025.04.02	01:21:36.514	1.29306	1.29311			6
2025.04.02	01:21:36.823	1.29305				2
2025.04.02	01:21:38.666	1.29306				2
2025.04.02	01:21:47.885	1.29307	1.29313			6
2025.04.02	01:21:48.501	1.29306	1.29312			6
2025.04.02	01:21:54.036	1.29305	1.29311			6
2025.04.02	01:21:54.347	1.29306	1.29312			6
2025.04.02	01:21:57.107		1.29311			4
2025.04.02	01:21:58.011	1.29307	1.29312			6
2025.04.02	01:22:00.139	1.29307				2
2025.04.02	01:22:00.441	1.29303	1.29307			6
2025.04.02	01:22:00.751	1.29302				2
2025.04.02	01:22:02.295	1.29301				2
2025.04.02	01:22:03.222	1.29302				2
2025.04.02	01:22:03.540	1.29301				2
2025.04.02	01:22:04.151	1.29302				2
2025.04.02	01:22:05.385		1.29306			4
2025.04.02	01:22:07.834		1.29307			4
2025.04.02	01:22:08.452	1.29303	1.29308			6
2025.04.02	01:22:09.962	1.29302	1.29307			6
2025.04.02	01:22:14.260	1.29303				2
2025.04.02	01:22:15.180	1.29302	1.29306			6
2025.04.02	01:22:17.330	1.29303	1.29307			6
2025.04.02	01:22:17.635	1.29302	1.29306			6
2025.04.02	01:22:27.088	1.29303				2
2025.04.02	01:22:27.393	1.29302				2
2025.04.02	01:22:28.318		1.29305			4
2025.04.02	01:22:28.624	1.29303	1.29306			6
2025.04.02	01:22:31.373	1.29305	1.29308			6
2025.04.02	01:22:31.677	1.29303	1.29306			6
2025.04.02	01:22:31.978	1.29305	1.29308			6
2025.04.02	01:22:32.283	1.29303	1.29306			6
2025.04.02	01:22:32.585	1.29304	1.29307			6
2025.04.02	01:22:33.496	1.29305	1.29308			6
2025.04.02	01:22:34.412	1.29304	1.29307			6
2025.04.02	01:22:39.901	1.29303	1.29306			6
2025.04.02	01:22:44.773	1.29308	1.29311			6
2025.04.02	01:22:45.076	1.29309				2
2025.04.02	01:22:45.383	1.29307	1.29310			6
2025.04.02	01:22:46.290	1.29304	1.29307			6
2025.04.02	01:22:47.204		1.29308			4
2025.04.02	01:22:48.122		1.29307			4
2025.04.02	01:22:56.675	1.29303	1.29306			6
2025.04.02	01:23:00.013	1.29303				2
2025.04.02	01:23:05.795	1.29302	1.29305			6
2025.04.02	01:23:10.648	1.29303	1.29306			6
2025.04.02	01:23:10.949	1.29302	1.29305			6
2025.04.02	01:23:11.255	1.29301	1.29304			6
2025.04.02	01:23:12.463	1.29300	1.29303			6
2025.04.02	01:23:14.306	1.29301	1.29304			6
2025.04.02	01:23:14.912	1.29302	1.29305			6
2025.04.02	01:23:21.955	1.29303				2
2025.04.02	01:23:22.567	1.29302				2
2025.04.02	01:23:26.825	1.29303				2
2025.04.02	01:23:27.129	1.29302				2
2025.04.02	01:23:27.735	1.29303				2
2025.04.02	01:23:28.949	1.29299	1.29302			6
2025.04.02	01:23:29.252	1.29300	1.29303			6
2025.04.02	01:23:31.069	1.29299	1.29302			6
2025.04.02	01:23:31.676	1.29300	1.29303			6
2025.04.02	01:23:57.014	1.29301	1.29304			6
2025.04.02	01:23:57.318	1.29303	1.29305			6
2025.04.02	01:23:58.233	1.29302				2
2025.04.02	01:24:00.075	1.29302				2
2025.04.02	01:24:00.384	1.29303				2
2025.04.02	01:24:00.688	1.29302				2
2025.04.02	01:24:03.741	1.29305	1.29308			6
2025.04.02	01:24:04.051	1.29306	1.29309			6
2025.04.02	01:24:04.965	1.29307	1.29310			6
2025.04.02	01:24:05.274	1.29312	1.29314			6
2025.04.02	01:24:05.584	1.29313				2
2025.04.02	01:24:05.887	1.29311				2
2025.04.02	01:24:08.033	1.29308	1.29312			6
2025.04.02	01:24:11.406	1.29307	1.29311			6
2025.04.02	01:24:11.713	1.29308	1.29312			6
2025.04.02	01:24:18.181	1.29307	1.29311			6
2025.04.02	01:24:18.489	1.29308	1.29312			6
2025.04.02	01:24:19.106	1.29303	1.29306			6
2025.04.02	01:24:20.340	1.29302				2
2025.04.02	01:24:23.735	1.29303	1.29307			6
2025.04.02	01:24:24.045	1.29302	1.29306			6
2025.04.02	01:24:34.225	1.29303				2
2025.04.02	01:24:35.764	1.29302	1.29305			6
2025.04.02	01:25:00.123	1.29301	1.29304			6
2025.04.02	01:25:01.047	1.29302	1.29305			6
2025.04.02	01:25:04.127	1.29305	1.29308			6
2025.04.02	01:25:04.432	1.29304	1.29307			6
2025.04.02	01:25:05.058	1.29303	1.29306			6
2025.04.02	01:25:14.908	1.29304	1.29307			6
2025.04.02	01:25:17.068	1.29303	1.29306			6
2025.04.02	01:25:17.373	1.29304	1.29307			6
2025.04.02	01:25:17.988	1.29303	1.29306			6
2025.04.02	01:25:18.618	1.29298	1.29301			6
2025.04.02	01:25:23.237	1.29299	1.29302			6
2025.04.02	01:25:23.542	1.29298	1.29301			6
2025.04.02	01:25:24.163	1.29299	1.29302			6
2025.04.02	01:25:31.236	1.29300	1.29303			6
2025.04.02	01:25:31.542	1.29301	1.29304			6
2025.04.02	01:25:31.857	1.29300	1.29303			6
2025.04.02	01:25:34.010	1.29301	1.29304			6
2025.04.02	01:25:37.400	1.29300	1.29303			6
2025.04.02	01:25:38.632	1.29301	1.29304			6
2025.04.02	01:25:39.245	1.29300	1.29303			6
2025.04.02	01:25:40.785	1.29301	1.29304			6
2025.04.02	01:25:41.087	1.29298	1.29301			6
2025.04.02	01:25:42.007	1.29299	1.29302			6
2025.04.02	01:25:42.622	1.29302	1.29305			6
2025.04.02	01:25:43.856	1.29300	1.29303			6
2025.04.02	01:25:55.564	1.29302	1.29305			6
2025.04.02	01:26:00.177	1.29302				2
2025.04.02	01:26:06.340	1.29301	1.29304			6
2025.04.02	01:26:07.881	1.29302	1.29305			6
2025.04.02	01:26:12.510	1.29301	1.29304			6
2025.04.02	01:26:13.126	1.29309	1.29311			6
2025.04.02	01:26:13.443		1.29310			4
2025.04.02	01:26:14.362	1.29308				2
2025.04.02	01:26:14.984		1.29311			4
2025.04.02	01:26:15.296		1.29310			4
2025.04.02	01:26:16.531		1.29311			4
2025.04.02	01:26:18.388		1.29313			4
2025.04.02	01:26:19.933		1.29312			4
2025.04.02	01:26:20.237		1.29311			4
2025.04.02	01:26:21.466		1.29312			4
2025.04.02	01:26:22.084		1.29311			4
2025.04.02	01:26:22.397	1.29309				2
2025.04.02	01:26:27.625	1.29313	1.29316			6
2025.04.02	01:26:27.932		1.29317			4
2025.04.02	01:26:28.249	1.29312				2
2025.04.02	01:26:29.787	1.29310	1.29315			6
2025.04.02	01:26:31.331	1.29311	1.29316			6
2025.04.02	01:26:39.349		1.29315			4
2025.04.02	01:26:41.508	1.29312	1.29316			6
2025.04.02	01:26:43.965	1.29311	1.29315			6
2025.04.02	01:26:52.320		1.29314			4
2025.04.02	01:26:55.092	1.29320	1.29323			6
2025.04.02	01:26:56.028	1.29319	1.29322			6
2025.04.02	01:26:56.332	1.29317	1.29324			6
2025.04.02	01:26:56.643	1.29315	1.29322			6
2025.04.02	01:26:56.961	1.29312	1.29319			6
2025.04.02	01:26:57.271	1.29314	1.29321			6
2025.04.02	01:26:57.884	1.29315	1.29322			6
2025.04.02	01:27:00.053	1.29314	1.29321			6
2025.04.02	01:27:00.355	1.29319	1.29324			6
2025.04.02	01:27:00.662		1.29325			4
2025.04.02	01:27:03.448	1.29318				2
2025.04.02	01:27:06.232		1.29324			4
2025.04.02	01:27:13.969		1.29323			4
2025.04.02	01:27:21.070	1.29316	1.29321			6
2025.04.02	01:27:22.928	1.29314	1.29319			6
2025.04.02	01:27:26.940	1.29315	1.29320			6
2025.04.02	01:27:27.559	1.29314	1.29319			6
2025.04.02	01:27:28.796	1.29315	1.29320			6
2025.04.02	01:27:29.112	1.29314	1.29319			6
2025.04.02	01:27:30.030	1.29316	1.29321			6
2025.04.02	01:27:30.343		1.29320			4
2025.04.02	01:27:31.261		1.29321			4
2025.04.02	01:27:31.869	1.29314	1.29319			6
2025.04.02	01:27:32.180	1.29315	1.29320			6
2025.04.02	01:27:34.344		1.29319			4
2025.04.02	01:27:35.582	1.29316	1.29320			6
2025.04.02	01:27:36.829	1.29317	1.29321			6
2025.04.02	01:27:37.132	1.29318	1.29322			6
2025.04.02	01:27:37.443	1.29319				2
2025.04.02	01:27:38.074	1.29320	1.29324			6
2025.04.02	01:27:46.395	1.29319	1.29323			6
2025.04.02	01:27:51.328	1.29320				2
2025.04.02	01:27:53.770	1.29321	1.29324			6
2025.04.02	01:27:54.077	1.29320	1.29323			6
2025.04.02	01:27:58.345	1.29321	1.29324			6
2025.04.02	01:28:00.177	1.29321				2
2025.04.02	01:28:04.450	1.29313	1.29316			6
2025.04.02	01:28:05.054	1.29316	1.29319			6
2025.04.02	01:28:05.354	1.29315	1.29321			6
2025.04.02	01:28:06.285	1.29314				2
2025.04.02	01:28:09.366	1.29315				2
2025.04.02	01:28:12.753	1.29310	1.29316			6
2025.04.02	01:28:13.374		1.29317			4
2025.04.02	01:28:17.373		1.29316			4
2025.04.02	01:28:26.294	1.29311				2
2025.04.02	01:28:31.228	1.29310	1.29315			6
2025.04.02	01:28:34.312	1.29311				2
2025.04.02	01:28:45.396	1.29310	1.29314			6
2025.04.02	01:28:47.245		1.29313			4
2025.04.02	01:28:47.552	1.29311	1.29314			6
2025.04.02	01:29:00.046	1.29312	1.29315			6
2025.04.02	01:29:00.349	1.29311	1.29314			6
2025.04.02	01:29:01.872	1.29309	1.29312			6
2025.04.02	01:29:02.175	1.29310	1.29313			6
2025.04.02	01:29:02.783	1.29309	1.29312			6
2025.04.02	01:29:04.017	1.29308	1.29311			6
2025.04.02	01:29:31.149	1.29303	1.29306			6
2025.04.02	01:29:31.452	1.29301	1.29304			6
2025.04.02	01:29:32.361		1.29305			4
2025.04.02	01:29:32.968	1.29306	1.29307			6
2025.04.02	01:29:33.272	1.29312	1.29317			6
2025.04.02	01:29:33.888	1.29311	1.29315			6
2025.04.02	01:29:34.500	1.29310	1.29316			6
2025.04.02	01:29:34.805		1.29315			4
2025.04.02	01:29:36.952		1.29314			4
2025.04.02	01:29:39.401		1.29316			4
2025.04.02	01:29:40.316		1.29317			4
2025.04.02	01:29:40.618		1.29316			4
2025.04.02	01:29:41.544		1.29315			4
2025.04.02	01:29:41.854		1.29314			4
2025.04.02	01:29:50.131		1.29313			4
2025.04.02	01:29:50.745		1.29314			4
2025.04.02	01:29:52.279	1.29307	1.29312			6
2025.04.02	01:29:52.591	1.29306	1.29311			6
2025.04.02	01:29:53.208		1.29312			4
2025.04.02	01:29:53.513	1.29305	1.29311			6
2025.04.02	01:29:54.127	1.29306				2
2025.04.02	01:30:00.287	1.29306				2
2025.04.02	01:30:00.919	1.29308				2
2025.04.02	01:30:01.227		1.29312			4
2025.04.02	01:30:01.843	1.29310	1.29313			6
2025.04.02	01:30:02.149	1.29312	1.29317			6
2025.04.02	01:30:02.461	1.29313	1.29318			6
2025.04.02	01:30:02.771	1.29312	1.29317			6
2025.04.02	01:30:03.078	1.29311	1.29316			6
2025.04.02	01:30:03.691	1.29312	1.29317			6
2025.04.02	01:30:04.000	1.29318	1.29323			6
2025.04.02	01:30:04.307	1.29320	1.29321			6
2025.04.02	01:30:04.615	1.29330	1.29334			6
2025.04.02	01:30:06.929	1.29329	1.29335			6
2025.04.02	01:30:07.846	1.29323	1.29329			6
2025.04.02	01:30:10.918		1.29330			4
2025.04.02	01:30:12.165	1.29325	1.29331			6
2025.04.02	01:30:12.474		1.29332			4
2025.04.02	01:30:15.859	1.29327	1.29333			6
2025.04.02	01:30:23.254	1.29325	1.29332			6
2025.04.02	01:30:26.019	1.29327				2
2025.04.02	01:30:26.323	1.29326	1.29333			6
2025.04.02	01:30:26.633	1.29324	1.29330			6
2025.04.02	01:30:26.938	1.29323				2
2025.04.02	01:30:27.558	1.29320	1.29325			6
2025.04.02	01:30:30.027		1.29326			4
2025.04.02	01:30:41.432	1.29321				2
2025.04.02	01:30:58.365	1.29320	1.29325			6
2025.04.02	01:30:59.293	1.29321				2
2025.04.02	01:31:00.212	1.29321				2
2025.04.02	01:31:07.579	1.29320	1.29324			6
2025.04.02	01:31:10.022	1.29317	1.29321			6
2025.04.02	01:31:10.328	1.29310	1.29314			6
2025.04.02	01:31:11.236	1.29309				2
2025.04.02	01:31:12.777	1.29300	1.29307			6
2025.04.02	01:31:13.085		1.29306			4
2025.04.02	01:31:13.392	1.29299	1.29304			6
2025.04.02	01:31:13.695		1.29306			4
2025.04.02	01:31:14.012		1.29305			4
2025.04.02	01:31:16.164	1.29302	1.29306			6
2025.04.02	01:31:17.705		1.29305			4
2025.04.02	01:31:21.395		1.29306			4
2025.04.02	01:31:30.317		1.29305			4
2025.04.02	01:31:31.241	1.29301				2
2025.04.02	01:31:31.555	1.29302				2
2025.04.02	01:31:36.162		1.29306			4
2025.04.02	01:31:45.402	1.29301				2
2025.04.02	01:31:49.406		1.29305			4
2025.04.02	01:31:50.637		1.29304			4
2025.04.02	01:31:51.864	1.29302				2
2025.04.02	01:32:00.170	1.29302				2
2025.04.02	01:32:00.781	1.29301				2
2025.04.02	01:32:04.157	1.29299	1.29303			6
2025.04.02	01:32:04.763	1.29300				2
2025.04.02	01:32:11.174	1.29299				2
2025.04.02	01:32:12.699	1.29293	1.29297			6
2025.04.02	01:32:13.006	1.29289	1.29293			6
2025.04.02	01:32:13.614	1.29290	1.29294			6
2025.04.02	01:32:14.229	1.29289	1.29295			6
2025.04.02	01:32:21.311		1.29294			4
2025.04.02	01:32:21.616	1.29288				2
2025.04.02	01:32:22.845	1.29289				2
2025.04.02	01:32:25.621	1.29288				2
2025.04.02	01:32:28.075	1.29289				2
2025.04.02	01:32:34.534	1.29291	1.29295			6
2025.04.02	01:32:35.756	1.29290	1.29294			6
2025.04.02	01:32:36.064	1.29291	1.29295			6
2025.04.02	01:32:38.220	1.29285	1.29291			6
2025.04.02	01:32:39.452	1.29284				2
2025.04.02	01:32:40.376	1.29283	1.29290			6
2025.04.02	01:32:40.688		1.29289			4
2025.04.02	01:32:40.998	1.29282	1.29288			6
2025.04.02	01:32:46.844	1.29283				2
2025.04.02	01:32:50.237	1.29284				2
2025.04.02	01:32:50.545	1.29283				2
2025.04.02	01:32:51.464	1.29284				2
2025.04.02	01:32:54.550	1.29283				2
2025.04.02	01:32:54.854	1.29284				2
2025.04.02	01:32:55.770	1.29283				2
2025.04.02	01:33:00.086	1.29283				2
2025.04.02	01:33:00.394	1.29284				2
2025.04.02	01:33:00.699	1.29283				2
2025.04.02	01:33:01.318	1.29284				2
2025.04.02	01:33:08.354	1.29285	1.29289			6
2025.04.02	01:33:10.811	1.29284	1.29288			6
2025.04.02	01:33:14.187	1.29285				2
2025.04.02	01:33:14.492	1.29286	1.29289			6
2025.04.02	01:33:15.719	1.29287	1.29290			6
2025.04.02	01:33:30.347	1.29281	1.29284			6
2025.04.02	01:33:30.952	1.29282	1.29285			6
2025.04.02	01:33:31.254	1.29281	1.29286			6
2025.04.02	01:33:35.257		1.29285			4
2025.04.02	01:33:35.567	1.29280	1.29284			6
2025.04.02	01:33:44.159	1.29281				2
2025.04.02	01:33:48.128	1.29280	1.29283			6
2025.04.02	01:33:48.430	1.29281	1.29284			6
2025.04.02	01:33:50.261	1.29280	1.29283			6
2025.04.02	01:33:50.562	1.29281	1.29284			6
2025.04.02	01:33:53.900	1.29282	1.29285			6
2025.04.02	01:33:55.717	1.29281	1.29284			6
2025.04.02	01:33:59.356	1.29282	1.29285			6
2025.04.02	01:34:00.269	1.29282				2
2025.04.02	01:34:07.925	1.29288	1.29291			6
2025.04.02	01:34:08.233	1.29291	1.29294			6
2025.04.02	01:34:09.138	1.29289	1.29296			6
2025.04.02	01:34:11.294	1.29290	1.29297			6
2025.04.02	01:34:11.602	1.29291	1.29298			6
2025.04.02	01:34:17.145	1.29292				2
2025.04.02	01:34:17.766	1.29291	1.29297			6
2025.04.02	01:34:19.297	1.29292	1.29298			6
2025.04.02	01:34:20.221	1.29290	1.29296			6
2025.04.02	01:34:22.381		1.29295			4
2025.04.02	01:34:22.684	1.29289	1.29294			6
2025.04.02	01:34:23.609	1.29290	1.29295			6
2025.04.02	01:34:34.372		1.29293			4
2025.04.02	01:34:42.665	1.29292	1.29296			6
2025.04.02	01:34:45.739		1.29295			4
2025.04.02	01:34:46.666		1.29296			4
2025.04.02	01:34:47.897	1.29293	1.29297			6
2025.04.02	01:34:49.124	1.29294				2
2025.04.02	01:34:49.732	1.29293	1.29296			6
2025.04.02	01:34:50.038	1.29294	1.29297			6
2025.04.02	01:34:57.662	1.29295	1.29298			6
2025.04.02	01:34:57.965	1.29300	1.29303			6
2025.04.02	01:34:59.177		1.29304			4
2025.04.02	01:35:00.098	1.29300				2
2025.04.02	01:35:01.024	1.29304	1.29308			6
2025.04.02	01:35:01.328	1.29306	1.29310			6
2025.04.02	01:35:02.255	1.29305	1.29311			6
2025.04.02	01:35:05.326	1.29304	1.29310			6
2025.04.02	01:35:06.255	1.29305				2
2025.04.02	01:35:12.402		1.29309			4
2025.04.02	01:35:13.945	1.29306	1.29310			6
2025.04.02	01:35:18.260	1.29305	1.29309			6
2025.04.02	01:35:18.570	1.29306	1.29310			6
2025.04.02	01:35:20.103	1.29307				2
2025.04.02	01:35:25.861	1.29306	1.29309			6
2025.04.02	01:35:26.164	1.29307	1.29310			6
2025.04.02	01:35:32.272	1.29304	1.29307			6
2025.04.02	01:35:35.305	1.29305	1.29308			6
2025.04.02	01:35:40.480	1.29304	1.29307			6
2025.04.02	01:35:52.100	1.29305	1.29308			6
2025.04.02	01:35:52.409	1.29306	1.29309			6
2025.04.02	01:35:53.325	1.29305	1.29308			6
2025.04.02	01:35:57.302	1.29307	1.29310			6
2025.04.02	01:35:57.604	1.29306	1.29309			6
2025.04.02	01:35:58.220	1.29308	1.29310			6
2025.04.02	01:36:00.067	1.29307				2
2025.04.02	01:36:00.373	1.29309	1.29312			6
2025.04.02	01:36:00.680	1.29310	1.29313			6
2025.04.02	01:36:00.984	1.29309	1.29312			6
2025.04.02	01:36:01.595	1.29308	1.29311			6
2025.04.02	01:36:05.284	1.29309	1.29312			6
2025.04.02	01:36:07.747	1.29306	1.29309			6
2025.04.02	01:36:14.216	1.29307	1.29310			6
2025.04.02	01:36:16.067	1.29309	1.29312			6
2025.04.02	01:36:16.376	1.29310	1.29313			6
2025.04.02	01:36:20.379	1.29309	1.29312			6
2025.04.02	01:36:20.687	1.29308	1.29311			6
2025.04.02	01:36:22.229	1.29306	1.29309			6
2025.04.02	01:36:22.847	1.29307	1.29310			6
2025.04.02	01:36:24.392	1.29306	1.29309			6
2025.04.02	01:36:30.234	1.29305	1.29307			6
2025.04.02	01:36:30.539	1.29303	1.29306			6
2025.04.02	01:36:33.004	1.29302	1.29305			6
2025.04.02	01:36:33.925	1.29303	1.29306			6
2025.04.02	01:36:36.703	1.29296	1.29299			6
2025.04.02	01:36:37.317	1.29294	1.29300			6
2025.04.02	01:36:38.237		1.29299			4
2025.04.02	01:36:38.544	1.29295	1.29300			6
2025.04.02	01:36:43.162	1.29294	1.29299			6
2025.04.02	01:36:43.470	1.29295	1.29300			6
2025.04.02	01:36:44.398		1.29299			4
2025.04.02	01:36:46.548	1.29300	1.29304			6
2025.04.02	01:36:47.167	1.29299	1.29305			6
2025.04.02	01:36:52.398	1.29300				2
2025.04.02	01:36:53.630	1.29296	1.29301			6
2025.04.02	01:36:54.244	1.29295				2
2025.04.02	01:36:59.173	1.29296				2
2025.04.02	01:37:00.095	1.29296				2
2025.04.02	01:37:05.324		1.29300			4
2025.04.02	01:37:13.321	1.29297				2
2025.04.02	01:37:13.627	1.29298	1.29301			6
2025.04.02	01:37:13.933	1.29301	1.29304			6
2025.04.02	01:37:14.245	1.29300	1.29305			6
2025.04.02	01:37:15.162		1.29304			4
2025.04.02	01:37:23.149	1.29301				2
2025.04.02	01:37:33.206	1.29300	1.29302			6
2025.04.02	01:37:33.512	1.29297	1.29300			6
2025.04.02	01:37:34.124	1.29296				2
2025.04.02	01:37:35.360	1.29297				2
2025.04.02	01:37:37.190	1.29296	1.29297			6
2025.04.02	01:37:37.494	1.29291	1.29294			6
2025.04.02	01:37:38.104	1.29289	1.29295			6
2025.04.02	01:37:42.104	1.29290				2
2025.04.02	01:37:43.027	1.29289	1.29294			6
2025.04.02	01:37:48.261		1.29293			4
2025.04.02	01:37:54.404	1.29290	1.29294			6
2025.04.02	01:37:57.177	1.29291				2
2025.04.02	01:38:00.220	1.29291				2
2025.04.02	01:38:07.838	1.29290	1.29293			6
2025.04.02	01:38:18.518	1.29291	1.29294			6
2025.04.02	01:38:50.761	1.29295	1.29298			6
2025.04.02	01:38:54.469	1.29294	1.29297			6
2025.04.02	01:38:56.008	1.29292	1.29295			6
2025.04.02	01:39:00.004	1.29292				2
2025.04.02	01:39:00.309	1.29294	1.29297			6
2025.04.02	01:39:00.619	1.29295	1.29298			6
2025.04.02	01:39:01.540	1.29294	1.29297			6
2025.04.02	01:39:02.459	1.29299	1.29301			6
2025.04.02	01:39:02.765		1.29302			4
2025.04.02	01:39:07.374	1.29300	1.29303			6
2025.04.02	01:39:08.596	1.29302	1.29305			6
2025.04.02	01:39:13.525	1.29301	1.29304			6
2025.04.02	01:39:14.133	1.29302	1.29305			6
2025.04.02	01:39:39.044	1.29305	1.29308			6
2025.04.02	01:39:41.814	1.29304	1.29307			6
2025.04.02	01:40:00.262	1.29304				2
2025.04.02	01:40:01.184	1.29301	1.29304			6
2025.04.02	01:40:16.559	1.29295	1.29298			6
2025.04.02	01:40:25.782	1.29299	1.29302			6
2025.04.02	01:40:26.088	1.29300	1.29303			6
2025.04.02	01:40:27.323	1.29299	1.29304			6
2025.04.02	01:40:27.632	1.29296	1.29301			6
2025.04.02	01:40:28.248		1.29300			4
2025.04.02	01:40:28.860	1.29295	1.29299			6
2025.04.02	01:40:29.783		1.29300			4
2025.04.02	01:40:32.553	1.29294	1.29299			6
2025.04.02	01:40:33.172	1.29295	1.29300			6
2025.04.02	01:40:34.710	1.29294	1.29299			6
2025.04.02	01:40:35.324	1.29295	1.29300			6
2025.04.02	01:40:37.173		1.29299			4
2025.04.02	01:40:47.301	1.29296				2
2025.04.02	01:41:00.223	1.29297	1.29300			6
2025.04.02	01:41:04.541	1.29298	1.29301			6
2025.04.02	01:41:13.459	1.29301	1.29304			6
2025.04.02	01:41:15.604	1.29298	1.29301			6
2025.04.02	01:41:15.908	1.29300	1.29303			6
2025.04.02	01:41:16.214	1.29298	1.29301			6
2025.04.02	01:41:19.308	1.29300	1.29303			6
2025.04.02	01:41:21.456	1.29298	1.29301			6
2025.04.02	01:41:28.841	1.29295	1.29298			6
2025.04.02	01:41:30.378	1.29294				2
2025.04.02	01:41:31.310	1.29295				2
2025.04.02	01:41:46.670	1.29291	1.29294			6
2025.04.02	01:41:48.220	1.29290				2
2025.04.02	01:41:49.137	1.29291				2
2025.04.02	01:41:57.747	1.29296	1.29298			6
2025.04.02	01:41:58.050	1.29300	1.29303			6
2025.04.02	01:41:59.287	1.29298	1.29304			6
2025.04.02	01:42:00.206	1.29299	1.29305			6
2025.04.02	01:42:00.514	1.29300				2
2025.04.02	01:42:07.891	1.29299				2
2025.04.02	01:42:14.970	1.29300				2
2025.04.02	01:42:30.332		1.29304			4
2025.04.02	01:42:43.244	1.29301				2
2025.04.02	01:43:00.293	1.29301				2
2025.04.02	01:43:00.596	1.29300	1.29303			6
2025.04.02	01:43:00.898	1.29301	1.29304			6
2025.04.02	01:43:29.339	1.29302	1.29305			6
2025.04.02	01:44:00.027	1.29302				2
2025.04.02	01:44:24.012	1.29298	1.29301			6
2025.04.02	01:44:25.242	1.29297	1.29300			6
2025.04.02	01:44:25.544	1.29298	1.29301			6
2025.04.02	01:44:37.535	1.29300	1.29303			6
2025.04.02	01:44:48.917		1.29302			4
2025.04.02	01:44:49.227	1.29298	1.29301			6
2025.04.02	01:45:00.306	1.29298				2
2025.04.02	01:45:01.230	1.29299	1.29302			6
2025.04.02	01:45:10.777	1.29300	1.29303			6
2025.04.02	01:45:13.549	1.29301	1.29304			6
2025.04.02	01:45:26.166	1.29293	1.29296			6
2025.04.02	01:45:26.471	1.29294	1.29297			6
2025.04.02	01:45:26.785	1.29293	1.29296			6
2025.04.02	01:45:27.399	1.29292	1.29297			6
2025.04.02	01:45:28.322	1.29297	1.29301			6
2025.04.02	01:45:29.241	1.29296				2
2025.04.02	01:45:31.707	1.29298	1.29303			6
2025.04.02	01:45:34.169	1.29297				2
2025.04.02	01:45:34.472	1.29296	1.29302			6
2025.04.02	01:45:38.482	1.29295	1.29301			6
2025.04.02	01:45:39.094	1.29293	1.29299			6
2025.04.02	01:45:40.633	1.29294	1.29300			6
2025.04.02	01:45:42.172	1.29299	1.29303			6
2025.04.02	01:45:42.480		1.29304			4
2025.04.02	01:45:46.480	1.29298				2
2025.04.02	01:45:48.319	1.29296	1.29302			6
2025.04.02	01:45:50.159	1.29295	1.29301			6
2025.04.02	01:46:00.298	1.29297	1.29302			6
2025.04.02	01:46:01.222		1.29303			4
2025.04.02	01:46:03.364	1.29298				2
2025.04.02	01:46:16.279		1.29302			4
2025.04.02	01:46:30.737	1.29301	1.29305			6
2025.04.02	01:46:41.498		1.29304			4
2025.04.02	01:46:50.427	1.29299	1.29303			6
2025.04.02	01:46:50.736	1.29300	1.29304			6
2025.04.02	01:46:52.269		1.29303			4
2025.04.02	01:47:00.164	1.29300				2
2025.04.02	01:47:09.927	1.29299	1.29302			6
2025.04.02	01:47:10.837	1.29300	1.29303			6
2025.04.02	01:47:27.317	1.29294	1.29297			6
2025.04.02	01:47:27.621	1.29293	1.29296			6
2025.04.02	01:47:28.232	1.29291	1.29297			6
2025.04.02	01:47:30.375		1.29296			4
2025.04.02	01:47:51.531	1.29292	1.29297			6
2025.04.02	01:47:51.838	1.29291	1.29296			6
2025.04.02	01:47:53.371		1.29295			4
2025.04.02	01:47:59.823	1.29290	1.29294			6
2025.04.02	01:48:00.132	1.29290				2
2025.04.02	01:48:20.168		1.29293			4
2025.04.02	01:48:27.198	1.29291	1.29294			6
2025.04.02	01:48:34.835	1.29295	1.29298			6
2025.04.02	01:48:35.143		1.29299			4
2025.04.02	01:48:48.683	1.29293	1.29297			6
2025.04.02	01:48:49.000	1.29286	1.29290			6
2025.04.02	01:48:49.311		1.29292			4
2025.04.02	01:48:49.925	1.29287	1.29293			6
2025.04.02	01:48:52.999	1.29288	1.29294			6
2025.04.02	01:48:53.619	1.29289	1.29296			6
2025.04.02	01:49:00.073	1.29289				2
2025.04.02	01:49:00.383	1.29290				2
2025.04.02	01:49:08.373		1.29295			4
2025.04.02	01:49:10.220	1.29289				2
2025.04.02	01:49:12.073	1.29290				2
2025.04.02	01:49:12.691	1.29289				2
2025.04.02	01:49:13.608	1.29291	1.29296			6
2025.04.02	01:49:14.531		1.29295			4
2025.04.02	01:49:20.064		1.29296			4
2025.04.02	01:49:26.198		1.29295			4
2025.04.02	01:49:31.751	1.29290				2
2025.04.02	01:49:32.675	1.29293	1.29297			6
2025.04.02	01:49:32.982	1.29292				2
2025.04.02	01:49:42.511	1.29293				2
2025.04.02	01:49:44.969	1.29291	1.29296			6
2025.04.02	01:49:50.188		1.29295			4
2025.04.02	01:50:00.014	1.29291				2
2025.04.02	01:50:02.779	1.29289	1.29293			6
2025.04.02	01:50:06.165	1.29290				2
2025.04.02	01:50:07.083	1.29289				2
2025.04.02	01:50:18.460	1.29291	1.29295			6
2025.04.02	01:50:26.129		1.29294			4
2025.04.02	01:51:00.292	1.29291				2
2025.04.02	01:51:03.644	1.29289	1.29292			6
2025.04.02	01:51:04.256	1.29290	1.29293			6
2025.04.02	01:51:06.395	1.29289	1.29292			6
2025.04.02	01:51:08.214	1.29286	1.29289			6
2025.04.02	01:51:21.088	1.29285	1.29288			6
2025.04.02	01:51:33.049	1.29286	1.29289			6
2025.04.02	01:51:54.817	1.29285	1.29288			6
2025.04.02	01:52:00.022	1.29285				2
2025.04.02	01:52:00.333	1.29282	1.29285			6
2025.04.02	01:52:02.171	1.29281	1.29284			6
2025.04.02	01:52:02.479	1.29280	1.29283			6
2025.04.02	01:52:10.789	1.29277	1.29280			6
2025.04.02	01:52:11.095	1.29279	1.29282			6
2025.04.02	01:52:13.865	1.29277	1.29280			6
2025.04.02	01:52:14.174	1.29278	1.29281			6
2025.04.02	01:52:17.247	1.29281	1.29284			6
2025.04.02	01:52:18.165	1.29280				2
2025.04.02	01:52:37.247	1.29281				2
2025.04.02	01:53:00.308	1.29281				2
2025.04.02	01:53:17.540		1.29284			4
2025.04.02	01:53:19.386	1.29279	1.29282			6
2025.04.02	01:53:19.692	1.29280	1.29283			6
2025.04.02	01:53:22.162	1.29279	1.29282			6
2025.04.02	01:53:29.239	1.29280	1.29283			6
2025.04.02	01:53:33.860	1.29278	1.29281			6
2025.04.02	01:53:39.393	1.29280	1.29283			6
2025.04.02	01:54:00.300	1.29281	1.29284			6
2025.04.02	01:54:05.226	1.29279	1.29282			6
2025.04.02	01:54:25.214	1.29280	1.29283			6
2025.04.02	01:54:27.364	1.29279	1.29282			6
2025.04.02	01:54:39.375	1.29278	1.29281			6
2025.04.02	01:54:43.060	1.29279	1.29282			6
2025.04.02	01:54:54.433	1.29280	1.29283			6
2025.04.02	01:54:55.042	1.29279	1.29282			6
2025.04.02	01:54:57.500	1.29280	1.29283			6
2025.04.02	01:55:00.267	1.29280				2
2025.04.02	01:55:10.713	1.29281	1.29284			6
2025.04.02	01:55:13.781	1.29279	1.29282			6
2025.04.02	01:55:14.400		1.29283			4
2025.04.02	01:55:14.702	1.29280	1.29284			6
2025.04.02	01:55:28.238		1.29283			4
2025.04.02	01:55:45.116		1.29282			4
2025.04.02	01:55:45.424	1.29275	1.29278			6
2025.04.02	01:55:46.344	1.29274	1.29279			6
2025.04.02	01:55:48.190	1.29271	1.29276			6
2025.04.02	01:55:48.501	1.29270	1.29275			6
2025.04.02	01:55:49.113		1.29276			4
2025.04.02	01:56:00.156	1.29270				2
2025.04.02	01:56:00.464	1.29269	1.29275			6
2025.04.02	01:56:04.134		1.29274			4
2025.04.02	01:56:05.364	1.29270	1.29275			6
2025.04.02	01:56:23.516	1.29269	1.29273			6
2025.04.02	01:56:30.298	1.29265	1.29270			6
2025.04.02	01:56:30.605	1.29267	1.29272			6
2025.04.02	01:56:34.591	1.29266	1.29271			6
2025.04.02	01:56:35.822	1.29267	1.29272			6
2025.04.02	01:56:36.431	1.29263	1.29267			6
2025.04.02	01:56:42.594	1.29262	1.29266			6
2025.04.02	01:56:43.515	1.29263	1.29267			6
2025.04.02	01:56:44.128	1.29259	1.29265			6
2025.04.02	01:56:44.743	1.29258	1.29263			6
2025.04.02	01:56:45.360		1.29264			4
2025.04.02	01:56:47.203		1.29263			4
2025.04.02	01:56:47.821		1.29264			4
2025.04.02	01:56:49.666		1.29263			4
2025.04.02	01:56:49.970	1.29257				2
2025.04.02	01:56:52.126	1.29259	1.29265			6
2025.04.02	01:56:56.435		1.29264			4
2025.04.02	01:57:00.126	1.29259				2
2025.04.02	01:57:00.438		1.29265			4
2025.04.02	01:57:01.049		1.29264			4
2025.04.02	01:57:03.209	1.29257	1.29263			6
2025.04.02	01:57:04.135	1.29258				2
2025.04.02	01:57:05.056		1.29264			4
2025.04.02	01:57:05.369	1.29259				2
2025.04.02	01:57:05.676		1.29265			4
2025.04.02	01:57:16.444	1.29260	1.29266			6
2025.04.02	01:57:17.974	1.29261				2
2025.04.02	01:57:18.906	1.29260				2
2025.04.02	01:57:23.185	1.29261				2
2025.04.02	01:57:42.834	1.29267	1.29271			6
2025.04.02	01:57:43.142	1.29269	1.29274			6
2025.04.02	01:57:48.031	1.29270	1.29275			6
2025.04.02	01:57:52.320		1.29276			4
2025.04.02	01:57:59.358	1.29269				2
2025.04.02	01:58:00.284	1.29269				2
2025.04.02	01:58:03.378		1.29275			4
2025.04.02	01:58:27.401	1.29270				2
2025.04.02	01:58:31.069	1.29271	1.29276			6
2025.04.02	01:58:31.376	1.29273	1.29278			6
2025.04.02	01:58:31.681	1.29271	1.29276			6
2025.04.02	01:58:31.990	1.29273	1.29278			6
2025.04.02	01:58:32.295	1.29272				2
2025.04.02	01:58:34.128	1.29271	1.29276			6
2025.04.02	01:58:35.364	1.29270				2
2025.04.02	01:58:40.293		1.29275			4
2025.04.02	01:58:50.437	1.29268	1.29273			6
2025.04.02	01:58:52.279	1.29269	1.29274			6
2025.04.02	01:58:52.593	1.29270	1.29275			6
2025.04.02	01:59:00.268	1.29271				2
2025.04.02	01:59:00.572		1.29276			4
2025.04.02	01:59:03.649	1.29270	1.29275			6
2025.04.02	01:59:08.875	1.29271				2
2025.04.02	01:59:15.329		1.29274			4
2025.04.02	01:59:21.117		1.29275			4
2025.04.02	01:59:25.995	1.29272				2
2025.04.02	01:59:26.904		1.29274			4
2025.04.02	01:59:27.210		1.29275			4
2025.04.02	01:59:28.745	1.29275	1.29278			6
2025.04.02	01:59:29.658	1.29277	1.29280			6
2025.04.02	01:59:30.273	1.29278				2
2025.04.02	01:59:31.500	1.29277				2
2025.04.02	01:59:34.266		1.29281			4
2025.04.02	01:59:36.114	1.29276				2
2025.04.02	01:59:37.043	1.29277				2
2025.04.02	01:59:37.348	1.29280	1.29284			6
2025.04.02	01:59:41.354		1.29285			4
2025.04.02	01:59:54.272	1.29281				2
2025.04.02	01:59:58.543	1.29280	1.29284			6
2025.04.02	01:59:59.779	1.29281	1.29285			6
2025.04.02	02:00:00.082	1.29281				2
2025.04.02	02:00:01.325	1.29283	1.29286			6
2025.04.02	02:00:01.950		1.29287			4
2025.04.02	02:00:02.872	1.29280	1.29284			6
2025.04.02	02:00:04.102		1.29285			4
2025.04.02	02:00:06.254	1.29276	1.29280			6
2025.04.02	02:00:06.558	1.29275				2
2025.04.02	02:00:06.870	1.29274	1.29279			6
2025.04.02	02:00:07.176	1.29271	1.29275			6
2025.04.02	02:00:07.482	1.29270				2
2025.04.02	02:00:08.715		1.29274			4
2025.04.02	02:00:09.024		1.29275			4
2025.04.02	02:00:09.630	1.29263	1.29269			6
2025.04.02	02:00:09.931	1.29264				2
2025.04.02	02:00:11.459	1.29261	1.29267			6
2025.04.02	02:00:13.921	1.29262				2
2025.04.02	02:00:14.537	1.29264	1.29269			6
2025.04.02	02:00:16.073	1.29266	1.29270			6
2025.04.02	02:00:16.384		1.29269			4
2025.04.02	02:00:17.918	1.29265				2
2025.04.02	02:00:19.155		1.29271			4
2025.04.02	02:00:20.082		1.29270			4
2025.04.02	02:00:22.237	1.29264	1.29268			6
2025.04.02	02:00:22.548	1.29263				2
2025.04.02	02:00:22.851	1.29258	1.29264			6
2025.04.02	02:00:27.155	1.29255	1.29261			6
2025.04.02	02:00:28.387		1.29260			4
2025.04.02	02:00:37.325	1.29263	1.29264			6
2025.04.02	02:00:37.627	1.29257	1.29263			6
2025.04.02	02:00:38.555	1.29258				2
2025.04.02	02:00:38.861	1.29257				2
2025.04.02	02:00:41.040	1.29255	1.29258			6
2025.04.02	02:00:42.578	1.29254				2
2025.04.02	02:00:43.809	1.29259	1.29263			6
2025.04.02	02:00:45.346	1.29258				2
2025.04.02	02:00:46.579	1.29259				2
2025.04.02	02:00:47.509	1.29257				2
2025.04.02	02:00:49.977	1.29259				2
2025.04.02	02:00:52.448	1.29257	1.29260			6
2025.04.02	02:00:52.758		1.29262			4
2025.04.02	02:00:57.996		1.29261			4
2025.04.02	02:00:59.230	1.29258	1.29262			6
2025.04.02	02:01:00.159	1.29259				2
2025.04.02	02:01:00.468	1.29260	1.29263			6
2025.04.02	02:01:01.088	1.29258	1.29261			6
2025.04.02	02:01:02.012	1.29259	1.29264			6
2025.04.02	02:01:02.323	1.29262	1.29265			6
2025.04.02	02:01:05.085	1.29265	1.29269			6
2025.04.02	02:01:05.389	1.29264	1.29265			6
2025.04.02	02:01:09.405	1.29263				2
2025.04.02	02:01:09.707	1.29261	1.29264			6
2025.04.02	02:01:10.015	1.29260				2
2025.04.02	02:01:13.103	1.29259				2
2025.04.02	02:01:13.415	1.29260				2
2025.04.02	02:01:13.720	1.29259				2
2025.04.02	02:01:14.032		1.29263			4
2025.04.02	02:01:14.343	1.29260				2
2025.04.02	02:01:22.062	1.29259				2
2025.04.02	02:01:22.370	1.29258				2
2025.04.02	02:01:29.161	1.29259				2
2025.04.02	02:01:30.398	1.29258				2
2025.04.02	02:01:41.830	1.29259				2
2025.04.02	02:01:45.530		1.29262			4
2025.04.02	02:01:45.838		1.29263			4
2025.04.02	02:01:47.072	1.29258				2
2025.04.02	02:01:50.767	1.29259				2
2025.04.02	02:01:52.002	1.29252	1.29255			6
2025.04.02	02:01:52.320	1.29251	1.29254			6
2025.04.02	02:01:52.623	1.29249	1.29252			6
2025.04.02	02:01:53.231		1.29253			4
2025.04.02	02:01:55.096		1.29252			4
2025.04.02	02:01:55.402	1.29248	1.29251			6
2025.04.02	02:01:56.954		1.29252			4
2025.04.02	02:01:57.871	1.29247				2
2025.04.02	02:01:58.179	1.29248				2
2025.04.02	02:01:58.493	1.29247				2
2025.04.02	02:01:58.798	1.29248				2
2025.04.02	02:01:59.415	1.29249				2
2025.04.02	02:02:00.042	1.29249				2
2025.04.02	02:02:01.280		1.29253			4
2025.04.02	02:02:10.834		1.29254			4
2025.04.02	02:02:26.555	1.29247				2
2025.04.02	02:02:29.027	1.29249				2
2025.04.02	02:02:33.033		1.29253			4
2025.04.02	02:02:36.112		1.29254			4
2025.04.02	02:02:46.649	1.29252	1.29257			6
2025.04.02	02:02:46.958	1.29253				2
2025.04.02	02:02:53.418		1.29256			4
2025.04.02	02:02:56.177	1.29252	1.29255			6
2025.04.02	02:02:57.098	1.29253				2
2025.04.02	02:02:57.404		1.29256			4
2025.04.02	02:02:58.015	1.29252				2
2025.04.02	02:03:00.174	1.29252	1.29255			6
2025.04.02	02:03:01.390	1.29253	1.29256			6
2025.04.02	02:03:02.328	1.29252	1.29255			6
2025.04.02	02:03:10.936		1.29254			4
2025.04.02	02:03:18.327	1.29250				2
2025.04.02	02:03:30.011	1.29249	1.29253			6
2025.04.02	02:03:30.318	1.29248	1.29252			6
2025.04.02	02:03:30.624		1.29253			4
2025.04.02	02:03:31.242		1.29252			4
2025.04.02	02:03:33.091		1.29253			4
2025.04.02	02:03:36.180		1.29252			4
2025.04.02	02:03:36.490		1.29253			4
2025.04.02	02:03:40.204	1.29249				2
2025.04.02	02:03:49.069	1.29248	1.29252			6
2025.04.02	02:03:49.988		1.29249			4
2025.04.02	02:03:52.114	1.29247	1.29248			6
2025.04.02	02:03:52.724	1.29248	1.29249			6
2025.04.02	02:03:57.943	1.29249	1.29250			6
2025.04.02	02:04:00.078	1.29249				2
2025.04.02	02:04:03.734	1.29243	1.29245			6
2025.04.02	02:04:04.043		1.29247			4
2025.04.02	02:04:04.654		1.29245			4
2025.04.02	02:04:04.958		1.29247			4
2025.04.02	02:04:05.267	1.29242	1.29244			6
2025.04.02	02:04:05.580	1.29241				2
2025.04.02	02:04:06.502	1.29240				2
2025.04.02	02:04:10.520	1.29239	1.29242			6
2025.04.02	02:04:10.830	1.29238				2
2025.04.02	02:04:11.447	1.29239				2
2025.04.02	02:04:11.749	1.29249	1.29252			6
2025.04.02	02:04:12.062	1.29247	1.29250			6
2025.04.02	02:04:13.915	1.29249	1.29252			6
2025.04.02	02:04:15.151	1.29248				2
2025.04.02	02:04:15.459	1.29249				2
2025.04.02	02:04:18.240	1.29247				2
2025.04.02	02:04:18.544		1.29251			4
2025.04.02	02:04:20.399	1.29245	1.29248			6
2025.04.02	02:04:20.705	1.29244	1.29247			6
2025.04.02	02:04:24.396	1.29243				2
2025.04.02	02:04:25.321	1.29244				2
2025.04.02	02:04:25.625	1.29243				2
2025.04.02	02:04:29.325	1.29242	1.29246			6
2025.04.02	02:04:29.635	1.29240	1.29243			6
2025.04.02	02:04:29.937	1.29239				2
2025.04.02	02:04:32.722	1.29240				2
2025.04.02	02:04:33.030	1.29244	1.29245			6
2025.04.02	02:04:33.334	1.29243	1.29247			6
2025.04.02	02:04:40.755	1.29244				2
2025.04.02	02:04:41.059	1.29243				2
2025.04.02	02:04:41.368	1.29244				2
2025.04.02	02:04:41.988	1.29243				2
2025.04.02	02:04:44.773	1.29242	1.29245			6
2025.04.02	02:05:00.212	1.29242				2
2025.04.02	02:05:01.141	1.29246	1.29248			6
2025.04.02	02:05:01.450	1.29249	1.29252			6
2025.04.02	02:05:03.628	1.29248				2
2025.04.02	02:05:03.943	1.29249				2
2025.04.02	02:05:04.248	1.29247				2
2025.04.02	02:05:04.551	1.29248				2
2025.04.02	02:05:06.107	1.29247				2
2025.04.02	02:05:09.816	1.29246	1.29251			6
2025.04.02	02:05:12.291	1.29247	1.29252			6
2025.04.02	02:05:13.831	1.29248				2
2025.04.02	02:05:15.688	1.29246	1.29253			6
2025.04.02	02:05:18.151	1.29247	1.29252			6
2025.04.02	02:05:22.148	1.29246	1.29251			6
2025.04.02	02:05:23.385	1.29249	1.29253			6
2025.04.02	02:05:23.690		1.29254			4
2025.04.02	02:05:24.314	1.29250				2
2025.04.02	02:05:41.239		1.29255			4
2025.04.02	02:05:43.988		1.29254			4
2025.04.02	02:05:55.392	1.29251				2
2025.04.02	02:05:57.227	1.29253	1.29255			6
2025.04.02	02:05:58.136	1.29254	1.29257			6
2025.04.02	02:05:58.439	1.29249	1.29253			6
2025.04.02	02:05:59.054	1.29250				2
2025.04.02	02:05:59.359	1.29249				2
2025.04.02	02:06:00.289	1.29249				2
2025.04.02	02:06:01.833	1.29247	1.29251			6
2025.04.02	02:06:02.140		1.29252			4
2025.04.02	02:06:02.452	1.29248				2
2025.04.02	02:06:11.386	1.29249	1.29254			6
2025.04.02	02:06:15.087		1.29253			4
2025.04.02	02:06:21.520	1.29250	1.29254			6
2025.04.02	02:06:32.518	1.29249	1.29253			6
2025.04.02	02:06:33.426	1.29250	1.29254			6
2025.04.02	02:06:37.099		1.29253			4
2025.04.02	02:06:38.953	1.29251	1.29254			6
2025.04.02	02:06:53.968	1.29252				2
2025.04.02	02:07:00.055	1.29252				2
2025.04.02	02:07:00.367		1.29253			4
2025.04.02	02:07:01.288	1.29253	1.29254			6
2025.04.02	02:07:04.350	1.29252	1.29253			6
2025.04.02	02:07:07.089	1.29250	1.29252			6
2025.04.02	02:07:23.598	1.29251				2
2025.04.02	02:07:26.655	1.29250	1.29251			6
2025.04.02	02:07:26.959	1.29244	1.29246			6
2025.04.02	02:07:27.261	1.29243				2
2025.04.02	02:07:30.963		1.29244			4
2025.04.02	02:07:31.266	1.29242	1.29243			6
2025.04.02	02:08:00.186	1.29242				2
2025.04.02	02:08:31.346		1.29243			4
2025.04.02	02:08:37.479	1.29243	1.29245			6
2025.04.02	02:08:37.788	1.29244				2
2025.04.02	02:08:38.408	1.29242	1.29243			6
2025.04.02	02:08:42.408	1.29243	1.29244			6
2025.04.02	02:08:51.030	1.29242	1.29243			6
2025.04.02	02:08:52.572	1.29239	1.29242			6
2025.04.02	02:08:59.029		1.29241			4
2025.04.02	02:09:00.261	1.29239				2
2025.04.02	02:09:03.951	1.29238				2
2025.04.02	02:09:04.571	1.29237	1.29240			6
2025.04.02	02:09:04.882	1.29238				2
2025.04.02	02:09:10.725		1.29241			4
2025.04.02	02:09:11.958	1.29239				2
2025.04.02	02:09:15.969	1.29240	1.29242			6
2025.04.02	02:09:20.268	1.29242	1.29243			6
2025.04.02	02:09:30.437	1.29241	1.29242			6
2025.04.02	02:09:30.747	1.29240				2
2025.04.02	02:09:32.289	1.29239				2
2025.04.02	02:09:32.599	1.29240				2
2025.04.02	02:09:44.925	1.29241				2
2025.04.02	02:09:52.307	1.29245	1.29246			6
2025.04.02	02:09:52.609	1.29244				2
2025.04.02	02:09:53.543	1.29245				2
2025.04.02	02:09:54.153	1.29244				2
2025.04.02	02:09:54.458		1.29245			4
2025.04.02	02:10:00.307	1.29242	1.29244			6
2025.04.02	02:10:00.613	1.29243				2
2025.04.02	02:10:01.234	1.29244	1.29245			6
2025.04.02	02:10:02.151	1.29243				2
2025.04.02	02:10:02.458	1.29244				2
2025.04.02	02:10:06.455		1.29246			4
2025.04.02	02:10:20.304		1.29245			4
2025.04.02	02:10:20.610	1.29243				2
2025.04.02	02:10:21.840	1.29244				2
2025.04.02	02:10:22.456	1.29242				2
2025.04.02	02:10:23.681		1.29244			4
2025.04.02	02:10:24.296		1.29245			4
2025.04.02	02:10:27.362	1.29237	1.29238			6
2025.04.02	02:10:27.664	1.29233	1.29236			6
2025.04.02	02:10:28.283	1.29232	1.29235			6
2025.04.02	02:10:29.202	1.29236	1.29238			6
2025.04.02	02:10:29.504	1.29238	1.29240			6
2025.04.02	02:10:30.127	1.29236				2
2025.04.02	02:10:32.277	1.29237				2
2025.04.02	02:10:32.585	1.29238				2
2025.04.02	02:10:33.511	1.29233	1.29238			6
2025.04.02	02:10:33.818		1.29237			4
2025.04.02	02:10:34.739	1.29232	1.29234			6
2025.04.02	02:10:40.907		1.29235			4
2025.04.02	02:10:42.142	1.29231				2
2025.04.02	02:10:44.597	1.29232	1.29236			6
2025.04.02	02:10:48.283	1.29231	1.29235			6
2025.04.02	02:11:00.270	1.29231				2
2025.04.02	02:11:01.206	1.29230				2
2025.04.02	02:11:01.510		1.29234			4
2025.04.02	02:11:01.815	1.29228	1.29233			6
2025.04.02	02:11:03.356	1.29229				2
2025.04.02	02:11:05.508	1.29228	1.29232			6
2025.04.02	02:11:06.431	1.29227				2
2025.04.02	02:11:07.969	1.29228				2
2025.04.02	02:11:08.584	1.29227				2
2025.04.02	02:11:08.886	1.29228				2
2025.04.02	02:11:10.746	1.29229	1.29233			6
2025.04.02	02:11:13.205	1.29228				2
2025.04.02	02:11:25.212	1.29229				2
2025.04.02	02:11:25.523	1.29230	1.29234			6
2025.04.02	02:11:32.606	1.29229	1.29233			6
2025.04.02	02:11:33.215	1.29230	1.29234			6
2025.04.02	02:11:33.835	1.29229	1.29233			6
2025.04.02	02:11:38.446	1.29228	1.29232			6
2025.04.02	02:11:45.216	1.29227	1.29231			6
2025.04.02	02:11:45.518	1.29228	1.29232			6
2025.04.02	02:11:46.141	1.29229				2
2025.04.02	02:11:47.365	1.29228	1.29231			6
2025.04.02	02:11:49.184	1.29229	1.29232			6
2025.04.02	02:11:50.707	1.29228	1.29231			6
2025.04.02	02:11:54.966	1.29229	1.29232			6
2025.04.02	02:12:00.152	1.29229				2
2025.04.02	02:12:00.456	1.29230	1.29233			6
2025.04.02	02:12:12.004	1.29231	1.29234			6
2025.04.02	02:12:12.307	1.29230	1.29233			6
2025.04.02	02:12:28.793	1.29234	1.29237			6
2025.04.02	02:12:29.099	1.29237	1.29239			6
2025.04.02	02:12:29.401	1.29239	1.29241			6
2025.04.02	02:12:30.616	1.29240	1.29244			6
2025.04.02	02:12:31.837	1.29239				2
2025.04.02	02:12:42.584	1.29240				2
2025.04.02	02:12:42.890		1.29245			4
2025.04.02	02:12:43.808		1.29246			4
2025.04.02	02:12:45.641	1.29241				2
2025.04.02	02:12:46.566	1.29240				2
2025.04.02	02:12:51.508		1.29245			4
2025.04.02	02:12:51.811		1.29246			4
2025.04.02	02:12:52.737		1.29245			4
2025.04.02	02:12:53.050	1.29239				2
2025.04.02	02:12:55.209	1.29240				2
2025.04.02	02:12:57.977	1.29242	1.29247			6
2025.04.02	02:13:00.125	1.29242				2
2025.04.02	02:13:03.511	1.29243	1.29248			6
2025.04.02	02:13:05.670	1.29244				2
2025.04.02	02:13:06.286	1.29243				2
2025.04.02	02:13:16.133	1.29244				2
2025.04.02	02:13:17.366	1.29243	1.29247			6
2025.04.02	02:13:22.283	1.29244	1.29248			6
2025.04.02	02:13:28.741	1.29240	1.29244			6
2025.04.02	02:13:31.200	1.29246	1.29247			6
2025.04.02	02:13:31.517	1.29248	1.29251			6
2025.04.02	02:13:31.821	1.29247				2
2025.04.02	02:13:38.281	1.29244	1.29250			6
2025.04.02	02:13:53.066		1.29249			4
2025.04.02	02:13:53.382	1.29243				2
2025.04.02	02:13:56.147		1.29248			4
2025.04.02	02:13:56.767	1.29242	1.29246			6
2025.04.02	02:13:57.075		1.29247			4
2025.04.02	02:14:00.158	1.29242				2
2025.04.02	02:14:00.465		1.29246			4
2025.04.02	02:14:20.501		1.29245			4
2025.04.02	02:14:43.744	1.29240	1.29244			6
2025.04.02	02:14:44.652	1.29241	1.29245			6
2025.04.02	02:14:45.271		1.29244			4
2025.04.02	02:14:58.703	1.29244	1.29247			6
2025.04.02	02:14:59.007	1.29245	1.29248			6
2025.04.02	02:14:59.313	1.29246	1.29249			6
2025.04.02	02:15:00.233	1.29244	1.29248			6
2025.04.02	02:15:01.158	1.29246	1.29250			6
2025.04.02	02:15:06.702	1.29247				2
2025.04.02	02:15:07.626		1.29249			4
2025.04.02	02:15:09.163		1.29250			4
2025.04.02	02:15:13.171		1.29249			4
2025.04.02	02:15:14.089	1.29244	1.29247			6
2025.04.02	02:15:15.302	1.29243				2
2025.04.02	02:15:16.535	1.29244	1.29248			6
2025.04.02	02:15:17.771	1.29245	1.29249			6
2025.04.02	02:15:20.242	1.29250	1.29252			6
2025.04.02	02:15:20.551	1.29249	1.29253			6
2025.04.02	02:15:20.867	1.29250	1.29254			6
2025.04.02	02:15:21.168	1.29249				2
2025.04.02	02:15:23.008	1.29250				2
