<DATE>	<TIME>	<BID>	<ASK>	<LAST>	<VOLUME>	<FLAGS>
2025.08.22	00:03:30.765	1.34057	1.34147			6
2025.08.22	00:03:36.943	1.34072				2
2025.08.22	00:03:42.511	1.34057				2
2025.08.22	00:04:00.111	1.34057				2
2025.08.22	00:04:09.370	1.34072				2
2025.08.22	00:04:14.943	1.34057				2
2025.08.22	00:04:30.986		1.34147			4
2025.08.22	00:04:36.529	1.34072				2
2025.08.22	00:04:41.780	1.34057				2
2025.08.22	00:05:00.005	1.34057				2
2025.08.22	00:05:05.874	1.34072				2
2025.08.22	00:05:11.130	1.34057				2
2025.08.22	00:05:31.194		1.34147			4
2025.08.22	00:05:38.602	1.34072				2
2025.08.22	00:05:44.778	1.34057				2
2025.08.22	00:06:00.212	1.34057				2
2025.08.22	00:06:12.244	1.34072				2
2025.08.22	00:06:19.029	1.34057				2
2025.08.22	00:06:31.382		1.34147			4
2025.08.22	00:06:42.496	1.34072				2
2025.08.22	00:06:48.677	1.34057				2
2025.08.22	00:07:00.096	1.34057				2
2025.08.22	00:07:13.096	1.34072				2
2025.08.22	00:07:18.356	1.34057				2
2025.08.22	00:07:31.663		1.34147			4
2025.08.22	00:07:38.776	1.34072				2
2025.08.22	00:07:45.297	1.34057				2
2025.08.22	00:07:46.219	1.34102				2
2025.08.22	00:07:46.528		1.34167			4
2025.08.22	00:08:01.227	1.34102				2
2025.08.22	00:08:11.228	1.34103				2
2025.08.22	00:08:48.307		1.34167			4
2025.08.22	00:09:00.375	1.34103				2
2025.08.22	00:09:12.055	1.34073	1.34147			6
2025.08.22	00:09:17.928	1.34057				2
2025.08.22	00:09:22.241	1.34097	1.34167			6
2025.08.22	00:09:33.913	1.34102				2
2025.08.22	00:09:34.397	1.34103				2
2025.08.22	00:10:00.307	1.34103				2
2025.08.22	00:10:11.714	1.34085	1.34175			6
2025.08.22	00:11:00.189	1.34085				2
2025.08.22	00:11:05.129	1.34102	1.34167			6
2025.08.22	00:11:06.500	1.34105	1.34165			6
2025.08.22	00:11:07.507	1.34085	1.34175			6
2025.08.22	00:11:08.429	1.34105	1.34165			6
2025.08.22	00:11:14.944	1.34085	1.34175			6
2025.08.22	00:11:15.880	1.34105	1.34165			6
2025.08.22	00:11:22.389	1.34085	1.34175			6
2025.08.22	00:11:23.305	1.34105	1.34165			6
2025.08.22	00:11:30.000	1.34085	1.34175			6
2025.08.22	00:11:30.921	1.34105	1.34165			6
2025.08.22	00:11:37.415	1.34085	1.34175			6
2025.08.22	00:11:38.328	1.34105	1.34165			6
2025.08.22	00:12:01.224	1.34105				2
2025.08.22	00:12:38.885		1.34165			4
2025.08.22	00:13:01.224	1.34105				2
2025.08.22	00:13:14.357		1.34164			4
2025.08.22	00:13:27.208		1.34165			4
2025.08.22	00:13:43.155		1.34164			4
2025.08.22	00:13:48.544		1.34165			4
2025.08.22	00:13:51.512		1.34164			4
2025.08.22	00:14:02.180	1.34105				2
2025.08.22	00:14:07.457		1.34163			4
2025.08.22	00:14:19.263		1.34164			4
2025.08.22	00:14:34.456		1.34163			4
2025.08.22	00:15:00.304	1.34105				2
2025.08.22	00:15:14.462		1.34162			4
2025.08.22	00:17:33.415	1.34103	1.34160			6
2025.08.22	00:18:11.234	1.34103				2
2025.08.22	00:18:12.855		1.34161			4
2025.08.22	00:19:05.098	1.34103				2
2025.08.22	00:19:10.251		1.34160			4
2025.08.22	00:20:04.391	1.34103	1.34161			6
2025.08.22	00:20:15.046	1.34098	1.34164			6
2025.08.22	00:20:15.451	1.34087	1.34162			6
2025.08.22	00:20:15.758	1.34077				2
2025.08.22	00:20:17.200	1.34076				2
2025.08.22	00:20:17.624	1.34079				2
2025.08.22	00:20:30.652	1.34100				2
2025.08.22	00:20:31.058	1.34086				2
2025.08.22	00:20:39.158	1.34074				2
2025.08.22	00:20:46.048	1.34076	1.34158			6
2025.08.22	00:20:49.747	1.34080				2
2025.08.22	00:20:55.714	1.34076				2
2025.08.22	00:21:05.421	1.34076				2
2025.08.22	00:21:18.328	1.34080				2
2025.08.22	00:21:25.354	1.34076				2
2025.08.22	00:21:34.423		1.34156			4
2025.08.22	00:21:52.467	1.34080				2
2025.08.22	00:21:58.028	1.34076				2
2025.08.22	00:22:01.756	1.34076	1.34157			6
2025.08.22	00:22:04.066		1.34158			4
2025.08.22	00:22:22.466	1.34081				2
2025.08.22	00:22:27.903	1.34076				2
2025.08.22	00:22:50.668	1.34081				2
2025.08.22	00:22:55.735	1.34076				2
2025.08.22	00:23:00.390	1.34076				2
2025.08.22	00:23:06.858		1.34159			4
2025.08.22	00:23:23.361	1.34081				2
2025.08.22	00:23:28.646	1.34076				2
2025.08.22	00:23:41.697	1.34077				2
2025.08.22	00:23:46.030		1.34162			4
2025.08.22	00:23:50.353	1.34076				2
2025.08.22	00:23:50.948	1.34087				2
2025.08.22	00:23:51.571	1.34088				2
2025.08.22	00:23:54.348	1.34087				2
2025.08.22	00:23:54.666	1.34088				2
2025.08.22	00:24:00.218	1.34088				2
2025.08.22	00:24:17.221	1.34089				2
2025.08.22	00:24:17.834	1.34088				2
2025.08.22	00:24:32.987	1.34089				2
2025.08.22	00:24:34.522	1.34086				2
2025.08.22	00:24:36.048	1.34087				2
2025.08.22	00:24:36.351		1.34166			4
2025.08.22	00:24:36.661	1.34086	1.34161			6
2025.08.22	00:24:36.974	1.34087				2
2025.08.22	00:24:37.902		1.34162			4
2025.08.22	00:24:40.980		1.34164			4
2025.08.22	00:24:44.068	1.34088				2
2025.08.22	00:24:53.950		1.34166			4
2025.08.22	00:24:54.878		1.34165			4
2025.08.22	00:24:55.184		1.34166			4
2025.08.22	00:24:58.279	1.34085	1.34162			6
2025.08.22	00:24:58.586	1.34084				2
2025.08.22	00:24:58.894	1.34087				2
2025.08.22	00:24:59.210	1.34090				2
2025.08.22	00:25:00.364	1.34090	1.34161			6
2025.08.22	00:25:04.120		1.34159			4
2025.08.22	00:25:05.356		1.34160			4
2025.08.22	00:25:12.247		1.34166			4
2025.08.22	00:25:32.636	1.34091				2
2025.08.22	00:25:39.560	1.34090				2
2025.08.22	00:25:40.139		1.34162			4
2025.08.22	00:25:42.082		1.34163			4
2025.08.22	00:25:47.851		1.34158			4
2025.08.22	00:25:48.155		1.34163			4
2025.08.22	00:25:54.255		1.34164			4
2025.08.22	00:25:55.757		1.34163			4
2025.08.22	00:25:59.268	1.34089				2
2025.08.22	00:26:01.397	1.34089	1.34159			6
2025.08.22	00:26:03.544	1.34091				2
2025.08.22	00:26:06.000		1.34164			4
2025.08.22	00:26:07.078		1.34159			4
2025.08.22	00:26:07.390		1.34163			4
2025.08.22	00:26:08.959		1.34159			4
2025.08.22	00:26:10.191	1.34089				2
2025.08.22	00:26:32.668		1.34166			4
2025.08.22	00:26:34.388	1.34091				2
2025.08.22	00:26:40.046	1.34089				2
2025.08.22	00:26:50.413		1.34159			4
2025.08.22	00:26:59.010	1.34092	1.34166			6
2025.08.22	00:26:59.621	1.34089				2
2025.08.22	00:27:00.156	1.34089	1.34163			6
2025.08.22	00:27:07.250	1.34091				2
2025.08.22	00:27:07.561		1.34165			4
2025.08.22	00:27:08.093		1.34163			4
2025.08.22	00:27:13.334	1.34089				2
2025.08.22	00:27:28.449		1.34165			4
2025.08.22	00:27:39.223	1.34091				2
2025.08.22	00:27:45.420	1.34089				2
2025.08.22	00:27:59.302		1.34163			4
2025.08.22	00:28:00.222	1.34089				2
2025.08.22	00:28:02.381		1.34160			4
2025.08.22	00:28:02.833		1.34161			4
2025.08.22	00:28:03.143		1.34160			4
2025.08.22	00:28:04.098		1.34163			4
2025.08.22	00:28:07.805	1.34091				2
2025.08.22	00:28:11.489		1.34161			4
2025.08.22	00:28:12.943	1.34089	1.34160			6
2025.08.22	00:28:13.951		1.34162			4
2025.08.22	00:28:20.555		1.34161			4
2025.08.22	00:28:30.550		1.34163			4
2025.08.22	00:28:31.058		1.34161			4
2025.08.22	00:28:33.600		1.34163			4
2025.08.22	00:28:33.901		1.34161			4
2025.08.22	00:28:35.034	1.34091				2
2025.08.22	00:28:40.438	1.34089				2
2025.08.22	00:28:50.554		1.34163			4
2025.08.22	00:28:52.698		1.34165			4
2025.08.22	00:29:01.536	1.34089				2
2025.08.22	00:29:05.824	1.34091				2
2025.08.22	00:29:08.922		1.34163			4
2025.08.22	00:29:11.374		1.34162			4
2025.08.22	00:29:11.691	1.34089				2
2025.08.22	00:29:14.357		1.34163			4
2025.08.22	00:29:17.204		1.34162			4
2025.08.22	00:29:17.808		1.34163			4
2025.08.22	00:29:18.120		1.34162			4
2025.08.22	00:29:20.354		1.34163			4
2025.08.22	00:29:35.955	1.34091				2
2025.08.22	00:29:40.885		1.34162			4
2025.08.22	00:29:41.392		1.34163			4
2025.08.22	00:29:42.592	1.34089				2
2025.08.22	00:29:44.158		1.34164			4
2025.08.22	00:29:58.706		1.34159			4
2025.08.22	00:30:00.300	1.34089	1.34162			6
2025.08.22	00:30:01.791		1.34163			4
2025.08.22	00:30:03.026	1.34091				2
2025.08.22	00:30:06.734		1.34166			4
2025.08.22	00:30:08.920		1.34168			4
2025.08.22	00:30:09.955	1.34089				2
2025.08.22	00:30:10.627		1.34166			4
2025.08.22	00:30:11.002		1.34163			4
2025.08.22	00:30:19.032		1.34165			4
2025.08.22	00:30:19.733		1.34163			4
2025.08.22	00:30:34.222	1.34091				2
2025.08.22	00:30:40.706	1.34089				2
2025.08.22	00:30:41.944		1.34164			4
2025.08.22	00:30:48.662		1.34165			4
2025.08.22	00:30:50.368		1.34166			4
2025.08.22	00:30:51.035		1.34165			4
2025.08.22	00:30:57.738	1.34093				2
2025.08.22	00:30:58.038	1.34095				2
2025.08.22	00:31:00.191	1.34094				2
2025.08.22	00:31:05.983	1.34093	1.34163			6
2025.08.22	00:31:06.897		1.34164			4
2025.08.22	00:31:09.981	1.34086	1.34161			6
2025.08.22	00:31:11.211	1.34079				2
2025.08.22	00:31:11.517		1.34160			4
2025.08.22	00:31:12.443		1.34158			4
2025.08.22	00:31:12.753		1.34160			4
2025.08.22	00:31:17.684		1.34159			4
2025.08.22	00:31:21.083	1.34080				2
2025.08.22	00:31:28.180		1.34162			4
2025.08.22	00:31:34.569		1.34161			4
2025.08.22	00:31:35.812	1.34091	1.34162			6
2025.08.22	00:31:48.490	1.34093				2
2025.08.22	00:31:49.728	1.34094				2
2025.08.22	00:31:54.656	1.34093				2
2025.08.22	00:32:00.182	1.34080				2
2025.08.22	00:32:06.877	1.34086				2
2025.08.22	00:32:12.204	1.34079				2
2025.08.22	00:32:17.016		1.34158			4
2025.08.22	00:32:33.732	1.34082	1.34162			6
2025.08.22	00:32:35.277	1.34086	1.34161			6
2025.08.22	00:32:35.587		1.34162			4
2025.08.22	00:32:36.827		1.34161			4
2025.08.22	00:32:37.134		1.34162			4
2025.08.22	00:32:43.938	1.34085				2
2025.08.22	00:32:45.801	1.34084				2
2025.08.22	00:32:47.351		1.34161			4
2025.08.22	00:33:00.034	1.34084				2
2025.08.22	00:33:07.743	1.34086				2
2025.08.22	00:33:14.537	1.34084				2
2025.08.22	00:33:33.082	1.34083				2
2025.08.22	00:33:35.249	1.34084				2
2025.08.22	00:33:37.422		1.34163			4
2025.08.22	00:33:38.343	1.34086				2
2025.08.22	00:33:44.833	1.34083				2
2025.08.22	00:33:46.377	1.34082	1.34161			6
2025.08.22	00:33:46.994		1.34160			4
2025.08.22	00:33:47.914	1.34083				2
2025.08.22	00:33:49.763	1.34082				2
2025.08.22	00:33:52.557	1.34083				2
2025.08.22	00:33:54.417	1.34084				2
2025.08.22	00:33:54.725	1.34085				2
2025.08.22	00:34:00.296	1.34090	1.34171			6
2025.08.22	00:34:10.806	1.34089				2
2025.08.22	00:34:23.790	1.34090				2
2025.08.22	00:34:25.346		1.34168			4
2025.08.22	00:34:28.768	1.34089				2
2025.08.22	00:34:34.642	1.34090				2
2025.08.22	00:34:39.598	1.34089				2
2025.08.22	00:35:00.291	1.34090				2
2025.08.22	00:35:20.402		1.34169			4
2025.08.22	00:35:38.645	1.34089				2
2025.08.22	00:36:00.011	1.34089				2
2025.08.22	00:36:20.411		1.34169			4
2025.08.22	00:36:43.600	1.34092				2
2025.08.22	00:36:51.021	1.34090				2
2025.08.22	00:36:55.347	1.34091				2
2025.08.22	00:37:00.284	1.34091				2
2025.08.22	00:37:08.935	1.34092				2
2025.08.22	00:37:10.478	1.34093	1.34168			6
2025.08.22	00:38:00.206	1.34093				2
2025.08.22	00:38:05.452		1.34169			4
2025.08.22	00:38:41.883	1.34091				2
2025.08.22	00:38:51.146	1.34092				2
2025.08.22	00:39:00.083	1.34092				2
2025.08.22	00:39:05.020	1.34093				2
2025.08.22	00:39:05.634		1.34169			4
2025.08.22	00:39:10.897	1.34092				2
2025.08.22	00:39:49.870	1.34090				2
2025.08.22	00:39:51.723	1.34091				2
2025.08.22	00:39:52.030	1.34099				2
2025.08.22	00:39:52.337	1.34098				2
2025.08.22	00:40:00.256	1.34098				2
2025.08.22	00:40:06.180		1.34169			4
2025.08.22	00:40:15.335	1.34101	1.34168			6
2025.08.22	00:40:16.439	1.34098	1.34169			6
2025.08.22	00:40:24.526	1.34100	1.34168			6
2025.08.22	00:40:25.977	1.34101				2
2025.08.22	00:40:27.182	1.34103				2
2025.08.22	00:40:29.592	1.34105				2
2025.08.22	00:40:30.900	1.34104				2
2025.08.22	00:40:34.511	1.34105				2
2025.08.22	00:40:35.741	1.34104				2
2025.08.22	00:40:36.248	1.34106				2
2025.08.22	00:40:39.923	1.34107				2
2025.08.22	00:40:51.004	1.34108				2
2025.08.22	00:41:00.834	1.34108				2
2025.08.22	00:41:01.947	1.34110				2
2025.08.22	00:41:03.573	1.34106				2
2025.08.22	00:41:05.134	1.34107				2
2025.08.22	00:41:05.449	1.34108				2
2025.08.22	00:41:12.343	1.34109	1.34172			6
2025.08.22	00:41:12.677	1.34108				2
2025.08.22	00:41:14.872		1.34171			4
2025.08.22	00:41:23.029	1.34102	1.34172			6
2025.08.22	00:41:25.050	1.34109				2
2025.08.22	00:41:26.863	1.34108				2
2025.08.22	00:41:28.675	1.34107				2
2025.08.22	00:41:29.031	1.34109				2
2025.08.22	00:41:30.717	1.34110				2
2025.08.22	00:41:42.285	1.34109				2
2025.08.22	00:41:53.725	1.34110				2
2025.08.22	00:42:01.223	1.34110				2
2025.08.22	00:42:03.693	1.34111				2
2025.08.22	00:42:04.086	1.34112				2
2025.08.22	00:42:06.638	1.34111				2
2025.08.22	00:42:06.939	1.34112				2
2025.08.22	00:42:10.380	1.34110				2
2025.08.22	00:42:13.443	1.34109				2
2025.08.22	00:42:15.914	1.34113				2
2025.08.22	00:42:17.212	1.34114				2
2025.08.22	00:42:21.013	1.34112				2
2025.08.22	00:42:21.326	1.34114				2
2025.08.22	00:42:23.547	1.34115	1.34172			6
2025.08.22	00:42:27.545	1.34112				2
2025.08.22	00:42:32.291	1.34115				2
2025.08.22	00:42:33.313	1.34113				2
2025.08.22	00:42:36.202	1.34114				2
2025.08.22	00:42:36.536	1.34115				2
2025.08.22	00:42:42.972	1.34116				2
2025.08.22	00:42:43.467	1.34115				2
2025.08.22	00:42:44.640	1.34117				2
2025.08.22	00:42:51.430	1.34116				2
2025.08.22	00:42:52.586	1.34117				2
2025.08.22	00:42:55.792	1.34116				2
2025.08.22	00:42:59.442	1.34114				2
2025.08.22	00:43:00.554	1.34114				2
2025.08.22	00:43:06.327	1.34113				2
2025.08.22	00:43:06.841	1.34115				2
2025.08.22	00:43:10.252	1.34111				2
2025.08.22	00:43:14.549	1.34110				2
2025.08.22	00:43:15.298	1.34112				2
2025.08.22	00:43:21.043	1.34113				2
2025.08.22	00:43:23.917		1.34172			4
2025.08.22	00:43:30.412	1.34115				2
2025.08.22	00:43:31.224	1.34114				2
2025.08.22	00:43:34.039	1.34116				2
2025.08.22	00:43:34.921	1.34085	1.34162			6
2025.08.22	00:43:35.224	1.34083				2
2025.08.22	00:43:35.591	1.34086				2
2025.08.22	00:43:35.903		1.34163			4
2025.08.22	00:43:36.664		1.34162			4
2025.08.22	00:43:38.653	1.34082				2
2025.08.22	00:43:38.957	1.34081	1.34161			6
2025.08.22	00:43:39.873	1.34080	1.34156			6
2025.08.22	00:43:40.181	1.34081	1.34159			6
2025.08.22	00:43:40.509		1.34157			4
2025.08.22	00:43:42.849	1.34082	1.34158			6
2025.08.22	00:43:44.221	1.34080				2
2025.08.22	00:43:44.838	1.34078	1.34160			6
2025.08.22	00:43:45.485	1.34079				2
2025.08.22	00:43:46.098	1.34082				2
2025.08.22	00:43:46.716	1.34080	1.34162			6
2025.08.22	00:43:47.020	1.34090	1.34163			6
2025.08.22	00:44:00.084	1.34090				2
2025.08.22	00:44:00.697	1.34091				2
2025.08.22	00:44:00.999	1.34090				2
2025.08.22	00:44:01.925	1.34091				2
2025.08.22	00:44:02.854	1.34090				2
2025.08.22	00:44:03.518	1.34091				2
2025.08.22	00:44:05.686	1.34090				2
2025.08.22	00:44:06.674	1.34091				2
2025.08.22	00:44:06.983	1.34090				2
2025.08.22	00:44:08.188	1.34091				2
2025.08.22	00:44:08.502	1.34090				2
2025.08.22	00:44:11.701	1.34091				2
2025.08.22	00:44:13.239	1.34088	1.34160			6
2025.08.22	00:44:13.548	1.34090				2
2025.08.22	00:44:14.165	1.34089				2
2025.08.22	00:44:18.496	1.34087				2
2025.08.22	00:44:22.286	1.34088				2
2025.08.22	00:44:26.921	1.34087				2
2025.08.22	00:44:27.227	1.34090				2
2025.08.22	00:44:38.081	1.34091				2
2025.08.22	00:44:38.392	1.34090				2
2025.08.22	00:44:41.473	1.34100	1.34165			6
2025.08.22	00:45:01.118	1.34100				2
2025.08.22	00:45:03.482	1.34097	1.34187			6
2025.08.22	00:45:07.171	1.34100	1.34165			6
2025.08.22	00:45:09.842	1.34116	1.34149			6
2025.08.22	00:45:12.021	1.34099	1.34145			6
2025.08.22	00:45:15.093	1.34104	1.34144			6
2025.08.22	00:45:15.399	1.34100				2
2025.08.22	00:45:15.704	1.34098				2
2025.08.22	00:45:16.628		1.34145			4
2025.08.22	00:45:25.215	1.34099	1.34143			6
2025.08.22	00:45:26.443		1.34144			4
2025.08.22	00:45:27.365	1.34103				2
2025.08.22	00:45:32.595		1.34143			4
2025.08.22	00:45:36.598		1.34144			4
2025.08.22	00:45:49.287	1.34102				2
2025.08.22	00:46:00.108	1.34102				2
2025.08.22	00:46:11.897	1.34103				2
2025.08.22	00:46:13.143		1.34145			4
2025.08.22	00:46:15.626	1.34102				2
2025.08.22	00:46:41.036	1.34101				2
2025.08.22	00:46:50.029		1.34146			4
2025.08.22	00:46:53.421	1.34102				2
2025.08.22	00:46:59.307		1.34145			4
2025.08.22	00:47:00.234	1.34102				2
2025.08.22	00:47:01.771		1.34146			4
2025.08.22	00:47:03.323		1.34160			4
2025.08.22	00:47:07.053		1.34146			4
2025.08.22	00:47:09.843	1.34095	1.34144			6
2025.08.22	00:47:10.150	1.34104	1.34146			6
2025.08.22	00:47:14.799	1.34103				2
2025.08.22	00:47:21.010	1.34095	1.34145			6
2025.08.22	00:47:21.935	1.34101				2
2025.08.22	00:47:24.418	1.34103	1.34146			6
2025.08.22	00:47:24.731	1.34102				2
2025.08.22	00:47:29.988	1.34103				2
2025.08.22	00:47:34.935		1.34147			4
2025.08.22	00:47:40.202	1.34095	1.34145			6
2025.08.22	00:47:42.374	1.34102	1.34146			6
2025.08.22	00:47:43.302		1.34147			4
2025.08.22	00:47:52.295	1.34103				2
2025.08.22	00:47:56.013		1.34146			4
2025.08.22	00:47:58.180		1.34147			4
2025.08.22	00:48:00.032	1.34103				2
2025.08.22	00:48:04.667	1.34094	1.34145			6
2025.08.22	00:48:09.308	1.34095				2
2025.08.22	00:48:10.239	1.34104	1.34147			6
2025.08.22	00:48:22.330	1.34094	1.34145			6
2025.08.22	00:48:27.608	1.34101				2
2025.08.22	00:48:33.503	1.34094				2
2025.08.22	00:48:35.970	1.34103	1.34147			6
2025.08.22	00:48:45.266	1.34094	1.34145			6
2025.08.22	00:48:52.074	1.34093	1.34144			6
2025.08.22	00:49:00.148	1.34093				2
2025.08.22	00:49:01.071	1.34101				2
2025.08.22	00:49:07.270	1.34093				2
2025.08.22	00:49:23.105		1.34145			4
2025.08.22	00:49:23.409		1.34144			4
2025.08.22	00:49:30.851	1.34095	1.34145			6
2025.08.22	00:49:32.098		1.34146			4
2025.08.22	00:49:33.950	1.34101				2
2025.08.22	00:49:38.289	1.34102	1.34147			6
2025.08.22	00:49:39.834	1.34095	1.34145			6
2025.08.22	00:49:41.074		1.34146			4
2025.08.22	00:49:42.007	1.34096	1.34145			6
2025.08.22	00:49:43.557	1.34093	1.34144			6
2025.08.22	00:50:00.002	1.34093				2
2025.08.22	00:50:02.794	1.34102	1.34147			6
2025.08.22	00:50:03.112	1.34093	1.34144			6
2025.08.22	00:50:03.722	1.34101				2
2025.08.22	00:50:10.235	1.34093				2
2025.08.22	00:50:15.487		1.34145			4
2025.08.22	00:50:16.108		1.34144			4
2025.08.22	00:50:16.412		1.34145			4
2025.08.22	00:50:17.030		1.34144			4
2025.08.22	00:50:30.354		1.34145			4
2025.08.22	00:50:32.223		1.34144			4
2025.08.22	00:50:33.454	1.34101				2
2025.08.22	00:50:39.012	1.34093				2
2025.08.22	00:50:43.029	1.34100	1.34147			6
2025.08.22	00:50:56.331	1.34094	1.34144			6
2025.08.22	00:51:00.039	1.34094				2
2025.08.22	00:51:06.530	1.34101				2
2025.08.22	00:51:13.339	1.34094				2
2025.08.22	00:51:15.803		1.34143			4
2025.08.22	00:51:23.523	1.34093				2
2025.08.22	00:51:35.569	1.34101				2
2025.08.22	00:51:37.423		1.34144			4
2025.08.22	00:51:38.347		1.34143			4
2025.08.22	00:51:41.137	1.34093				2
2025.08.22	00:51:43.302	1.34100	1.34147			6
2025.08.22	00:51:55.039	1.34093	1.34143			6
2025.08.22	00:51:59.046	1.34090	1.34138			6
2025.08.22	00:51:59.675	1.34091				2
2025.08.22	00:51:59.990		1.34137			4
2025.08.22	00:52:00.292	1.34091				2
2025.08.22	00:52:08.640	1.34095				2
2025.08.22	00:52:10.187		1.34145			4
2025.08.22	00:52:14.513	1.34091				2
2025.08.22	00:52:37.417	1.34096				2
2025.08.22	00:52:44.222	1.34090				2
2025.08.22	00:52:44.533	1.34089	1.34136			6
2025.08.22	00:52:46.069		1.34135			4
2025.08.22	00:52:48.006	1.34088				2
2025.08.22	00:52:53.277	1.34089				2
2025.08.22	00:52:58.220	1.34088				2
2025.08.22	00:52:59.454	1.34089	1.34145			6
2025.08.22	00:53:00.075	1.34089				2
2025.08.22	00:53:10.589	1.34096				2
2025.08.22	00:53:15.525	1.34089				2
2025.08.22	00:53:17.994	1.34087	1.34135			6
2025.08.22	00:53:18.613	1.34088	1.34136			6
2025.08.22	00:53:20.166	1.34086				2
2025.08.22	00:53:32.223		1.34135			4
2025.08.22	00:53:34.393	1.34085				2
2025.08.22	00:53:39.343	1.34096				2
2025.08.22	00:53:46.128	1.34085				2
2025.08.22	00:53:51.386	1.34089	1.34145			6
2025.08.22	00:53:56.329	1.34086	1.34135			6
2025.08.22	00:53:57.254	1.34084	1.34134			6
2025.08.22	00:54:00.038	1.34084				2
2025.08.22	00:54:07.775	1.34096				2
2025.08.22	00:54:14.583	1.34084				2
2025.08.22	00:54:16.445	1.34083				2
2025.08.22	00:54:20.150	1.34084				2
2025.08.22	00:54:25.087	1.34083				2
2025.08.22	00:54:32.807	1.34084				2
2025.08.22	00:54:39.602	1.34096				2
2025.08.22	00:54:46.094	1.34084				2
2025.08.22	00:54:49.174	1.34083				2
2025.08.22	00:54:49.482	1.34088	1.34146			6
2025.08.22	00:54:49.794	1.34083	1.34134			6
2025.08.22	00:55:00.303	1.34083				2
2025.08.22	00:55:01.231	1.34091	1.34146			6
2025.08.22	00:55:02.458	1.34085	1.34135			6
2025.08.22	00:55:03.080	1.34090	1.34146			6
2025.08.22	00:55:04.927	1.34086	1.34134			6
2025.08.22	00:55:05.862		1.34135			4
2025.08.22	00:55:06.166	1.34087				2
2025.08.22	00:55:08.642	1.34088	1.34145			6
2025.08.22	00:55:08.952		1.34144			4
2025.08.22	00:55:13.899	1.34095				2
2025.08.22	00:55:14.828	1.34094				2
2025.08.22	00:55:15.137	1.34095				2
2025.08.22	00:55:15.448	1.34094				2
2025.08.22	00:55:15.759	1.34095				2
2025.08.22	00:55:16.066	1.34094				2
2025.08.22	00:55:16.381	1.34095				2
2025.08.22	00:55:16.693		1.34108			4
2025.08.22	00:55:16.999	1.34094				2
2025.08.22	00:55:17.313	1.34095				2
2025.08.22	00:55:17.616	1.34094				2
2025.08.22	00:55:17.922	1.34095				2
2025.08.22	00:55:18.857	1.34094				2
2025.08.22	00:55:19.169	1.34095				2
2025.08.22	00:55:19.476	1.34094				2
2025.08.22	00:55:19.787	1.34095				2
2025.08.22	00:55:20.095	1.34087				2
2025.08.22	00:55:21.019	1.34083				2
2025.08.22	00:55:21.327	1.34086				2
2025.08.22	00:55:21.951	1.34085				2
2025.08.22	00:55:22.262	1.34086				2
2025.08.22	00:55:22.573		1.34134			4
2025.08.22	00:55:23.195	1.34089	1.34143			6
2025.08.22	00:55:29.997	1.34085	1.34133			6
2025.08.22	00:55:33.095	1.34088	1.34144			6
2025.08.22	00:55:33.398		1.34145			4
2025.08.22	00:55:36.178	1.34085	1.34133			6
2025.08.22	00:55:41.441		1.34134			4
2025.08.22	00:55:41.743	1.34086				2
2025.08.22	00:55:43.912	1.34085				2
2025.08.22	00:55:45.763	1.34094				2
2025.08.22	00:55:51.330	1.34085				2
2025.08.22	00:55:55.968	1.34087	1.34142			6
2025.08.22	00:55:56.582	1.34085	1.34133			6
2025.08.22	00:55:59.054	1.34084				2
2025.08.22	00:55:59.365	1.34085	1.34134			6
2025.08.22	00:56:00.293	1.34085				2
2025.08.22	00:56:08.017	1.34086				2
2025.08.22	00:56:08.630	1.34085				2
2025.08.22	00:56:10.797	1.34087	1.34143			6
2025.08.22	00:56:13.270	1.34085	1.34134			6
2025.08.22	00:56:17.904	1.34094				2
2025.08.22	00:56:18.832		1.34142			4
2025.08.22	00:56:21.615		1.34133			4
2025.08.22	00:56:23.150	1.34083				2
2025.08.22	00:56:24.702	1.34084				2
2025.08.22	00:56:28.402	1.34085				2
2025.08.22	00:56:37.982	1.34087	1.34142			6
2025.08.22	00:56:38.294		1.34144			4
2025.08.22	00:56:43.541		1.34143			4
2025.08.22	00:56:47.249	1.34094				2
2025.08.22	00:56:50.026		1.34134			4
2025.08.22	00:56:52.190	1.34084				2
2025.08.22	00:56:52.805	1.34083	1.34133			6
2025.08.22	00:56:53.114	1.34085				2
2025.08.22	00:56:56.831		1.34134			4
2025.08.22	00:56:57.452	1.34084				2
2025.08.22	00:56:58.992	1.34085				2
2025.08.22	00:57:00.226	1.34084				2
2025.08.22	00:57:01.774	1.34085				2
2025.08.22	00:57:03.002		1.34133			4
2025.08.22	00:57:03.622		1.34141			4
2025.08.22	00:57:08.570	1.34083	1.34133			6
2025.08.22	00:57:09.495	1.34084				2
2025.08.22	00:57:12.891		1.34134			4
2025.08.22	00:57:14.136	1.34095				2
2025.08.22	00:57:14.446		1.34133			4
2025.08.22	00:57:15.676	1.34096	1.34134			6
2025.08.22	00:57:17.221		1.34133			4
2025.08.22	00:57:19.689		1.34132			4
2025.08.22	00:57:20.617		1.34142			4
2025.08.22	00:57:20.928	1.34085				2
2025.08.22	00:57:21.547		1.34141			4
2025.08.22	00:57:26.802	1.34082	1.34133			6
2025.08.22	00:57:27.729	1.34087	1.34141			6
2025.08.22	00:57:32.676		1.34140			4
2025.08.22	00:57:37.621		1.34141			4
2025.08.22	00:57:39.474	1.34085				2
2025.08.22	00:57:39.779	1.34084	1.34140			6
2025.08.22	00:57:40.403	1.34085				2
2025.08.22	00:57:48.447	1.34096				2
2025.08.22	00:57:48.755		1.34143			4
2025.08.22	00:57:54.630	1.34085	1.34140			6
2025.08.22	00:57:57.111	1.34083	1.34133			6
2025.08.22	00:57:57.421	1.34085	1.34140			6
2025.08.22	00:57:58.029	1.34083	1.34133			6
2025.08.22	00:57:58.337	1.34084				2
2025.08.22	00:57:58.651	1.34083				2
2025.08.22	00:57:58.958	1.34084				2
2025.08.22	00:57:59.276	1.34081	1.34132			6
2025.08.22	00:58:00.197	1.34084	1.34133			6
2025.08.22	00:58:00.506	1.34074	1.34132			6
2025.08.22	00:58:00.819	1.34084	1.34133			6
2025.08.22	00:58:01.120	1.34082	1.34132			6
2025.08.22	00:58:01.423	1.34081				2
2025.08.22	00:58:01.746	1.34082				2
2025.08.22	00:58:02.673	1.34083	1.34133			6
2025.08.22	00:58:03.296	1.34082	1.34132			6
2025.08.22	00:58:03.602	1.34074				2
2025.08.22	00:58:03.916	1.34083	1.34133			6
2025.08.22	00:58:05.150	1.34082				2
2025.08.22	00:58:05.458		1.34132			4
2025.08.22	00:58:05.772	1.34083				2
2025.08.22	00:58:06.078		1.34133			4
2025.08.22	00:58:11.658	1.34082	1.34132			6
2025.08.22	00:58:11.969	1.34083				2
2025.08.22	00:58:12.275	1.34082	1.34133			6
2025.08.22	00:58:12.589		1.34132			4
2025.08.22	00:58:14.442		1.34133			4
2025.08.22	00:58:15.375	1.34083	1.34132			6
2025.08.22	00:58:15.988		1.34133			4
2025.08.22	00:58:16.301	1.34082	1.34132			6
2025.08.22	00:58:17.224	1.34083	1.34133			6
2025.08.22	00:58:18.149	1.34082				2
2025.08.22	00:58:18.459	1.34096	1.34132			6
2025.08.22	00:58:18.768		1.34133			4
2025.08.22	00:58:19.080		1.34132			4
2025.08.22	00:58:20.011		1.34133			4
2025.08.22	00:58:20.322		1.34132			4
2025.08.22	00:58:20.900		1.34133			4
2025.08.22	00:58:22.757		1.34132			4
2025.08.22	00:58:23.067		1.34133			4
2025.08.22	00:58:24.947	1.34084	1.34132			6
2025.08.22	00:58:25.261		1.34133			4
2025.08.22	00:58:25.567	1.34082				2
2025.08.22	00:58:26.190	1.34083				2
2025.08.22	00:58:26.506		1.34132			4
2025.08.22	00:58:27.119	1.34082				2
2025.08.22	00:58:27.432	1.34084				2
2025.08.22	00:58:28.055	1.34083	1.34133			6
2025.08.22	00:58:28.364	1.34082	1.34132			6
2025.08.22	00:58:28.677	1.34083	1.34133			6
2025.08.22	00:58:29.293	1.34082	1.34132			6
2025.08.22	00:58:29.601	1.34083	1.34133			6
2025.08.22	00:58:31.458	1.34082	1.34132			6
2025.08.22	00:58:31.760	1.34084	1.34133			6
2025.08.22	00:58:34.555	1.34082	1.34132			6
2025.08.22	00:58:35.174		1.34133			4
2025.08.22	00:58:36.100		1.34132			4
2025.08.22	00:58:36.408		1.34133			4
2025.08.22	00:58:37.344	1.34083				2
2025.08.22	00:58:38.264	1.34082	1.34132			6
2025.08.22	00:58:38.890		1.34133			4
2025.08.22	00:58:39.201	1.34083				2
2025.08.22	00:58:40.434	1.34080	1.34132			6
2025.08.22	00:58:41.362	1.34083	1.34133			6
2025.08.22	00:58:41.668	1.34082	1.34132			6
2025.08.22	00:58:42.282	1.34083				2
2025.08.22	00:58:43.210	1.34084	1.34133			6
2025.08.22	00:58:43.828	1.34081				2
2025.08.22	00:58:44.135		1.34132			4
2025.08.22	00:58:45.062	1.34096				2
2025.08.22	00:58:45.996		1.34133			4
2025.08.22	00:58:46.922		1.34132			4
2025.08.22	00:58:47.231		1.34133			4
2025.08.22	00:58:49.087		1.34132			4
2025.08.22	00:58:49.396		1.34133			4
2025.08.22	00:58:49.698		1.34132			4
2025.08.22	00:58:51.856	1.34082				2
2025.08.22	00:58:52.480	1.34083	1.34133			6
2025.08.22	00:58:53.097		1.34132			4
2025.08.22	00:58:53.402		1.34133			4
2025.08.22	00:58:54.334	1.34084				2
2025.08.22	00:58:54.643	1.34082	1.34132			6
2025.08.22	00:58:54.953	1.34083				2
2025.08.22	00:58:55.260		1.34133			4
2025.08.22	00:58:57.120	1.34085	1.34143			6
2025.08.22	00:58:57.428	1.34084	1.34133			6
2025.08.22	00:58:58.050	1.34083				2
2025.08.22	00:58:58.357	1.34084				2
2025.08.22	00:59:00.213	1.34082	1.34132			6
2025.08.22	00:59:00.525	1.34083	1.34133			6
2025.08.22	00:59:01.141	1.34084	1.34132			6
2025.08.22	00:59:01.458	1.34082				2
2025.08.22	00:59:02.382	1.34083	1.34133			6
2025.08.22	00:59:02.688	1.34080	1.34132			6
2025.08.22	00:59:02.996	1.34081				2
2025.08.22	00:59:03.303	1.34084	1.34133			6
2025.08.22	00:59:03.620	1.34082	1.34132			6
2025.08.22	00:59:04.540	1.34084	1.34133			6
2025.08.22	00:59:05.157	1.34083				2
2025.08.22	00:59:05.783	1.34084				2
2025.08.22	00:59:06.092	1.34081	1.34132			6
2025.08.22	00:59:06.392	1.34083	1.34133			6
2025.08.22	00:59:07.020		1.34132			4
2025.08.22	00:59:08.257	1.34084				2
2025.08.22	00:59:08.566	1.34083				2
2025.08.22	00:59:08.880	1.34081				2
2025.08.22	00:59:09.188	1.34083				2
2025.08.22	00:59:09.494		1.34133			4
2025.08.22	00:59:10.121	1.34081	1.34132			6
2025.08.22	00:59:10.736	1.34082				2
2025.08.22	00:59:11.041	1.34083				2
2025.08.22	00:59:12.267		1.34133			4
2025.08.22	00:59:12.585		1.34132			4
2025.08.22	00:59:13.515	1.34096	1.34133			6
2025.08.22	00:59:13.829		1.34132			4
2025.08.22	00:59:17.222		1.34133			4
2025.08.22	00:59:17.844		1.34132			4
2025.08.22	00:59:18.771		1.34133			4
2025.08.22	00:59:19.091		1.34132			4
2025.08.22	00:59:20.319	1.34083				2
2025.08.22	00:59:21.553	1.34085	1.34143			6
2025.08.22	00:59:25.875	1.34084	1.34133			6
2025.08.22	00:59:26.190	1.34080	1.34132			6
2025.08.22	00:59:32.058	1.34081				2
2025.08.22	00:59:35.156	1.34080				2
2025.08.22	00:59:36.081	1.34081				2
2025.08.22	00:59:37.318	1.34082				2
2025.08.22	00:59:40.416	1.34081				2
2025.08.22	00:59:41.653	1.34083	1.34133			6
2025.08.22	00:59:42.269	1.34096				2
2025.08.22	00:59:42.582		1.34132			4
2025.08.22	00:59:48.456	1.34080				2
2025.08.22	00:59:49.690	1.34079				2
2025.08.22	00:59:50.003	1.34080				2
2025.08.22	00:59:50.304	1.34081				2
2025.08.22	00:59:51.548	1.34082				2
2025.08.22	00:59:55.274	1.34086	1.34134			6
2025.08.22	00:59:55.587	1.34085				2
2025.08.22	00:59:59.911		1.34135			4
2025.08.22	01:00:00.221	1.34099	1.34141			6
2025.08.22	01:00:00.531	1.34069				2
2025.08.22	01:00:00.840	1.34115	1.34204			6
2025.08.22	01:00:01.144	1.34109	1.34207			6
2025.08.22	01:00:01.459	1.34106	1.34152			6
2025.08.22	01:00:01.763	1.34075	1.34144			6
2025.08.22	01:00:02.077	1.34106				2
2025.08.22	01:00:02.392	1.34079				2
2025.08.22	01:00:02.694	1.34077				2
2025.08.22	01:00:03.299	1.34071				2
2025.08.22	01:00:03.618	1.34068	1.34145			6
2025.08.22	01:00:07.328	1.34071	1.34144			6
2025.08.22	01:00:07.634	1.34126	1.34133			6
2025.08.22	01:00:07.948	1.34071	1.34144			6
2025.08.22	01:00:08.869	1.34090				2
2025.08.22	01:00:09.181	1.34125	1.34132			6
2025.08.22	01:00:09.485	1.34090	1.34144			6
2025.08.22	01:00:11.025	1.34123	1.34130			6
2025.08.22	01:00:11.336	1.34090	1.34144			6
2025.08.22	01:00:13.807	1.34124	1.34131			6
2025.08.22	01:00:14.114	1.34090	1.34144			6
2025.08.22	01:00:14.425	1.34107				2
2025.08.22	01:00:15.041	1.34106				2
2025.08.22	01:00:15.956	1.34096				2
2025.08.22	01:00:16.259		1.34143			4
2025.08.22	01:00:16.568	1.34123	1.34130			6
2025.08.22	01:00:17.180	1.34096	1.34144			6
2025.08.22	01:00:18.102		1.34141			4
2025.08.22	01:00:18.414		1.34143			4
2025.08.22	01:00:19.028	1.34103				2
2025.08.22	01:00:19.337		1.34142			4
2025.08.22	01:00:20.249		1.34143			4
2025.08.22	01:00:22.089	1.34095				2
2025.08.22	01:00:25.784		1.34142			4
2025.08.22	01:00:29.177	1.34122	1.34129			6
2025.08.22	01:00:30.092	1.34095	1.34142			6
2025.08.22	01:00:30.393		1.34141			4
2025.08.22	01:00:31.936	1.34104				2
2025.08.22	01:00:32.241	1.34095				2
2025.08.22	01:00:32.557	1.34104				2
2025.08.22	01:00:33.170	1.34095				2
2025.08.22	01:00:35.640		1.34140			4
2025.08.22	01:00:36.570	1.34102	1.34139			6
2025.08.22	01:00:36.874	1.34095				2
2025.08.22	01:00:37.174	1.34100	1.34143			6
2025.08.22	01:00:37.480	1.34122	1.34129			6
2025.08.22	01:00:38.400	1.34127	1.34144			6
2025.08.22	01:00:38.704	1.34129	1.34143			6
2025.08.22	01:00:39.007		1.34145			4
2025.08.22	01:00:44.573		1.34143			4
2025.08.22	01:00:49.823		1.34144			4
2025.08.22	01:00:50.131		1.34146			4
2025.08.22	01:01:00.007	1.34129				2
2025.08.22	01:01:06.167	1.34136	1.34150			6
2025.08.22	01:01:06.472	1.34138	1.34148			6
2025.08.22	01:01:07.701		1.34150			4
2025.08.22	01:01:08.004	1.34140				2
2025.08.22	01:01:10.467	1.34138	1.34148			6
2025.08.22	01:01:24.020		1.34150			4
2025.08.22	01:01:24.324	1.34136	1.34147			6
2025.08.22	01:01:29.869		1.34143			4
2025.08.22	01:01:36.023		1.34142			4
2025.08.22	01:01:44.912	1.34144	1.34145			6
2025.08.22	01:01:50.437	1.34136	1.34142			6
2025.08.22	01:01:52.917	1.34144	1.34145			6
2025.08.22	01:01:57.217	1.34136	1.34142			6
2025.08.22	01:02:00.287	1.34136				2
2025.08.22	01:02:08.571	1.34144	1.34145			6
2025.08.22	01:02:14.064	1.34136	1.34142			6
2025.08.22	01:02:19.610	1.34145	1.34146			6
2025.08.22	01:02:22.365	1.34136	1.34142			6
2025.08.22	01:02:27.610	1.34145	1.34146			6
2025.08.22	01:02:28.840	1.34136	1.34142			6
2025.08.22	01:03:00.188	1.34136				2
2025.08.22	01:03:00.498		1.34137			4
2025.08.22	01:03:16.380	1.34128	1.34129			6
2025.08.22	01:03:17.590		1.34144			4
2025.08.22	01:03:22.515	1.34129	1.34147			6
2025.08.22	01:03:28.067	1.34141	1.34144			6
2025.08.22	01:03:28.688	1.34129	1.34147			6
2025.08.22	01:03:36.363	1.34140	1.34143			6
2025.08.22	01:03:38.196	1.34129	1.34147			6
2025.08.22	01:03:41.583	1.34133				2
2025.08.22	01:03:41.888	1.34136	1.34150			6
2025.08.22	01:03:42.812	1.34142	1.34145			6
2025.08.22	01:03:45.579	1.34136	1.34137			6
2025.08.22	01:03:47.732	1.34137	1.34138			6
2025.08.22	01:03:48.653	1.34142	1.34145			6
2025.08.22	01:04:00.268	1.34137	1.34138			6
2025.08.22	01:04:01.803	1.34142	1.34145			6
2025.08.22	01:04:02.422	1.34141	1.34144			6
2025.08.22	01:04:03.643	1.34137	1.34138			6
2025.08.22	01:04:08.860	1.34142	1.34145			6
2025.08.22	01:04:10.694	1.34137	1.34138			6
2025.08.22	01:04:13.130	1.34143	1.34146			6
2025.08.22	01:04:16.161	1.34137	1.34138			6
2025.08.22	01:05:00.186	1.34137				2
2025.08.22	01:05:16.404		1.34138			4
2025.08.22	01:05:32.286	1.34138	1.34139			6
2025.08.22	01:06:00.125	1.34138	1.34140			6
2025.08.22	01:06:22.700		1.34141			4
2025.08.22	01:06:40.734	1.34139	1.34142			6
2025.08.22	01:07:00.003	1.34139				2
2025.08.22	01:07:19.877	1.34144	1.34147			6
2025.08.22	01:07:31.242	1.34140	1.34143			6
2025.08.22	01:07:45.408	1.34141	1.34144			6
2025.08.22	01:08:00.284	1.34144	1.34147			6
2025.08.22	01:08:08.643		1.34146			4
2025.08.22	01:08:08.955	1.34141	1.34144			6
2025.08.22	01:08:09.267	1.34138	1.34141			6
2025.08.22	01:08:09.878	1.34137	1.34140			6
2025.08.22	01:08:18.871	1.34139	1.34142			6
2025.08.22	01:08:20.107	1.34137	1.34140			6
2025.08.22	01:08:25.365	1.34139	1.34142			6
2025.08.22	01:08:27.835	1.34140	1.34143			6
2025.08.22	01:08:36.178	1.34137	1.34140			6
2025.08.22	01:09:00.018	1.34137				2
2025.08.22	01:09:00.644	1.34139	1.34142			6
2025.08.22	01:09:03.741	1.34140	1.34143			6
2025.08.22	01:09:16.113	1.34139	1.34142			6
2025.08.22	01:09:22.292	1.34136	1.34139			6
2025.08.22	01:09:22.906	1.34140	1.34143			6
2025.08.22	01:09:49.216	1.34141	1.34144			6
2025.08.22	01:09:49.524	1.34142	1.34145			6
2025.08.22	01:10:00.028	1.34142				2
2025.08.22	01:10:00.344	1.34136	1.34139			6
2025.08.22	01:10:00.655	1.34137	1.34140			6
2025.08.22	01:10:03.748	1.34141	1.34144			6
2025.08.22	01:10:10.238	1.34142	1.34145			6
2025.08.22	01:10:11.159	1.34144	1.34147			6
2025.08.22	01:10:11.461	1.34143	1.34145			6
2025.08.22	01:10:11.771	1.34144	1.34147			6
2025.08.22	01:10:12.710	1.34143	1.34146			6
2025.08.22	01:10:14.570	1.34140	1.34143			6
2025.08.22	01:10:20.157	1.34139	1.34142			6
2025.08.22	01:10:26.364	1.34143	1.34146			6
2025.08.22	01:10:30.065	1.34142	1.34145			6
2025.08.22	01:10:31.012	1.34141	1.34144			6
2025.08.22	01:10:48.346	1.34140	1.34143			6
2025.08.22	01:10:51.131	1.34142	1.34145			6
2025.08.22	01:10:56.389	1.34144	1.34147			6
2025.08.22	01:10:57.317	1.34142	1.34145			6
2025.08.22	01:11:00.096	1.34142				2
2025.08.22	01:11:02.257	1.34140	1.34143			6
2025.08.22	01:11:03.487	1.34143	1.34145			6
2025.08.22	01:11:03.805		1.34146			4
2025.08.22	01:11:04.430	1.34142	1.34144			6
2025.08.22	01:11:04.740	1.34148	1.34150			6
2025.08.22	01:11:05.044	1.34144	1.34147			6
2025.08.22	01:11:05.357	1.34145	1.34148			6
2025.08.22	01:11:13.104	1.34142	1.34145			6
2025.08.22	01:11:28.268	1.34145	1.34148			6
2025.08.22	01:11:32.601	1.34143	1.34144			6
2025.08.22	01:11:32.918	1.34145	1.34148			6
2025.08.22	01:11:33.223	1.34143	1.34144			6
2025.08.22	01:11:33.530	1.34145	1.34148			6
2025.08.22	01:11:33.847	1.34143	1.34144			6
2025.08.22	01:11:34.153	1.34145	1.34148			6
2025.08.22	01:11:34.458	1.34143	1.34144			6
2025.08.22	01:11:34.776	1.34145	1.34148			6
2025.08.22	01:11:35.082	1.34143	1.34144			6
2025.08.22	01:11:35.391	1.34145	1.34148			6
2025.08.22	01:11:35.699	1.34143	1.34144			6
2025.08.22	01:11:36.018	1.34145	1.34148			6
2025.08.22	01:11:39.742	1.34146	1.34149			6
2025.08.22	01:11:59.237	1.34142	1.34145			6
2025.08.22	01:11:59.545	1.34146	1.34149			6
2025.08.22	01:12:00.162	1.34146				2
2025.08.22	01:12:01.411	1.34143	1.34144			6
2025.08.22	01:12:01.714	1.34146	1.34149			6
2025.08.22	01:12:22.449	1.34145	1.34148			6
2025.08.22	01:13:00.248	1.34145				2
2025.08.22	01:13:22.572		1.34148			4
2025.08.22	01:14:00.075	1.34145				2
2025.08.22	01:14:01.312	1.34146	1.34149			6
2025.08.22	01:14:08.448	1.34143	1.34146			6
2025.08.22	01:14:08.760	1.34146	1.34149			6
2025.08.22	01:14:09.063	1.34143	1.34146			6
2025.08.22	01:14:09.377	1.34144	1.34147			6
2025.08.22	01:14:10.308	1.34146	1.34149			6
2025.08.22	01:14:40.924	1.34145	1.34148			6
2025.08.22	01:14:48.026	1.34146	1.34149			6
2025.08.22	01:15:00.163	1.34146				2
2025.08.22	01:15:03.275	1.34143	1.34144			6
2025.08.22	01:15:03.593	1.34146	1.34149			6
2025.08.22	01:15:03.909	1.34143	1.34144			6
2025.08.22	01:15:04.217	1.34146	1.34149			6
2025.08.22	01:15:04.526	1.34143	1.34144			6
2025.08.22	01:15:05.147	1.34146	1.34149			6
2025.08.22	01:15:05.462	1.34142	1.34143			6
2025.08.22	01:15:06.400	1.34145	1.34146			6
2025.08.22	01:15:06.702	1.34146	1.34149			6
2025.08.22	01:15:07.638	1.34145	1.34146			6
2025.08.22	01:15:07.943	1.34148	1.34151			6
2025.08.22	01:15:08.257	1.34145	1.34146			6
2025.08.22	01:15:08.576	1.34147	1.34150			6
2025.08.22	01:15:09.506	1.34146	1.34149			6
2025.08.22	01:15:09.823	1.34144	1.34147			6
2025.08.22	01:15:10.131	1.34146	1.34149			6
2025.08.22	01:15:11.060	1.34148	1.34151			6
2025.08.22	01:15:12.302	1.34151	1.34152			6
2025.08.22	01:15:12.624	1.34150	1.34151			6
2025.08.22	01:15:12.932	1.34151	1.34152			6
2025.08.22	01:15:13.877	1.34150	1.34151			6
2025.08.22	01:15:14.190	1.34151	1.34152			6
2025.08.22	01:15:14.809	1.34149	1.34150			6
2025.08.22	01:15:15.129	1.34151	1.34152			6
2025.08.22	01:15:17.620	1.34149	1.34151			6
2025.08.22	01:15:17.927	1.34148				2
2025.08.22	01:15:18.230	1.34147	1.34150			6
2025.08.22	01:15:19.158	1.34146	1.34149			6
2025.08.22	01:15:20.088	1.34147	1.34150			6
2025.08.22	01:15:28.504	1.34145	1.34148			6
2025.08.22	01:15:28.823	1.34147	1.34150			6
2025.08.22	01:15:32.245	1.34146	1.34147			6
2025.08.22	01:15:32.550	1.34147	1.34150			6
2025.08.22	01:15:48.718	1.34144	1.34147			6
2025.08.22	01:15:49.026	1.34147	1.34150			6
2025.08.22	01:15:58.041	1.34144	1.34147			6
2025.08.22	01:15:58.350		1.34146			4
2025.08.22	01:15:58.671	1.34147	1.34150			6
2025.08.22	01:15:58.975	1.34144	1.34147			6
2025.08.22	01:15:59.612	1.34147	1.34150			6
2025.08.22	01:15:59.918	1.34144	1.34147			6
2025.08.22	01:16:00.224	1.34144				2
2025.08.22	01:16:00.864	1.34147	1.34150			6
2025.08.22	01:16:03.651	1.34144	1.34147			6
2025.08.22	01:16:03.970	1.34147	1.34150			6
2025.08.22	01:16:21.346	1.34145	1.34147			6
2025.08.22	01:16:21.655	1.34144				2
2025.08.22	01:16:22.602	1.34145				2
2025.08.22	01:16:23.223	1.34144				2
2025.08.22	01:16:24.472	1.34145				2
2025.08.22	01:16:24.777	1.34144				2
2025.08.22	01:16:25.708	1.34145				2
2025.08.22	01:16:26.022	1.34144				2
2025.08.22	01:16:27.566	1.34145				2
2025.08.22	01:16:28.191	1.34144				2
2025.08.22	01:16:28.817	1.34145	1.34148			6
2025.08.22	01:16:29.120	1.34146	1.34149			6
2025.08.22	01:16:30.057	1.34145	1.34148			6
2025.08.22	01:16:30.366	1.34144	1.34147			6
2025.08.22	01:16:43.758	1.34143	1.34146			6
2025.08.22	01:16:45.620	1.34146	1.34149			6
2025.08.22	01:16:47.188	1.34147				2
2025.08.22	01:16:49.169		1.34150			4
2025.08.22	01:17:00.041	1.34147				2
2025.08.22	01:17:02.231	1.34148	1.34151			6
2025.08.22	01:17:05.648	1.34158	1.34159			6
2025.08.22	01:17:05.960	1.34151	1.34152			6
2025.08.22	01:17:06.265	1.34150				2
2025.08.22	01:17:06.568	1.34151				2
2025.08.22	01:17:07.501	1.34150	1.34151			6
2025.08.22	01:17:07.818	1.34151	1.34152			6
2025.08.22	01:17:12.489	1.34152	1.34153			6
2025.08.22	01:17:17.787	1.34151	1.34152			6
2025.08.22	01:17:18.401	1.34152	1.34153			6
2025.08.22	01:17:26.477	1.34151	1.34152			6
2025.08.22	01:17:29.587	1.34152	1.34153			6
2025.08.22	01:17:51.351	1.34149	1.34151			6
2025.08.22	01:17:51.667	1.34148	1.34149			6
2025.08.22	01:17:51.976		1.34151			4
2025.08.22	01:17:52.293	1.34147	1.34150			6
2025.08.22	01:17:52.906	1.34148				2
2025.08.22	01:17:53.221		1.34149			4
2025.08.22	01:17:53.532	1.34149	1.34151			6
2025.08.22	01:17:56.001	1.34148				2
2025.08.22	01:17:56.921		1.34150			4
2025.08.22	01:17:58.158	1.34147	1.34149			6
2025.08.22	01:17:58.464	1.34146				2
2025.08.22	01:17:58.771	1.34148	1.34150			6
2025.08.22	01:17:59.076	1.34145	1.34148			6
2025.08.22	01:18:00.016	1.34145				2
2025.08.22	01:18:09.255	1.34143	1.34145			6
2025.08.22	01:18:09.574	1.34145	1.34148			6
2025.08.22	01:18:20.735	1.34144	1.34147			6
2025.08.22	01:18:26.634	1.34145	1.34148			6
2025.08.22	01:18:46.193	1.34144	1.34147			6
2025.08.22	01:18:49.295	1.34145	1.34148			6
2025.08.22	01:18:53.941	1.34146	1.34149			6
2025.08.22	01:18:59.525	1.34147	1.34150			6
2025.08.22	01:18:59.837	1.34148	1.34151			6
2025.08.22	01:19:00.147	1.34147	1.34150			6
2025.08.22	01:19:04.186	1.34149	1.34152			6
2025.08.22	01:19:08.847	1.34147	1.34150			6
2025.08.22	01:19:11.651	1.34148	1.34151			6
2025.08.22	01:19:15.968	1.34149	1.34152			6
2025.08.22	01:19:21.786	1.34146	1.34149			6
2025.08.22	01:19:30.435	1.34149	1.34152			6
2025.08.22	01:19:36.615	1.34150	1.34153			6
2025.08.22	01:19:37.856	1.34152				2
2025.08.22	01:19:38.158	1.34150	1.34151			6
2025.08.22	01:19:38.460	1.34146	1.34149			6
2025.08.22	01:19:39.388	1.34145	1.34148			6
2025.08.22	01:19:45.576	1.34144	1.34147			6
2025.08.22	01:19:46.196	1.34146	1.34149			6
2025.08.22	01:19:49.288	1.34147	1.34150			6
2025.08.22	01:19:55.482	1.34146	1.34149			6
2025.08.22	01:19:55.799		1.34148			4
2025.08.22	01:19:57.975		1.34149			4
2025.08.22	01:20:00.141	1.34146	1.34148			6
2025.08.22	01:20:02.312		1.34149			4
2025.08.22	01:20:18.103	1.34147	1.34150			6
2025.08.22	01:20:22.133	1.34146	1.34149			6
2025.08.22	01:20:31.746	1.34147	1.34150			6
2025.08.22	01:20:40.416	1.34148	1.34151			6
2025.08.22	01:20:43.204	1.34150	1.34153			6
2025.08.22	01:20:43.508	1.34146	1.34147			6
2025.08.22	01:20:43.819	1.34147	1.34150			6
2025.08.22	01:20:44.127	1.34146	1.34147			6
2025.08.22	01:20:44.435	1.34149	1.34152			6
2025.08.22	01:20:44.752	1.34147	1.34148			6
2025.08.22	01:20:45.058	1.34149	1.34152			6
2025.08.22	01:20:45.678	1.34147	1.34148			6
2025.08.22	01:20:46.306	1.34149	1.34152			6
2025.08.22	01:20:50.333	1.34148	1.34151			6
2025.08.22	01:20:54.062	1.34149	1.34152			6
2025.08.22	01:20:54.676	1.34148	1.34151			6
2025.08.22	01:20:55.920	1.34149	1.34152			6
2025.08.22	01:20:59.013	1.34148	1.34151			6
2025.08.22	01:21:00.253	1.34148				2
2025.08.22	01:21:02.115	1.34149	1.34152			6
2025.08.22	01:21:03.967	1.34148	1.34151			6
2025.08.22	01:21:04.270	1.34149	1.34152			6
2025.08.22	01:21:04.589	1.34154	1.34155			6
2025.08.22	01:21:04.893	1.34148	1.34151			6
2025.08.22	01:21:05.194	1.34147	1.34150			6
2025.08.22	01:21:05.805	1.34148	1.34151			6
2025.08.22	01:21:07.030	1.34149				2
2025.08.22	01:21:11.044	1.34148				2
2025.08.22	01:21:18.178	1.34147	1.34150			6
2025.08.22	01:22:00.156	1.34147				2
2025.08.22	01:22:01.086	1.34148				2
2025.08.22	01:22:01.399		1.34151			4
2025.08.22	01:22:07.922	1.34149				2
2025.08.22	01:22:08.234	1.34148				2
2025.08.22	01:22:30.749	1.34147	1.34150			6
2025.08.22	01:22:37.600	1.34148	1.34151			6
2025.08.22	01:22:39.766	1.34149	1.34152			6
2025.08.22	01:22:40.081	1.34148	1.34151			6
2025.08.22	01:22:41.332	1.34149	1.34152			6
2025.08.22	01:22:43.170		1.34151			4
2025.08.22	01:22:43.472		1.34152			4
2025.08.22	01:22:45.635	1.34153	1.34154			6
2025.08.22	01:22:45.939		1.34155			4
2025.08.22	01:22:46.247	1.34151	1.34152			6
2025.08.22	01:22:49.344	1.34155	1.34156			6
2025.08.22	01:22:49.653	1.34153	1.34154			6
2025.08.22	01:22:49.955	1.34151	1.34152			6
2025.08.22	01:22:56.167	1.34150	1.34151			6
2025.08.22	01:22:56.786	1.34149				2
2025.08.22	01:23:00.196	1.34149				2
2025.08.22	01:23:05.420	1.34147	1.34150			6
2025.08.22	01:23:05.735	1.34149	1.34151			6
2025.08.22	01:23:08.203	1.34148	1.34149			6
2025.08.22	01:23:09.736	1.34150	1.34151			6
2025.08.22	01:23:10.051	1.34151	1.34154			6
2025.08.22	01:23:10.976		1.34153			4
2025.08.22	01:23:11.285	1.34150				2
2025.08.22	01:23:30.660		1.34152			4
2025.08.22	01:23:38.368	1.34151				2
2025.08.22	01:23:39.296		1.34154			4
2025.08.22	01:23:41.453	1.34153				2
2025.08.22	01:23:41.757	1.34149	1.34152			6
2025.08.22	01:23:43.917	1.34155	1.34158			6
2025.08.22	01:23:44.228	1.34156	1.34159			6
2025.08.22	01:23:44.539	1.34157	1.34160			6
2025.08.22	01:23:45.156	1.34159	1.34162			6
2025.08.22	01:23:45.460	1.34171	1.34172			6
2025.08.22	01:23:46.402	1.34177	1.34180			6
2025.08.22	01:23:46.706	1.34175	1.34177			6
2025.08.22	01:23:47.007	1.34174				2
2025.08.22	01:23:47.950	1.34173	1.34176			6
2025.08.22	01:23:48.572	1.34174	1.34177			6
2025.08.22	01:23:49.186	1.34175	1.34178			6
2025.08.22	01:23:50.127	1.34172	1.34174			6
2025.08.22	01:23:50.435	1.34169	1.34171			6
2025.08.22	01:23:52.583	1.34168	1.34170			6
2025.08.22	01:23:52.896	1.34167				2
2025.08.22	01:23:59.386		1.34169			4
2025.08.22	01:23:59.697	1.34166				2
2025.08.22	01:24:00.007	1.34166				2
2025.08.22	01:24:01.558	1.34167	1.34170			6
2025.08.22	01:24:01.864	1.34166	1.34169			6
2025.08.22	01:24:05.556	1.34167				2
2025.08.22	01:24:05.860	1.34166				2
2025.08.22	01:24:19.092	1.34169	1.34172			6
2025.08.22	01:24:20.336	1.34170	1.34171			6
2025.08.22	01:24:21.571	1.34168				2
2025.08.22	01:24:21.875	1.34167	1.34170			6
2025.08.22	01:24:24.345	1.34169	1.34172			6
2025.08.22	01:24:25.571	1.34168	1.34171			6
2025.08.22	01:24:28.647	1.34167	1.34170			6
2025.08.22	01:24:31.417		1.34169			4
2025.08.22	01:24:34.494		1.34170			4
2025.08.22	01:25:00.238	1.34167				2
2025.08.22	01:25:11.737	1.34163	1.34166			6
2025.08.22	01:25:12.052	1.34167	1.34170			6
2025.08.22	01:25:18.576	1.34166	1.34169			6
2025.08.22	01:25:19.509	1.34167	1.34170			6
2025.08.22	01:25:20.132	1.34166	1.34169			6
2025.08.22	01:25:20.440	1.34167	1.34170			6
2025.08.22	01:25:21.063	1.34166	1.34169			6
2025.08.22	01:25:21.370	1.34167	1.34170			6
2025.08.22	01:25:23.237	1.34166	1.34169			6
2025.08.22	01:25:26.332	1.34167	1.34170			6
2025.08.22	01:25:39.663	1.34166	1.34169			6
2025.08.22	01:26:00.147	1.34166				2
2025.08.22	01:26:03.561	1.34167	1.34170			6
2025.08.22	01:26:07.293	1.34166	1.34169			6
2025.08.22	01:26:11.046	1.34163	1.34166			6
2025.08.22	01:26:11.363	1.34166	1.34169			6
2025.08.22	01:26:36.506	1.34167	1.34170			6
2025.08.22	01:26:39.929	1.34164	1.34167			6
2025.08.22	01:26:40.244	1.34167	1.34170			6
2025.08.22	01:26:44.580	1.34166	1.34169			6
2025.08.22	01:26:49.552	1.34164	1.34166			6
2025.08.22	01:26:50.163	1.34162	1.34164			6
2025.08.22	01:26:50.480	1.34161				2
2025.08.22	01:27:00.104	1.34161				2
2025.08.22	01:27:03.828	1.34162				2
2025.08.22	01:27:06.946	1.34161				2
2025.08.22	01:27:13.153	1.34162				2
2025.08.22	01:27:14.090	1.34161				2
2025.08.22	01:27:16.897	1.34162				2
2025.08.22	01:27:24.038	1.34161				2
2025.08.22	01:27:31.490	1.34162				2
2025.08.22	01:27:37.078	1.34161				2
2025.08.22	01:27:45.157	1.34162				2
2025.08.22	01:27:50.412		1.34164			4
2025.08.22	01:27:55.382	1.34166	1.34167			6
2025.08.22	01:27:56.006	1.34165				2
2025.08.22	01:27:56.313	1.34166				2
2025.08.22	01:27:57.867	1.34165				2
2025.08.22	01:28:00.043	1.34165				2
2025.08.22	01:28:03.156	1.34164	1.34166			6
2025.08.22	01:28:12.469	1.34160	1.34163			6
2025.08.22	01:28:12.785	1.34164	1.34166			6
2025.08.22	01:28:18.678	1.34165				2
2025.08.22	01:28:18.991	1.34164				2
2025.08.22	01:28:33.256	1.34160	1.34163			6
2025.08.22	01:28:33.574	1.34164	1.34166			6
2025.08.22	01:28:41.924	1.34165				2
2025.08.22	01:28:49.445	1.34164				2
2025.08.22	01:28:50.997	1.34166	1.34167			6
2025.08.22	01:29:00.014	1.34166				2
2025.08.22	01:29:00.621		1.34168			4
2025.08.22	01:29:00.933		1.34169			4
2025.08.22	01:29:17.069	1.34167	1.34170			6
2025.08.22	01:29:37.543	1.34163	1.34166			6
2025.08.22	01:29:37.848	1.34167	1.34170			6
2025.08.22	01:30:00.298	1.34165	1.34167			6
2025.08.22	01:30:00.605	1.34164	1.34166			6
2025.08.22	01:30:01.531	1.34166	1.34167			6
2025.08.22	01:30:03.373		1.34169			4
2025.08.22	01:30:07.088		1.34167			4
2025.08.22	01:30:10.491	1.34167	1.34168			6
2025.08.22	01:30:10.797	1.34165	1.34166			6
2025.08.22	01:30:11.100	1.34163	1.34164			6
2025.08.22	01:30:12.650	1.34161	1.34163			6
2025.08.22	01:30:15.440	1.34164	1.34165			6
2025.08.22	01:30:15.748	1.34165	1.34166			6
2025.08.22	01:30:16.995	1.34164	1.34165			6
2025.08.22	01:30:17.302	1.34162				2
2025.08.22	01:30:17.619		1.34164			4
2025.08.22	01:30:17.928		1.34165			4
2025.08.22	01:30:20.717	1.34165	1.34166			6
2025.08.22	01:30:25.319	1.34164	1.34165			6
2025.08.22	01:30:26.540	1.34165	1.34166			6
2025.08.22	01:30:29.322	1.34162	1.34164			6
2025.08.22	01:30:29.624	1.34165	1.34166			6
2025.08.22	01:30:29.931	1.34164	1.34165			6
2025.08.22	01:30:30.238	1.34162	1.34164			6
2025.08.22	01:30:30.558	1.34165	1.34166			6
2025.08.22	01:30:30.865	1.34164	1.34165			6
2025.08.22	01:30:31.172	1.34165	1.34166			6
2025.08.22	01:30:32.403	1.34164	1.34165			6
2025.08.22	01:30:38.565	1.34165	1.34166			6
2025.08.22	01:30:44.421	1.34164	1.34165			6
2025.08.22	01:30:54.608	1.34165	1.34166			6
2025.08.22	01:30:57.408	1.34159	1.34162			6
2025.08.22	01:30:57.710	1.34165	1.34166			6
2025.08.22	01:30:58.946	1.34164	1.34165			6
2025.08.22	01:30:59.250	1.34165	1.34166			6
2025.08.22	01:31:00.170	1.34165				2
2025.08.22	01:31:01.104	1.34164	1.34165			6
2025.08.22	01:31:01.420	1.34165	1.34166			6
2025.08.22	01:31:01.724	1.34164	1.34167			6
2025.08.22	01:31:04.829	1.34167	1.34168			6
2025.08.22	01:31:06.076	1.34164	1.34167			6
2025.08.22	01:31:09.183	1.34166	1.34168			6
2025.08.22	01:31:10.117	1.34167				2
2025.08.22	01:31:20.986	1.34166				2
2025.08.22	01:31:28.458	1.34165				2
2025.08.22	01:31:35.599	1.34164	1.34167			6
2025.08.22	01:31:35.907	1.34165	1.34168			6
2025.08.22	01:31:40.580	1.34168	1.34171			6
2025.08.22	01:31:46.185	1.34166	1.34169			6
2025.08.22	01:31:49.285	1.34169	1.34171			6
2025.08.22	01:31:49.596		1.34172			4
2025.08.22	01:31:49.912	1.34173	1.34176			6
2025.08.22	01:31:50.228	1.34170	1.34173			6
2025.08.22	01:31:50.535	1.34171	1.34174			6
2025.08.22	01:32:00.166	1.34171				2
2025.08.22	01:32:01.400	1.34169	1.34172			6
2025.08.22	01:32:01.707	1.34173	1.34176			6
2025.08.22	01:32:03.252	1.34171	1.34174			6
2025.08.22	01:32:03.863	1.34174	1.34176			6
2025.08.22	01:32:04.182	1.34171	1.34174			6
2025.08.22	01:32:07.569	1.34174	1.34176			6
2025.08.22	01:32:29.328	1.34171	1.34174			6
2025.08.22	01:32:31.512	1.34174	1.34176			6
2025.08.22	01:32:34.937	1.34171	1.34174			6
2025.08.22	01:32:35.255	1.34174	1.34176			6
2025.08.22	01:32:43.648	1.34175	1.34177			6
2025.08.22	01:32:43.968		1.34178			4
2025.08.22	01:32:48.944		1.34177			4
2025.08.22	01:32:54.552		1.34178			4
2025.08.22	01:33:00.153	1.34175				2
2025.08.22	01:33:05.421	1.34172	1.34175			6
2025.08.22	01:33:05.737	1.34175	1.34178			6
2025.08.22	01:33:27.169	1.34172	1.34175			6
2025.08.22	01:33:27.798	1.34171	1.34174			6
2025.08.22	01:33:34.023	1.34172	1.34175			6
2025.08.22	01:33:42.146	1.34175	1.34177			6
2025.08.22	01:33:56.469	1.34174				2
2025.08.22	01:33:58.330	1.34175				2
2025.08.22	01:34:00.187	1.34175				2
2025.08.22	01:34:05.785	1.34173	1.34176			6
2025.08.22	01:34:06.106	1.34174				2
2025.08.22	01:34:06.733		1.34177			4
2025.08.22	01:34:12.068	1.34171	1.34174			6
2025.08.22	01:34:15.822	1.34174	1.34177			6
2025.08.22	01:34:18.932	1.34175				2
2025.08.22	01:34:19.249	1.34174				2
2025.08.22	01:34:20.181	1.34171	1.34174			6
2025.08.22	01:34:26.733	1.34174	1.34177			6
2025.08.22	01:34:32.054	1.34171	1.34174			6
2025.08.22	01:34:32.359	1.34174	1.34177			6
2025.08.22	01:34:32.981	1.34171	1.34174			6
2025.08.22	01:34:33.302	1.34174	1.34176			6
2025.08.22	01:34:33.611	1.34171	1.34174			6
2025.08.22	01:34:34.229	1.34174	1.34176			6
2025.08.22	01:34:39.511		1.34177			4
2025.08.22	01:34:49.153	1.34175				2
2025.08.22	01:34:52.272	1.34174				2
2025.08.22	01:34:53.210	1.34171	1.34174			6
2025.08.22	01:34:53.522	1.34170	1.34173			6
2025.08.22	01:34:53.836	1.34174	1.34177			6
2025.08.22	01:35:00.083	1.34174				2
2025.08.22	01:35:01.023	1.34170	1.34173			6
2025.08.22	01:35:01.333	1.34174	1.34177			6
2025.08.22	01:35:02.277	1.34175				2
2025.08.22	01:35:02.584	1.34174				2
2025.08.22	01:35:22.545	1.34171	1.34174			6
2025.08.22	01:35:22.860	1.34174	1.34177			6
2025.08.22	01:35:26.275	1.34175	1.34178			6
2025.08.22	01:35:33.449	1.34176	1.34179			6
2025.08.22	01:36:00.240	1.34176				2
2025.08.22	01:36:04.597	1.34173	1.34176			6
2025.08.22	01:36:04.900	1.34176	1.34179			6
2025.08.22	01:36:32.992	1.34175	1.34178			6
2025.08.22	01:37:00.102	1.34175				2
2025.08.22	01:37:09.441	1.34173	1.34176			6
2025.08.22	01:37:09.762	1.34174	1.34177			6
2025.08.22	01:37:15.066	1.34172	1.34175			6
2025.08.22	01:37:15.372	1.34174	1.34177			6
2025.08.22	01:37:17.549	1.34175	1.34178			6
2025.08.22	01:37:17.863		1.34177			4
2025.08.22	01:37:35.526		1.34178			4
2025.08.22	01:37:35.830		1.34177			4
2025.08.22	01:37:37.374		1.34178			4
2025.08.22	01:37:42.337	1.34174	1.34175			6
2025.08.22	01:37:42.642	1.34176	1.34178			6
2025.08.22	01:37:42.949	1.34174	1.34175			6
2025.08.22	01:37:43.263	1.34176	1.34177			6
2025.08.22	01:37:43.568	1.34173	1.34175			6
2025.08.22	01:37:44.497	1.34176	1.34177			6
2025.08.22	01:37:44.801	1.34173	1.34175			6
2025.08.22	01:37:45.108	1.34176	1.34177			6
2025.08.22	01:37:45.726	1.34173	1.34176			6
2025.08.22	01:37:48.511	1.34178	1.34179			6
2025.08.22	01:37:48.816	1.34173	1.34176			6
2025.08.22	01:37:51.945	1.34175	1.34178			6
2025.08.22	01:37:53.496	1.34174	1.34176			6
2025.08.22	01:37:56.579	1.34175	1.34177			6
2025.08.22	01:37:56.893	1.34174				2
2025.08.22	01:38:00.306	1.34174				2
2025.08.22	01:38:00.623	1.34171	1.34174			6
2025.08.22	01:38:05.271	1.34172				2
2025.08.22	01:38:07.444	1.34171				2
2025.08.22	01:38:13.672	1.34174	1.34177			6
2025.08.22	01:38:13.976	1.34171	1.34174			6
2025.08.22	01:38:14.296	1.34174	1.34177			6
2025.08.22	01:38:20.453	1.34175	1.34178			6
2025.08.22	01:38:28.216	1.34174	1.34177			6
2025.08.22	01:38:29.153	1.34177	1.34180			6
2025.08.22	01:38:29.461	1.34174	1.34177			6
2025.08.22	01:38:30.388	1.34177	1.34180			6
2025.08.22	01:38:30.712	1.34174	1.34177			6
2025.08.22	01:38:31.322	1.34178	1.34181			6
2025.08.22	01:38:31.638	1.34174	1.34177			6
2025.08.22	01:38:32.261	1.34175				2
2025.08.22	01:38:32.570	1.34174				2
2025.08.22	01:38:33.497	1.34177	1.34180			6
2025.08.22	01:38:34.109	1.34176	1.34179			6
2025.08.22	01:38:34.721	1.34175	1.34178			6
2025.08.22	01:38:35.028	1.34176	1.34179			6
2025.08.22	01:38:35.654	1.34174	1.34177			6
2025.08.22	01:38:38.152	1.34176	1.34179			6
2025.08.22	01:38:55.255	1.34174	1.34177			6
2025.08.22	01:39:00.211	1.34174				2
2025.08.22	01:39:09.199	1.34176	1.34179			6
2025.08.22	01:39:16.670	1.34178	1.34180			6
2025.08.22	01:39:16.986	1.34176	1.34179			6
2025.08.22	01:39:21.338	1.34174	1.34177			6
2025.08.22	01:39:30.418	1.34177	1.34179			6
2025.08.22	01:39:31.361	1.34178	1.34181			6
2025.08.22	01:39:34.472	1.34176	1.34179			6
2025.08.22	01:39:37.289	1.34178	1.34181			6
2025.08.22	01:39:53.481	1.34177	1.34179			6
2025.08.22	01:39:53.791	1.34178	1.34181			6
2025.08.22	01:40:00.278	1.34178				2
2025.08.22	01:40:34.891	1.34175	1.34178			6
2025.08.22	01:40:35.198	1.34178	1.34181			6
2025.08.22	01:40:46.375	1.34179				2
2025.08.22	01:40:52.902	1.34175	1.34178			6
2025.08.22	01:40:54.419	1.34177	1.34180			6
2025.08.22	01:40:54.733	1.34176	1.34179			6
2025.08.22	01:40:55.348	1.34177	1.34180			6
2025.08.22	01:40:55.665	1.34176	1.34179			6
2025.08.22	01:40:56.284	1.34177	1.34180			6
2025.08.22	01:40:56.596	1.34176	1.34179			6
2025.08.22	01:40:58.448	1.34177	1.34180			6
2025.08.22	01:40:58.749	1.34176	1.34179			6
2025.08.22	01:41:00.300	1.34176				2
2025.08.22	01:41:00.607	1.34175	1.34178			6
2025.08.22	01:41:01.537	1.34177	1.34180			6
2025.08.22	01:41:01.838	1.34176	1.34179			6
2025.08.22	01:41:03.373	1.34174	1.34177			6
2025.08.22	01:41:03.688	1.34175	1.34178			6
2025.08.22	01:41:03.996	1.34174	1.34177			6
2025.08.22	01:41:04.925	1.34175	1.34178			6
2025.08.22	01:41:07.102	1.34174	1.34177			6
2025.08.22	01:41:08.033	1.34175	1.34178			6
2025.08.22	01:41:08.656	1.34174	1.34177			6
2025.08.22	01:41:08.976	1.34176	1.34179			6
2025.08.22	01:41:10.844	1.34174	1.34177			6
2025.08.22	01:41:11.171	1.34176	1.34179			6
2025.08.22	01:41:11.780	1.34174	1.34177			6
2025.08.22	01:41:12.085	1.34175	1.34178			6
2025.08.22	01:41:13.935	1.34176	1.34179			6
2025.08.22	01:41:24.544	1.34178	1.34181			6
2025.08.22	01:41:25.172	1.34177	1.34180			6
2025.08.22	01:41:27.348	1.34179	1.34182			6
2025.08.22	01:41:27.662	1.34177	1.34180			6
2025.08.22	01:41:39.744	1.34178	1.34181			6
2025.08.22	01:41:40.051	1.34177	1.34180			6
2025.08.22	01:41:40.366	1.34178	1.34181			6
2025.08.22	01:41:42.568	1.34177	1.34180			6
2025.08.22	01:42:00.234	1.34177				2
2025.08.22	01:42:11.096	1.34175	1.34178			6
2025.08.22	01:42:11.398	1.34177	1.34180			6
2025.08.22	01:42:12.955	1.34175	1.34178			6
2025.08.22	01:42:13.266	1.34176	1.34179			6
2025.08.22	01:42:14.198	1.34175	1.34178			6
2025.08.22	01:42:14.505	1.34177	1.34180			6
2025.08.22	01:42:15.443	1.34175	1.34178			6
2025.08.22	01:42:16.073	1.34177	1.34180			6
2025.08.22	01:42:17.321	1.34176	1.34179			6
2025.08.22	01:42:18.269	1.34175	1.34178			6
2025.08.22	01:42:18.574	1.34176	1.34179			6
2025.08.22	01:42:18.886	1.34173	1.34176			6
2025.08.22	01:42:19.199	1.34175	1.34178			6
2025.08.22	01:42:19.506	1.34177	1.34180			6
2025.08.22	01:42:29.742	1.34179	1.34182			6
2025.08.22	01:42:35.941	1.34183	1.34184			6
2025.08.22	01:42:36.244	1.34179	1.34182			6
2025.08.22	01:42:36.545	1.34180	1.34183			6
2025.08.22	01:42:37.494	1.34183	1.34184			6
2025.08.22	01:42:38.731	1.34178	1.34180			6
2025.08.22	01:42:39.041	1.34175	1.34178			6
2025.08.22	01:42:39.949	1.34178	1.34180			6
2025.08.22	01:42:45.562	1.34175	1.34178			6
2025.08.22	01:42:48.342	1.34174	1.34177			6
2025.08.22	01:42:49.255	1.34175	1.34178			6
2025.08.22	01:42:51.123	1.34174	1.34177			6
2025.08.22	01:42:52.048	1.34176	1.34179			6
2025.08.22	01:42:52.356	1.34175	1.34178			6
2025.08.22	01:42:52.981	1.34176	1.34179			6
2025.08.22	01:42:53.301	1.34175	1.34178			6
2025.08.22	01:42:55.156	1.34176	1.34179			6
2025.08.22	01:42:56.088	1.34174	1.34177			6
2025.08.22	01:42:58.276	1.34176	1.34179			6
2025.08.22	01:43:00.155	1.34176				2
2025.08.22	01:43:01.099	1.34174	1.34176			6
2025.08.22	01:43:03.578	1.34173				2
2025.08.22	01:43:04.208	1.34172	1.34175			6
2025.08.22	01:43:04.516	1.34174	1.34176			6
2025.08.22	01:43:07.309		1.34177			4
2025.08.22	01:43:18.197	1.34175	1.34178			6
2025.08.22	01:43:18.820	1.34173	1.34176			6
2025.08.22	01:43:19.124	1.34175	1.34178			6
2025.08.22	01:43:25.917	1.34173	1.34176			6
2025.08.22	01:43:33.320	1.34178	1.34181			6
2025.08.22	01:43:42.681	1.34183	1.34186			6
2025.08.22	01:43:59.710	1.34186	1.34187			6
2025.08.22	01:44:00.015	1.34183	1.34185			6
2025.08.22	01:44:00.332	1.34182				2
2025.08.22	01:44:14.591	1.34181	1.34184			6
2025.08.22	01:44:14.899	1.34182	1.34185			6
2025.08.22	01:44:15.820	1.34181	1.34184			6
2025.08.22	01:44:16.128	1.34182	1.34185			6
2025.08.22	01:44:17.695	1.34181	1.34184			6
2025.08.22	01:44:18.001	1.34182	1.34185			6
2025.08.22	01:44:18.308	1.34181	1.34184			6
2025.08.22	01:44:18.622	1.34182	1.34185			6
2025.08.22	01:44:19.877	1.34181	1.34184			6
2025.08.22	01:44:20.184	1.34182	1.34185			6
2025.08.22	01:44:20.808	1.34181	1.34184			6
2025.08.22	01:44:21.125	1.34182	1.34185			6
2025.08.22	01:44:21.436	1.34181	1.34184			6
2025.08.22	01:44:22.999	1.34180	1.34183			6
2025.08.22	01:44:23.935	1.34182	1.34184			6
2025.08.22	01:44:24.879	1.34180	1.34183			6
2025.08.22	01:44:25.184	1.34182	1.34184			6
2025.08.22	01:44:26.432	1.34180	1.34183			6
2025.08.22	01:44:26.751	1.34182	1.34185			6
2025.08.22	01:44:27.054	1.34180	1.34183			6
2025.08.22	01:44:27.361	1.34182	1.34185			6
2025.08.22	01:44:27.685	1.34180	1.34183			6
2025.08.22	01:44:27.984	1.34182	1.34185			6
2025.08.22	01:44:28.309	1.34180	1.34183			6
2025.08.22	01:44:28.611	1.34182	1.34185			6
2025.08.22	01:44:28.927		1.34184			4
2025.08.22	01:44:29.239	1.34181				2
2025.08.22	01:44:29.556	1.34182				2
2025.08.22	01:44:30.180		1.34185			4
2025.08.22	01:44:31.434	1.34180	1.34183			6
2025.08.22	01:44:32.048	1.34182	1.34185			6
2025.08.22	01:44:32.355	1.34180	1.34183			6
2025.08.22	01:44:32.664	1.34182	1.34185			6
2025.08.22	01:44:34.532	1.34180	1.34183			6
2025.08.22	01:44:34.843	1.34182	1.34185			6
2025.08.22	01:44:35.770	1.34180	1.34183			6
2025.08.22	01:44:36.071	1.34182	1.34185			6
2025.08.22	01:44:36.694	1.34180	1.34183			6
2025.08.22	01:44:37.010	1.34182	1.34185			6
2025.08.22	01:44:37.322	1.34180	1.34183			6
2025.08.22	01:44:37.624	1.34182	1.34185			6
2025.08.22	01:44:37.937	1.34181	1.34184			6
2025.08.22	01:44:38.246	1.34180	1.34183			6
2025.08.22	01:44:39.167	1.34181	1.34184			6
2025.08.22	01:44:41.642	1.34180	1.34183			6
2025.08.22	01:44:42.573	1.34181	1.34184			6
2025.08.22	01:44:42.879		1.34182			4
2025.08.22	01:44:43.188	1.34178	1.34181			6
2025.08.22	01:45:00.265	1.34178				2
2025.08.22	01:45:14.642		1.34180			4
2025.08.22	01:45:16.811		1.34181			4
2025.08.22	01:45:20.214		1.34180			4
2025.08.22	01:45:21.461	1.34175	1.34178			6
2025.08.22	01:45:32.613	1.34172	1.34175			6
2025.08.22	01:45:32.917	1.34175	1.34178			6
2025.08.22	01:46:00.237	1.34175				2
2025.08.22	01:46:33.152		1.34178			4
2025.08.22	01:46:38.747	1.34176				2
2025.08.22	01:46:44.637	1.34175				2
2025.08.22	01:46:44.941	1.34174	1.34176			6
2025.08.22	01:46:45.256		1.34177			4
2025.08.22	01:46:47.439	1.34177	1.34180			6
2025.08.22	01:46:49.315	1.34175	1.34176			6
2025.08.22	01:46:49.618	1.34176	1.34179			6
2025.08.22	01:46:49.931	1.34175	1.34176			6
2025.08.22	01:46:50.249	1.34176	1.34179			6
2025.08.22	01:46:51.491	1.34175	1.34176			6
2025.08.22	01:46:51.797	1.34176	1.34179			6
2025.08.22	01:46:52.732	1.34175	1.34178			6
2025.08.22	01:46:55.833	1.34178	1.34180			6
2025.08.22	01:46:56.148	1.34175	1.34178			6
2025.08.22	01:47:00.183	1.34175				2
2025.08.22	01:47:19.701	1.34172	1.34175			6
2025.08.22	01:47:20.016	1.34175	1.34178			6
2025.08.22	01:47:53.492	1.34176	1.34179			6
2025.08.22	01:47:58.129	1.34175	1.34178			6
2025.08.22	01:48:00.291	1.34175				2
2025.08.22	01:48:25.400	1.34178	1.34180			6
2025.08.22	01:48:25.707	1.34175	1.34178			6
2025.08.22	01:49:00.096	1.34175				2
2025.08.22	01:49:03.191	1.34176	1.34179			6
2025.08.22	01:49:03.806	1.34173	1.34176			6
2025.08.22	01:49:04.114	1.34176	1.34179			6
2025.08.22	01:49:27.346	1.34174	1.34177			6
2025.08.22	01:49:28.900	1.34175	1.34178			6
2025.08.22	01:50:00.139	1.34175				2
2025.08.22	01:50:04.177	1.34176	1.34179			6
2025.08.22	01:50:04.492	1.34175	1.34178			6
2025.08.22	01:50:04.798	1.34176	1.34179			6
2025.08.22	01:50:07.892	1.34177	1.34180			6
2025.08.22	01:50:08.208	1.34176	1.34179			6
2025.08.22	01:50:17.520	1.34177	1.34180			6
2025.08.22	01:50:30.224	1.34174	1.34177			6
2025.08.22	01:50:30.535	1.34177	1.34180			6
2025.08.22	01:50:37.678	1.34176	1.34179			6
2025.08.22	01:50:43.584	1.34175	1.34178			6
2025.08.22	01:51:00.285	1.34175				2
2025.08.22	01:51:07.108	1.34171	1.34174			6
2025.08.22	01:51:07.415	1.34175	1.34178			6
2025.08.22	01:51:09.276	1.34168	1.34171			6
2025.08.22	01:51:09.590	1.34167	1.34170			6
2025.08.22	01:51:10.208	1.34164	1.34167			6
2025.08.22	01:51:10.516	1.34167	1.34170			6
2025.08.22	01:51:11.442	1.34171	1.34174			6
2025.08.22	01:51:11.746	1.34174	1.34177			6
2025.08.22	01:51:12.658	1.34175	1.34178			6
2025.08.22	01:51:36.749	1.34174	1.34177			6
2025.08.22	01:51:37.982	1.34169	1.34172			6
2025.08.22	01:51:38.284	1.34170	1.34173			6
2025.08.22	01:51:39.227	1.34171	1.34174			6
2025.08.22	01:51:40.457	1.34172	1.34175			6
2025.08.22	01:51:47.278	1.34173	1.34176			6
2025.08.22	01:51:54.995	1.34174				2
2025.08.22	01:51:55.308	1.34173				2
2025.08.22	01:52:00.267	1.34173				2
2025.08.22	01:52:05.833	1.34174				2
2025.08.22	01:52:11.076	1.34170	1.34173			6
2025.08.22	01:52:11.384	1.34174	1.34176			6
2025.08.22	01:52:19.111	1.34173				2
2025.08.22	01:52:20.651	1.34174	1.34177			6
2025.08.22	01:52:43.588	1.34173	1.34176			6
2025.08.22	01:52:44.521	1.34174	1.34177			6
2025.08.22	01:52:46.076	1.34173	1.34176			6
2025.08.22	01:52:49.483	1.34174				2
2025.08.22	01:52:51.036	1.34173				2
2025.08.22	01:52:54.146	1.34174				2
2025.08.22	01:52:57.558	1.34173				2
2025.08.22	01:52:59.110	1.34174				2
2025.08.22	01:53:00.046	1.34174				2
2025.08.22	01:53:02.211	1.34169	1.34172			6
2025.08.22	01:53:02.525	1.34174	1.34176			6
2025.08.22	01:53:14.292	1.34173				2
2025.08.22	01:53:14.602	1.34174				2
2025.08.22	01:53:19.863	1.34173				2
2025.08.22	01:53:21.402	1.34174				2
2025.08.22	01:53:22.950	1.34173				2
2025.08.22	01:53:26.357	1.34174				2
2025.08.22	01:53:28.518	1.34175	1.34177			6
2025.08.22	01:54:00.067	1.34175				2
2025.08.22	01:54:01.623	1.34177	1.34180			6
2025.08.22	01:54:04.727	1.34174	1.34177			6
2025.08.22	01:54:05.036	1.34177	1.34180			6
2025.08.22	01:54:13.419	1.34178	1.34181			6
2025.08.22	01:54:16.517	1.34177	1.34180			6
2025.08.22	01:54:59.493	1.34182	1.34185			6
2025.08.22	01:54:59.801	1.34183	1.34186			6
2025.08.22	01:55:00.112	1.34183				2
2025.08.22	01:55:03.813	1.34181	1.34184			6
2025.08.22	01:55:04.123	1.34183	1.34186			6
2025.08.22	01:55:26.306		1.34185			4
2025.08.22	01:55:26.612		1.34186			4
2025.08.22	01:55:31.543	1.34179	1.34182			6
2025.08.22	01:55:35.265	1.34180				2
2025.08.22	01:55:35.587	1.34179				2
2025.08.22	01:55:41.733	1.34178	1.34181			6
2025.08.22	01:56:00.204	1.34178				2
2025.08.22	01:56:12.503	1.34177	1.34180			6
2025.08.22	01:56:12.811	1.34178	1.34181			6
2025.08.22	01:56:46.147	1.34176	1.34179			6
2025.08.22	01:56:47.071	1.34175	1.34178			6
2025.08.22	01:57:00.265	1.34175				2
2025.08.22	01:57:11.962	1.34178	1.34181			6
2025.08.22	01:57:12.381	1.34175	1.34178			6
2025.08.22	01:57:13.932	1.34177	1.34180			6
2025.08.22	01:57:24.077	1.34174	1.34177			6
2025.08.22	01:57:24.379	1.34176				2
2025.08.22	01:57:40.702	1.34175	1.34176			6
2025.08.22	01:57:45.958	1.34176	1.34177			6
2025.08.22	01:57:46.273	1.34175	1.34176			6
2025.08.22	01:58:00.108	1.34175				2
2025.08.22	01:58:13.375		1.34177			4
2025.08.22	01:58:21.468	1.34174				2
2025.08.22	01:58:22.403	1.34175				2
2025.08.22	01:58:27.315	1.34174	1.34176			6
2025.08.22	01:58:28.562	1.34175				2
2025.08.22	01:58:44.671	1.34178	1.34180			6
2025.08.22	01:58:44.972	1.34176	1.34178			6
2025.08.22	01:58:45.273		1.34177			4
2025.08.22	01:58:45.584	1.34175	1.34176			6
2025.08.22	01:58:47.746	1.34176	1.34177			6
2025.08.22	01:58:48.053	1.34175	1.34176			6
2025.08.22	01:58:51.124	1.34174	1.34175			6
2025.08.22	01:58:51.436	1.34175	1.34176			6
2025.08.22	01:58:54.207		1.34177			4
2025.08.22	01:58:56.046	1.34177	1.34180			6
2025.08.22	01:59:00.056	1.34177				2
2025.08.22	01:59:07.752		1.34179			4
2025.08.22	01:59:08.066		1.34180			4
2025.08.22	01:59:08.371		1.34179			4
2025.08.22	01:59:08.679		1.34180			4
2025.08.22	01:59:53.518	1.34179				2
2025.08.22	01:59:53.829	1.34177				2
2025.08.22	01:59:58.754		1.34178			4
2025.08.22	02:00:00.295	1.34177				2
2025.08.22	02:00:00.615		1.34180			4
2025.08.22	02:00:02.466	1.34178	1.34181			6
2025.08.22	02:00:04.605	1.34179	1.34182			6
2025.08.22	02:00:17.574	1.34180	1.34183			6
2025.08.22	02:00:17.892	1.34181				2
2025.08.22	02:00:18.200	1.34182	1.34185			6
2025.08.22	02:00:18.511	1.34183	1.34186			6
2025.08.22	02:00:20.677	1.34181	1.34182			6
2025.08.22	02:00:20.983	1.34180				2
2025.08.22	02:00:38.300	1.34179				2
2025.08.22	02:00:40.760	1.34180	1.34183			6
2025.08.22	02:00:51.531	1.34181	1.34184			6
2025.08.22	02:00:53.064		1.34183			4
2025.08.22	02:00:55.518	1.34183	1.34186			6
2025.08.22	02:00:58.282	1.34180	1.34182			6
2025.08.22	02:01:00.139	1.34180				2
2025.08.22	02:01:01.999	1.34178	1.34181			6
2025.08.22	02:01:03.881	1.34177	1.34180			6
2025.08.22	02:01:05.435	1.34174	1.34177			6
2025.08.22	02:01:05.738	1.34177	1.34180			6
2025.08.22	02:01:13.172		1.34179			4
2025.08.22	02:01:15.316	1.34176				2
2025.08.22	02:01:15.626	1.34177	1.34180			6
2025.08.22	02:01:20.602		1.34179			4
2025.08.22	02:01:31.126		1.34178			4
2025.08.22	02:01:31.435		1.34179			4
2025.08.22	02:01:31.751		1.34180			4
2025.08.22	02:01:32.365		1.34179			4
2025.08.22	02:01:41.611		1.34180			4
2025.08.22	02:01:41.917	1.34178	1.34181			6
2025.08.22	02:01:47.139	1.34177	1.34180			6
2025.08.22	02:02:00.105	1.34177				2
2025.08.22	02:02:12.238	1.34178	1.34181			6
2025.08.22	02:02:25.485	1.34179				2
2025.08.22	02:02:25.791	1.34178				2
2025.08.22	02:02:41.547	1.34179				2
2025.08.22	02:02:41.866	1.34178	1.34180			6
2025.08.22	02:02:42.488	1.34179	1.34181			6
2025.08.22	02:02:43.416	1.34178	1.34180			6
2025.08.22	02:02:43.719	1.34179	1.34181			6
2025.08.22	02:02:44.648	1.34178	1.34180			6
2025.08.22	02:02:44.957	1.34179	1.34181			6
2025.08.22	02:02:45.269	1.34178				2
2025.08.22	02:03:00.173	1.34178				2
2025.08.22	02:03:03.905	1.34176	1.34179			6
2025.08.22	02:03:04.222	1.34178	1.34181			6
2025.08.22	02:03:06.706	1.34177	1.34180			6
2025.08.22	02:03:26.527	1.34174	1.34175			6
2025.08.22	02:03:26.836	1.34168	1.34171			6
2025.08.22	02:03:29.922	1.34169	1.34172			6
2025.08.22	02:03:30.225	1.34168	1.34171			6
2025.08.22	02:03:46.314	1.34167	1.34170			6
2025.08.22	02:03:47.241	1.34166	1.34169			6
2025.08.22	02:04:00.185	1.34166				2
2025.08.22	02:04:06.661	1.34165	1.34168			6
2025.08.22	02:04:06.977	1.34166	1.34169			6
2025.08.22	02:04:12.244	1.34165	1.34168			6
2025.08.22	02:04:13.176	1.34166	1.34169			6
2025.08.22	02:04:22.811	1.34165	1.34168			6
2025.08.22	02:04:29.965	1.34164	1.34167			6
2025.08.22	02:04:30.267	1.34163	1.34166			6
2025.08.22	02:04:39.888	1.34160	1.34163			6
2025.08.22	02:04:40.196	1.34163	1.34166			6
2025.08.22	02:04:46.689	1.34158	1.34161			6
2025.08.22	02:05:00.033	1.34158				2
2025.08.22	02:05:01.890	1.34157	1.34160			6
2025.08.22	02:05:05.295	1.34158	1.34161			6
2025.08.22	02:05:09.614	1.34157	1.34160			6
2025.08.22	02:05:16.707	1.34158	1.34161			6
2025.08.22	02:05:30.899	1.34155	1.34158			6
2025.08.22	02:05:31.203	1.34158	1.34161			6
2025.08.22	02:05:41.749	1.34159	1.34162			6
2025.08.22	02:05:42.371	1.34158	1.34161			6
2025.08.22	02:05:45.178	1.34159	1.34162			6
2025.08.22	02:05:53.571	1.34167	1.34169			6
2025.08.22	02:05:54.193		1.34170			4
2025.08.22	02:05:55.410		1.34169			4
2025.08.22	02:05:57.588	1.34166				2
2025.08.22	02:05:59.452	1.34167				2
2025.08.22	02:06:00.065	1.34167				2
2025.08.22	02:06:00.375	1.34166	1.34168			6
2025.08.22	02:06:05.673		1.34167			4
2025.08.22	02:06:11.257		1.34168			4
2025.08.22	02:06:14.358	1.34165				2
2025.08.22	02:06:15.290	1.34166				2
2025.08.22	02:06:15.599		1.34169			4
2025.08.22	02:06:17.148	1.34167				2
2025.08.22	02:06:21.506		1.34168			4
2025.08.22	02:06:27.405	1.34166				2
2025.08.22	02:06:27.711	1.34168	1.34171			6
2025.08.22	02:06:31.142	1.34169				2
2025.08.22	02:06:31.457	1.34168				2
2025.08.22	02:06:37.046	1.34167	1.34170			6
2025.08.22	02:06:48.152		1.34169			4
2025.08.22	02:06:49.704		1.34170			4
2025.08.22	02:06:51.860	1.34168	1.34171			6
2025.08.22	02:06:52.788	1.34169	1.34172			6
2025.08.22	02:06:53.714	1.34170				2
2025.08.22	02:06:54.018	1.34169				2
2025.08.22	02:06:55.555	1.34168	1.34171			6
2025.08.22	02:07:00.210	1.34168				2
2025.08.22	02:07:31.516	1.34169	1.34172			6
2025.08.22	02:07:31.832	1.34168	1.34171			6
2025.08.22	02:07:37.700	1.34169	1.34172			6
2025.08.22	02:07:53.138	1.34168	1.34171			6
2025.08.22	02:08:00.286	1.34168				2
2025.08.22	02:08:04.635	1.34166	1.34169			6
2025.08.22	02:08:04.940	1.34169	1.34171			6
2025.08.22	02:08:07.432		1.34172			4
2025.08.22	02:08:11.154	1.34168	1.34171			6
2025.08.22	02:08:14.572	1.34169	1.34172			6
2025.08.22	02:08:19.245	1.34167	1.34170			6
2025.08.22	02:08:24.229		1.34169			4
2025.08.22	02:08:24.533	1.34165	1.34166			6
2025.08.22	02:08:25.451		1.34167			4
2025.08.22	02:08:26.071	1.34164				2
2025.08.22	02:08:26.388	1.34163	1.34166			6
2025.08.22	02:08:34.457	1.34164	1.34167			6
2025.08.22	02:08:41.572	1.34163	1.34166			6
2025.08.22	02:08:53.930	1.34158	1.34161			6
2025.08.22	02:08:54.235	1.34157	1.34160			6
2025.08.22	02:09:00.145	1.34157				2
2025.08.22	02:09:00.756	1.34158				2
2025.08.22	02:09:01.072	1.34157				2
2025.08.22	02:09:05.733	1.34158	1.34161			6
2025.08.22	02:09:31.943		1.34160			4
2025.08.22	02:09:33.180		1.34159			4
2025.08.22	02:09:33.484	1.34157				2
2025.08.22	02:09:38.725		1.34160			4
2025.08.22	02:09:49.021	1.34158	1.34161			6
2025.08.22	02:10:00.181	1.34157	1.34160			6
2025.08.22	02:10:14.355	1.34160	1.34161			6
2025.08.22	02:10:14.668	1.34157	1.34160			6
2025.08.22	02:10:27.037	1.34160	1.34161			6
2025.08.22	02:10:27.353	1.34157	1.34160			6
2025.08.22	02:10:50.625	1.34158	1.34161			6
2025.08.22	02:10:53.118	1.34160	1.34163			6
2025.08.22	02:10:57.160	1.34161				2
2025.08.22	02:11:00.265	1.34161				2
2025.08.22	02:11:17.674	1.34166	1.34169			6
2025.08.22	02:11:23.884	1.34167				2
2025.08.22	02:11:26.961		1.34170			4
2025.08.22	02:11:27.585		1.34169			4
2025.08.22	02:11:40.234		1.34168			4
2025.08.22	02:11:40.541	1.34166	1.34167			6
2025.08.22	02:11:41.473	1.34165				2
2025.08.22	02:11:49.518	1.34167	1.34170			6
2025.08.22	02:11:49.827	1.34166	1.34169			6
2025.08.22	02:11:52.600	1.34167				2
2025.08.22	02:11:53.523	1.34157	1.34160			6
2025.08.22	02:11:57.875		1.34159			4
2025.08.22	02:11:58.488		1.34160			4
2025.08.22	02:11:59.424		1.34158			4
2025.08.22	02:11:59.731	1.34159	1.34160			6
2025.08.22	02:12:00.039	1.34157	1.34158			6
2025.08.22	02:12:00.352	1.34159	1.34161			6
2025.08.22	02:12:00.661	1.34157	1.34158			6
2025.08.22	02:12:00.977	1.34159	1.34161			6
2025.08.22	02:12:01.288	1.34157	1.34158			6
2025.08.22	02:12:01.601	1.34159	1.34161			6
2025.08.22	02:12:01.909	1.34157	1.34158			6
2025.08.22	02:12:02.217	1.34159	1.34161			6
2025.08.22	02:12:02.532	1.34157	1.34158			6
2025.08.22	02:12:02.834	1.34159	1.34161			6
2025.08.22	02:12:03.153	1.34158				2
2025.08.22	02:12:05.005	1.34157	1.34160			6
2025.08.22	02:12:16.105		1.34158			4
2025.08.22	02:12:17.032	1.34156				2
2025.08.22	02:12:30.349	1.34152	1.34155			6
2025.08.22	02:12:30.664	1.34156	1.34158			6
2025.08.22	02:12:37.194	1.34155	1.34156			6
2025.08.22	02:12:37.499		1.34157			4
2025.08.22	02:12:43.689		1.34158			4
2025.08.22	02:12:45.559		1.34157			4
2025.08.22	02:13:00.176	1.34155				2
2025.08.22	02:13:06.996	1.34156				2
2025.08.22	02:13:07.315	1.34155				2
2025.08.22	02:13:11.347	1.34154				2
2025.08.22	02:13:16.325	1.34155				2
2025.08.22	02:13:19.129	1.34154				2
2025.08.22	02:13:29.388	1.34151	1.34154			6
2025.08.22	02:13:29.696	1.34154	1.34157			6
2025.08.22	02:13:45.304	1.34151	1.34154			6
2025.08.22	02:13:45.620	1.34154	1.34157			6
2025.08.22	02:13:49.688	1.34155				2
2025.08.22	02:13:55.299	1.34154				2
2025.08.22	02:14:00.297	1.34154				2
2025.08.22	02:14:07.779		1.34156			4
2025.08.22	02:14:20.519	1.34151	1.34152			6
2025.08.22	02:14:20.827	1.34148	1.34151			6
2025.08.22	02:14:42.188		1.34150			4
2025.08.22	02:14:43.114	1.34147				2
2025.08.22	02:14:52.085	1.34148	1.34151			6
2025.08.22	02:14:52.404	1.34149	1.34152			6
2025.08.22	02:14:58.317	1.34148	1.34151			6
2025.08.22	02:15:00.184	1.34148				2
2025.08.22	02:15:06.728	1.34147	1.34150			6
2025.08.22	02:15:21.305	1.34146	1.34147			6
2025.08.22	02:15:21.609	1.34147	1.34150			6
2025.08.22	02:15:47.051	1.34149	1.34152			6
2025.08.22	02:15:49.525	1.34147	1.34150			6
2025.08.22	02:15:54.206	1.34148				2
2025.08.22	02:16:00.119	1.34148				2
2025.08.22	02:16:00.434	1.34147				2
2025.08.22	02:16:33.709	1.34148	1.34151			6
2025.08.22	02:16:47.685	1.34145	1.34148			6
2025.08.22	02:16:47.989	1.34148	1.34151			6
2025.08.22	02:16:52.643	1.34150				2
2025.08.22	02:16:52.943	1.34148				2
2025.08.22	02:16:53.249	1.34147	1.34150			6
2025.08.22	02:16:58.523	1.34148	1.34151			6
2025.08.22	02:17:00.071	1.34147	1.34150			6
2025.08.22	02:17:01.311		1.34149			4
2025.08.22	02:17:01.615	1.34146				2
2025.08.22	02:17:04.392	1.34145	1.34146			6
2025.08.22	02:17:05.316		1.34147			4
2025.08.22	02:17:06.245	1.34146				2
2025.08.22	02:17:08.428	1.34145				2
2025.08.22	02:17:11.549	1.34141	1.34144			6
2025.08.22	02:17:12.478	1.34143	1.34146			6
2025.08.22	02:17:13.404	1.34145	1.34147			6
2025.08.22	02:17:24.528		1.34148			4
2025.08.22	02:17:24.836	1.34146				2
2025.08.22	02:17:34.101	1.34142	1.34145			6
2025.08.22	02:17:34.407	1.34146	1.34148			6
2025.08.22	02:17:40.270	1.34145				2
2025.08.22	02:17:41.198	1.34146				2
2025.08.22	02:17:50.189		1.34149			4
2025.08.22	02:17:57.666	1.34147	1.34150			6
2025.08.22	02:18:00.173	1.34147				2
2025.08.22	02:18:02.350	1.34148	1.34151			6
2025.08.22	02:18:04.221	1.34149	1.34152			6
2025.08.22	02:18:08.250	1.34156	1.34159			6
2025.08.22	02:18:08.865	1.34155	1.34158			6
2025.08.22	02:18:13.537	1.34153	1.34156			6
2025.08.22	02:18:13.844	1.34154	1.34157			6
2025.08.22	02:18:15.718	1.34155	1.34158			6
2025.08.22	02:18:16.021	1.34154	1.34157			6
2025.08.22	02:18:16.645	1.34151	1.34154			6
2025.08.22	02:18:16.950	1.34148	1.34151			6
2025.08.22	02:18:20.361	1.34149	1.34152			6
2025.08.22	02:18:24.705	1.34153	1.34156			6
2025.08.22	02:18:27.208	1.34152	1.34153			6
2025.08.22	02:18:27.513	1.34149	1.34152			6
2025.08.22	02:19:00.045	1.34149				2
2025.08.22	02:19:02.196	1.34154	1.34157			6
2025.08.22	02:19:02.505	1.34155	1.34158			6
2025.08.22	02:19:29.395	1.34151	1.34154			6
2025.08.22	02:19:29.702	1.34153	1.34156			6
2025.08.22	02:19:30.023	1.34154	1.34157			6
2025.08.22	02:19:31.272	1.34153	1.34156			6
2025.08.22	02:19:38.090	1.34154	1.34157			6
2025.08.22	02:19:39.017	1.34150	1.34153			6
2025.08.22	02:19:39.337	1.34154	1.34157			6
2025.08.22	02:19:47.374	1.34149	1.34152			6
2025.08.22	02:19:47.691	1.34148	1.34151			6
2025.08.22	02:20:00.051	1.34148				2
2025.08.22	02:20:00.365	1.34147	1.34150			6
2025.08.22	02:20:04.377	1.34146	1.34149			6
2025.08.22	02:20:04.697	1.34144	1.34146			6
2025.08.22	02:20:05.003	1.34146	1.34149			6
2025.08.22	02:20:05.927	1.34147	1.34150			6
2025.08.22	02:20:20.757	1.34148	1.34151			6
2025.08.22	02:20:26.941	1.34147	1.34150			6
2025.08.22	02:20:29.411	1.34148	1.34151			6
2025.08.22	02:20:53.574		1.34150			4
2025.08.22	02:20:53.881	1.34147				2
2025.08.22	02:20:54.809	1.34146	1.34149			6
2025.08.22	02:21:00.084	1.34146				2
2025.08.22	02:21:01.635	1.34147	1.34150			6
2025.08.22	02:21:12.749	1.34146	1.34149			6
2025.08.22	02:21:14.296	1.34147	1.34150			6
2025.08.22	02:21:21.428	1.34146	1.34149			6
2025.08.22	02:21:35.945	1.34148				2
2025.08.22	02:21:36.261		1.34151			4
2025.08.22	02:21:36.569	1.34147	1.34150			6
2025.08.22	02:21:53.906	1.34148	1.34151			6
2025.08.22	02:21:56.685	1.34153	1.34156			6
2025.08.22	02:21:56.988	1.34154	1.34157			6
2025.08.22	02:22:00.098	1.34154				2
2025.08.22	02:22:00.715	1.34155	1.34158			6
2025.08.22	02:22:02.265	1.34154	1.34157			6
2025.08.22	02:22:06.883	1.34155	1.34158			6
2025.08.22	02:22:08.115	1.34156	1.34159			6
2025.08.22	02:22:10.285	1.34155	1.34158			6
2025.08.22	02:22:15.846	1.34154	1.34157			6
2025.08.22	02:22:19.241	1.34155	1.34158			6
2025.08.22	02:22:33.470	1.34156	1.34159			6
2025.08.22	02:22:33.780	1.34155	1.34158			6
2025.08.22	02:22:34.397	1.34154	1.34157			6
2025.08.22	02:22:34.698	1.34155	1.34158			6
2025.08.22	02:22:42.699	1.34150	1.34152			6
2025.08.22	02:22:43.000	1.34149				2
2025.08.22	02:22:43.317	1.34153	1.34156			6
2025.08.22	02:22:43.619	1.34154	1.34157			6
2025.08.22	02:22:44.239	1.34153	1.34156			6
2025.08.22	02:23:00.263	1.34153				2
2025.08.22	02:23:03.668	1.34154	1.34157			6
2025.08.22	02:23:03.975	1.34153	1.34156			6
2025.08.22	02:23:05.834	1.34154	1.34157			6
2025.08.22	02:23:14.184	1.34153	1.34156			6
2025.08.22	02:23:16.961	1.34154	1.34157			6
2025.08.22	02:23:27.771	1.34153	1.34156			6
2025.08.22	02:23:30.869	1.34154	1.34157			6
2025.08.22	02:23:31.797	1.34155	1.34158			6
2025.08.22	02:23:43.550	1.34154	1.34157			6
2025.08.22	02:23:44.476	1.34155	1.34158			6
2025.08.22	02:23:52.843	1.34151	1.34152			6
2025.08.22	02:23:53.150	1.34154	1.34157			6
2025.08.22	02:23:53.457	1.34153	1.34156			6
2025.08.22	02:23:58.713	1.34154	1.34157			6
2025.08.22	02:23:59.023	1.34155	1.34158			6
2025.08.22	02:23:59.336	1.34154	1.34157			6
2025.08.22	02:24:00.257	1.34154				2
2025.08.22	02:24:04.589	1.34155	1.34158			6
2025.08.22	02:24:04.894	1.34157	1.34160			6
2025.08.22	02:24:05.203	1.34156	1.34159			6
2025.08.22	02:24:05.821	1.34157	1.34160			6
2025.08.22	02:24:06.130	1.34159	1.34162			6
2025.08.22	02:24:11.071	1.34160				2
2025.08.22	02:24:11.377	1.34159				2
2025.08.22	02:24:20.022	1.34160	1.34163			6
2025.08.22	02:24:40.285	1.34165	1.34168			6
2025.08.22	02:24:40.601	1.34166	1.34169			6
2025.08.22	02:24:44.000	1.34165	1.34168			6
2025.08.22	02:24:44.306	1.34166	1.34169			6
2025.08.22	02:24:47.696	1.34163	1.34166			6
2025.08.22	02:24:48.004	1.34166	1.34169			6
2025.08.22	02:25:00.057	1.34167	1.34170			6
2025.08.22	02:25:00.362	1.34166	1.34169			6
2025.08.22	02:25:08.750	1.34163	1.34166			6
2025.08.22	02:25:09.057	1.34166	1.34169			6
2025.08.22	02:25:29.030	1.34165	1.34168			6
2025.08.22	02:25:34.900	1.34163	1.34166			6
2025.08.22	02:25:35.815	1.34164	1.34167			6
2025.08.22	02:25:42.265	1.34165				2
2025.08.22	02:25:48.101	1.34160	1.34163			6
2025.08.22	02:25:59.497	1.34164	1.34167			6
2025.08.22	02:25:59.803	1.34166	1.34169			6
2025.08.22	02:26:00.117	1.34166				2
2025.08.22	02:26:01.962	1.34167				2
2025.08.22	02:26:07.810	1.34164	1.34167			6
2025.08.22	02:26:08.114	1.34167	1.34169			6
2025.08.22	02:26:17.669		1.34170			4
2025.08.22	02:26:17.975	1.34168	1.34171			6
2025.08.22	02:26:47.924	1.34169				2
2025.08.22	02:26:48.233	1.34168				2
2025.08.22	02:26:54.170	1.34166	1.34169			6
2025.08.22	02:26:59.756		1.34168			4
2025.08.22	02:27:00.064	1.34166				2
2025.08.22	02:27:00.382	1.34167	1.34170			6
2025.08.22	02:27:00.686		1.34169			4
2025.08.22	02:27:00.995	1.34166				2
2025.08.22	02:27:03.172		1.34168			4
2025.08.22	02:27:13.099	1.34165				2
2025.08.22	02:27:14.017	1.34166	1.34169			6
2025.08.22	02:27:14.963	1.34167				2
2025.08.22	02:27:15.265	1.34166				2
2025.08.22	02:27:29.812	1.34165	1.34168			6
2025.08.22	02:27:57.187	1.34166	1.34169			6
2025.08.22	02:28:00.266	1.34166				2
2025.08.22	02:28:06.731	1.34165	1.34168			6
2025.08.22	02:28:07.044	1.34166	1.34169			6
2025.08.22	02:28:07.353	1.34165	1.34168			6
2025.08.22	02:28:07.655	1.34166	1.34169			6
2025.08.22	02:28:08.583	1.34165	1.34168			6
2025.08.22	02:28:08.896	1.34166	1.34169			6
2025.08.22	02:28:10.752	1.34167	1.34170			6
2025.08.22	02:28:11.378	1.34165	1.34166			6
2025.08.22	02:28:11.682	1.34166	1.34169			6
2025.08.22	02:28:11.992	1.34165	1.34166			6
2025.08.22	02:28:12.301	1.34166	1.34169			6
2025.08.22	02:28:12.607	1.34168	1.34170			6
2025.08.22	02:28:12.914	1.34167				2
2025.08.22	02:28:13.218	1.34166	1.34169			6
2025.08.22	02:28:13.522	1.34165	1.34166			6
2025.08.22	02:28:13.828	1.34167	1.34170			6
2025.08.22	02:28:14.141	1.34165	1.34166			6
2025.08.22	02:28:15.067	1.34167	1.34170			6
2025.08.22	02:28:15.375		1.34169			4
2025.08.22	02:28:15.676	1.34166				2
2025.08.22	02:28:18.152	1.34165	1.34168			6
2025.08.22	02:28:23.380	1.34166	1.34169			6
2025.08.22	02:28:23.689	1.34165	1.34168			6
2025.08.22	02:28:26.463	1.34166	1.34169			6
2025.08.22	02:28:36.611	1.34165	1.34168			6
2025.08.22	02:28:40.644	1.34162	1.34164			6
2025.08.22	02:28:41.265	1.34161				2
2025.08.22	02:28:41.567	1.34160	1.34163			6
2025.08.22	02:28:44.651	1.34161	1.34164			6
2025.08.22	02:29:00.076	1.34161				2
2025.08.22	02:29:04.708	1.34160	1.34163			6
2025.08.22	02:29:05.624	1.34161	1.34164			6
2025.08.22	02:29:06.852	1.34160	1.34163			6
2025.08.22	02:29:07.165	1.34161	1.34164			6
2025.08.22	02:29:11.805	1.34158	1.34161			6
2025.08.22	02:29:12.114	1.34162	1.34164			6
2025.08.22	02:29:17.361	1.34166	1.34168			6
2025.08.22	02:29:17.663	1.34164	1.34167			6
2025.08.22	02:29:18.291	1.34163	1.34166			6
2025.08.22	02:29:19.537	1.34162	1.34165			6
2025.08.22	02:29:28.847	1.34161	1.34164			6
2025.08.22	02:29:31.010	1.34162	1.34165			6
2025.08.22	02:29:53.603	1.34163	1.34166			6
2025.08.22	02:29:55.775	1.34162	1.34165			6
2025.08.22	02:30:00.127	1.34163	1.34166			6
2025.08.22	02:30:00.757	1.34162	1.34165			6
2025.08.22	02:30:04.489	1.34163	1.34166			6
2025.08.22	02:30:08.542	1.34162	1.34165			6
2025.08.22	02:30:08.854	1.34163	1.34166			6
2025.08.22	02:30:09.164	1.34168	1.34171			6
2025.08.22	02:30:09.480	1.34169	1.34172			6
2025.08.22	02:30:10.104	1.34168	1.34171			6
2025.08.22	02:30:16.962	1.34169	1.34172			6
2025.08.22	02:30:22.573		1.34171			4
2025.08.22	02:30:30.317		1.34170			4
2025.08.22	02:30:32.173	1.34168				2
2025.08.22	02:30:34.974	1.34167				2
2025.08.22	02:30:38.699	1.34168	1.34171			6
2025.08.22	02:30:40.554		1.34170			4
2025.08.22	02:30:49.613	1.34167				2
2025.08.22	02:30:49.931		1.34169			4
2025.08.22	02:30:50.560	1.34168				2
2025.08.22	02:30:51.183	1.34167				2
2025.08.22	02:30:54.292	1.34164	1.34167			6
2025.08.22	02:30:54.610	1.34167	1.34169			6
2025.08.22	02:30:57.723	1.34169	1.34171			6
2025.08.22	02:31:00.216	1.34169				2
2025.08.22	02:31:10.156	1.34171	1.34174			6
2025.08.22	02:31:10.462	1.34177	1.34180			6
2025.08.22	02:31:21.355	1.34178				2
2025.08.22	02:31:21.666	1.34179				2
2025.08.22	02:31:22.292		1.34181			4
2025.08.22	02:31:22.603		1.34180			4
2025.08.22	02:31:31.555	1.34183	1.34186			6
2025.08.22	02:31:43.018	1.34182	1.34185			6
2025.08.22	02:31:43.324	1.34178	1.34180			6
2025.08.22	02:31:43.632		1.34181			4
2025.08.22	02:31:45.810		1.34180			4
2025.08.22	02:31:47.059	1.34176	1.34179			6
2025.08.22	02:31:47.368	1.34178	1.34180			6
2025.08.22	02:31:55.752		1.34181			4
2025.08.22	02:32:00.110	1.34178				2
2025.08.22	02:32:04.478		1.34180			4
2025.08.22	02:32:08.832		1.34181			4
2025.08.22	02:32:16.585	1.34182	1.34185			6
2025.08.22	02:32:17.209	1.34183	1.34186			6
2025.08.22	02:32:18.139	1.34184	1.34187			6
2025.08.22	02:32:18.777	1.34185	1.34188			6
2025.08.22	02:32:19.390	1.34187	1.34190			6
2025.08.22	02:32:19.697	1.34188				2
2025.08.22	02:32:20.011	1.34187				2
2025.08.22	02:32:33.363	1.34188				2
2025.08.22	02:33:00.061	1.34188				2
2025.08.22	02:33:00.366	1.34187	1.34189			6
2025.08.22	02:33:00.684		1.34190			4
2025.08.22	02:33:02.562	1.34186	1.34189			6
2025.08.22	02:33:02.875	1.34183	1.34185			6
2025.08.22	02:33:03.496	1.34182				2
2025.08.22	02:33:03.807	1.34181	1.34184			6
2025.08.22	02:33:04.115	1.34182	1.34185			6
2025.08.22	02:33:14.070	1.34181	1.34184			6
2025.08.22	02:33:23.105	1.34182	1.34185			6
2025.08.22	02:33:23.412	1.34181	1.34184			6
2025.08.22	02:33:38.941	1.34182	1.34185			6
2025.08.22	02:33:51.074	1.34183	1.34186			6
2025.08.22	02:33:51.381	1.34182	1.34185			6
2025.08.22	02:34:00.080	1.34182				2
2025.08.22	02:34:00.387	1.34181	1.34184			6
2025.08.22	02:34:00.694	1.34180	1.34182			6
2025.08.22	02:34:08.171	1.34181	1.34184			6
2025.08.22	02:34:17.506	1.34180	1.34183			6
2025.08.22	02:34:17.821	1.34181	1.34184			6
2025.08.22	02:34:19.996	1.34182	1.34185			6
2025.08.22	02:34:20.305	1.34180	1.34181			6
2025.08.22	02:34:20.614	1.34178				2
2025.08.22	02:34:26.198	1.34177	1.34180			6
2025.08.22	02:34:41.409	1.34176	1.34177			6
2025.08.22	02:34:41.717	1.34175				2
2025.08.22	02:34:42.965	1.34174				2
2025.08.22	02:34:56.600	1.34173	1.34176			6
2025.08.22	02:34:58.136	1.34174	1.34177			6
2025.08.22	02:35:00.296	1.34174				2
2025.08.22	02:35:03.394	1.34173	1.34176			6
2025.08.22	02:35:03.700	1.34174	1.34177			6
2025.08.22	02:35:26.198	1.34173	1.34176			6
2025.08.22	02:35:26.507	1.34174	1.34177			6
2025.08.22	02:35:33.022	1.34175	1.34178			6
2025.08.22	02:35:33.338	1.34174	1.34177			6
2025.08.22	02:35:33.960	1.34175				2
2025.08.22	02:35:34.889	1.34174				2
2025.08.22	02:35:37.062		1.34176			4
2025.08.22	02:35:37.368	1.34173				2
2025.08.22	02:35:44.809	1.34174	1.34177			6
2025.08.22	02:36:00.276	1.34174				2
2025.08.22	02:36:00.583	1.34177	1.34180			6
2025.08.22	02:36:00.891	1.34180	1.34181			6
2025.08.22	02:36:01.210	1.34179	1.34180			6
2025.08.22	02:36:01.523	1.34178	1.34179			6
2025.08.22	02:36:01.828	1.34177				2
2025.08.22	02:36:04.311	1.34175	1.34176			6
2025.08.22	02:36:04.617	1.34174	1.34177			6
2025.08.22	02:36:05.862		1.34176			4
2025.08.22	02:36:08.337		1.34177			4
2025.08.22	02:36:10.512		1.34176			4
2025.08.22	02:36:11.445	1.34173	1.34175			6
2025.08.22	02:36:13.929	1.34172				2
2025.08.22	02:36:20.134	1.34173	1.34176			6
2025.08.22	02:36:21.371	1.34174	1.34177			6
2025.08.22	02:36:22.311	1.34173	1.34176			6
2025.08.22	02:36:24.474	1.34174				2
2025.08.22	02:36:24.780	1.34173				2
2025.08.22	02:36:25.095		1.34175			4
2025.08.22	02:36:25.404		1.34176			4
2025.08.22	02:36:29.115		1.34175			4
2025.08.22	02:36:30.662		1.34176			4
2025.08.22	02:36:31.283		1.34175			4
2025.08.22	02:36:39.027	1.34172				2
2025.08.22	02:36:43.056	1.34174	1.34177			6
2025.08.22	02:36:43.364		1.34176			4
2025.08.22	02:36:44.295	1.34173				2
2025.08.22	02:36:52.943	1.34172	1.34175			6
2025.08.22	02:36:53.244	1.34173	1.34176			6
2025.08.22	02:36:54.156	1.34172	1.34175			6
2025.08.22	02:36:54.468	1.34173	1.34176			6
2025.08.22	02:37:00.038	1.34173				2
2025.08.22	02:37:02.505	1.34177	1.34179			6
2025.08.22	02:37:03.127	1.34178	1.34180			6
2025.08.22	02:37:03.432	1.34176	1.34178			6
2025.08.22	02:37:04.367	1.34175	1.34177			6
2025.08.22	02:37:04.678		1.34178			4
2025.08.22	02:37:04.985		1.34177			4
2025.08.22	02:37:05.297	1.34174				2
2025.08.22	02:37:18.562	1.34173	1.34176			6
2025.08.22	02:37:35.440	1.34175	1.34178			6
2025.08.22	02:37:37.891	1.34177				2
2025.08.22	02:37:38.202		1.34179			4
2025.08.22	02:37:39.428	1.34176				2
2025.08.22	02:37:43.427	1.34175	1.34176			6
2025.08.22	02:37:43.741	1.34176	1.34179			6
2025.08.22	02:37:44.048	1.34175	1.34176			6
2025.08.22	02:37:45.285	1.34176	1.34177			6
2025.08.22	02:37:45.592	1.34175	1.34176			6
2025.08.22	02:37:45.900	1.34176	1.34179			6
2025.08.22	02:37:46.208	1.34175	1.34176			6
2025.08.22	02:37:46.524	1.34176	1.34179			6
2025.08.22	02:37:46.831	1.34175	1.34176			6
2025.08.22	02:37:47.146	1.34176	1.34179			6
2025.08.22	02:38:00.160	1.34176				2
2025.08.22	02:38:01.405	1.34174	1.34177			6
2025.08.22	02:38:01.711	1.34176	1.34179			6
2025.08.22	02:38:07.295		1.34178			4
2025.08.22	02:38:13.825	1.34177				2
2025.08.22	02:38:41.398	1.34182	1.34185			6
2025.08.22	02:38:41.716	1.34183	1.34186			6
2025.08.22	02:38:44.511	1.34182	1.34185			6
2025.08.22	02:38:44.817	1.34183	1.34186			6
2025.08.22	02:38:48.844	1.34184	1.34187			6
2025.08.22	02:38:50.399		1.34186			4
2025.08.22	02:39:00.030	1.34184				2
2025.08.22	02:39:00.343		1.34187			4
2025.08.22	02:39:29.701	1.34183	1.34186			6
2025.08.22	02:39:30.618	1.34184	1.34187			6
2025.08.22	02:39:36.457	1.34186	1.34189			6
2025.08.22	02:39:36.760		1.34188			4
2025.08.22	02:39:37.369	1.34187				2
2025.08.22	02:39:38.613	1.34186				2
2025.08.22	02:39:42.935	1.34187				2
2025.08.22	02:39:45.406	1.34186				2
2025.08.22	02:39:47.889	1.34185				2
2025.08.22	02:39:55.576	1.34187				2
2025.08.22	02:39:55.890	1.34186	1.34189			6
2025.08.22	02:40:00.206	1.34186				2
2025.08.22	02:40:09.464	1.34185	1.34188			6
2025.08.22	02:40:09.775	1.34186	1.34189			6
2025.08.22	02:40:12.246	1.34185	1.34187			6
2025.08.22	02:40:12.860	1.34186	1.34188			6
2025.08.22	02:40:13.480	1.34185				2
2025.08.22	02:40:13.783	1.34186	1.34189			6
2025.08.22	02:40:51.291	1.34185	1.34188			6
2025.08.22	02:40:51.614	1.34186	1.34189			6
2025.08.22	02:40:59.960		1.34188			4
2025.08.22	02:41:00.264	1.34184	1.34186			6
2025.08.22	02:41:00.587		1.34187			4
2025.08.22	02:41:42.338	1.34182	1.34185			6
2025.08.22	02:41:42.645	1.34184	1.34187			6
2025.08.22	02:41:45.746		1.34186			4
2025.08.22	02:41:46.054	1.34183				2
2025.08.22	02:41:48.525	1.34182	1.34185			6
2025.08.22	02:41:48.835	1.34183	1.34186			6
2025.08.22	02:41:49.757	1.34182	1.34185			6
2025.08.22	02:41:50.371	1.34185	1.34188			6
2025.08.22	02:42:00.284	1.34186				2
2025.08.22	02:42:06.461	1.34183	1.34186			6
2025.08.22	02:42:07.073	1.34184	1.34187			6
2025.08.22	02:42:07.687	1.34183	1.34186			6
2025.08.22	02:42:17.590	1.34182	1.34185			6
2025.08.22	02:42:21.319	1.34183	1.34186			6
2025.08.22	02:42:21.625	1.34182	1.34185			6
2025.08.22	02:42:22.247	1.34183	1.34186			6
2025.08.22	02:42:30.293	1.34182	1.34185			6
2025.08.22	02:42:35.559	1.34183	1.34186			6
2025.08.22	02:42:41.123	1.34184	1.34187			6
2025.08.22	02:42:41.439	1.34186	1.34189			6
2025.08.22	02:42:41.746	1.34187				2
2025.08.22	02:42:42.049	1.34186				2
2025.08.22	02:42:47.937	1.34185	1.34188			6
2025.08.22	02:42:48.244	1.34187	1.34189			6
2025.08.22	02:42:48.557	1.34186				2
2025.08.22	02:42:49.808	1.34187				2
2025.08.22	02:42:51.680		1.34188			4
2025.08.22	02:42:51.986	1.34186				2
2025.08.22	02:43:00.050	1.34186				2
2025.08.22	02:43:00.358	1.34185				2
2025.08.22	02:43:01.285	1.34186				2
2025.08.22	02:43:09.648	1.34185				2
2025.08.22	02:43:17.069	1.34184	1.34187			6
2025.08.22	02:43:17.692	1.34183	1.34186			6
2025.08.22	02:43:20.475	1.34184	1.34187			6
2025.08.22	02:43:23.901	1.34186	1.34188			6
2025.08.22	02:43:33.223	1.34185				2
2025.08.22	02:43:33.543	1.34184	1.34187			6
2025.08.22	02:43:46.918	1.34183	1.34186			6
2025.08.22	02:43:47.221	1.34182	1.34185			6
2025.08.22	02:43:59.680	1.34183	1.34186			6
2025.08.22	02:44:00.300	1.34183				2
2025.08.22	02:44:01.223	1.34182	1.34185			6
2025.08.22	02:44:01.527	1.34183	1.34186			6
2025.08.22	02:44:03.090		1.34185			4
2025.08.22	02:44:03.411		1.34186			4
2025.08.22	02:44:04.347		1.34185			4
2025.08.22	02:44:05.609		1.34184			4
2025.08.22	02:44:05.913	1.34181				2
2025.08.22	02:44:11.495	1.34182	1.34185			6
2025.08.22	02:44:16.140	1.34183	1.34186			6
2025.08.22	02:44:18.923	1.34180	1.34182			6
2025.08.22	02:44:19.237	1.34183	1.34186			6
2025.08.22	02:44:20.791	1.34182	1.34185			6
2025.08.22	02:44:35.088	1.34183	1.34186			6
2025.08.22	02:44:51.524	1.34182	1.34185			6
2025.08.22	02:44:54.006	1.34181	1.34184			6
2025.08.22	02:45:00.173	1.34181				2
2025.08.22	02:45:01.416	1.34182	1.34185			6
2025.08.22	02:45:01.720	1.34183	1.34186			6
2025.08.22	02:45:05.740	1.34184	1.34187			6
2025.08.22	02:45:10.700	1.34183	1.34186			6
2025.08.22	02:45:11.004	1.34182	1.34185			6
2025.08.22	02:45:12.878	1.34183	1.34186			6
2025.08.22	02:45:16.599	1.34182	1.34185			6
2025.08.22	02:45:19.073	1.34181	1.34182			6
2025.08.22	02:45:19.389	1.34182	1.34185			6
2025.08.22	02:45:20.320	1.34183				2
2025.08.22	02:45:20.944	1.34184				2
2025.08.22	02:45:23.111	1.34183				2
2025.08.22	02:45:23.421	1.34184				2
2025.08.22	02:45:25.608	1.34183				2
2025.08.22	02:45:25.921	1.34184				2
2025.08.22	02:45:29.016	1.34183				2
2025.08.22	02:45:30.560	1.34182				2
2025.08.22	02:45:35.848	1.34183				2
2025.08.22	02:45:37.692	1.34184	1.34186			6
2025.08.22	02:45:38.317	1.34185				2
2025.08.22	02:45:38.937	1.34184				2
2025.08.22	02:45:39.552		1.34187			4
2025.08.22	02:45:40.173	1.34183	1.34186			6
2025.08.22	02:45:41.711	1.34184	1.34187			6
2025.08.22	02:45:42.642	1.34183	1.34186			6
2025.08.22	02:45:43.571	1.34184	1.34187			6
2025.08.22	02:45:43.878	1.34185	1.34188			6
2025.08.22	02:45:50.086	1.34183	1.34186			6
2025.08.22	02:45:50.395	1.34185	1.34188			6
2025.08.22	02:46:00.260	1.34185				2
2025.08.22	02:46:00.570	1.34184	1.34187			6
2025.08.22	02:46:00.875		1.34186			4
2025.08.22	02:46:01.189	1.34185	1.34187			6
2025.08.22	02:46:03.042	1.34186				2
2025.08.22	02:46:03.351	1.34185				2
2025.08.22	02:46:04.268	1.34184				2
2025.08.22	02:46:05.187	1.34185	1.34188			6
2025.08.22	02:46:20.264	1.34189	1.34192			6
2025.08.22	02:46:20.569	1.34195	1.34197			6
2025.08.22	02:46:20.881	1.34193	1.34196			6
2025.08.22	02:46:21.504	1.34192	1.34195			6
2025.08.22	02:46:23.684	1.34191	1.34194			6
2025.08.22	02:46:37.936	1.34192	1.34195			6
2025.08.22	02:46:40.115	1.34191	1.34194			6
2025.08.22	02:46:42.280	1.34190	1.34193			6
2025.08.22	02:46:43.206	1.34191	1.34194			6
2025.08.22	02:46:44.140	1.34192	1.34195			6
2025.08.22	02:46:44.449	1.34189	1.34191			6
2025.08.22	02:46:47.235	1.34188				2
2025.08.22	02:46:52.190		1.34190			4
2025.08.22	02:46:56.529	1.34192	1.34195			6
2025.08.22	02:46:58.075	1.34191	1.34194			6
2025.08.22	02:47:00.236	1.34191				2
2025.08.22	02:47:02.100	1.34189	1.34192			6
2025.08.22	02:47:02.415	1.34191	1.34194			6
2025.08.22	02:47:03.651	1.34193	1.34195			6
2025.08.22	02:47:03.957	1.34192				2
2025.08.22	02:47:08.613	1.34191	1.34194			6
2025.08.22	02:47:11.717	1.34192	1.34195			6
2025.08.22	02:47:22.838		1.34193			4
2025.08.22	02:47:23.453		1.34194			4
2025.08.22	02:47:24.383	1.34193	1.34196			6
2025.08.22	02:47:25.317	1.34194	1.34197			6
2025.08.22	02:47:29.050	1.34195				2
2025.08.22	02:47:31.823	1.34194				2
2025.08.22	02:47:46.953	1.34195	1.34198			6
2025.08.22	02:47:47.261	1.34196				2
2025.08.22	02:47:58.377	1.34197	1.34199			6
2025.08.22	02:48:00.217	1.34197				2
2025.08.22	02:48:01.133		1.34200			4
2025.08.22	02:48:02.376		1.34199			4
2025.08.22	02:48:03.293	1.34196				2
2025.08.22	02:48:15.913	1.34198				2
2025.08.22	02:48:16.225	1.34196				2
2025.08.22	02:48:19.902	1.34195	1.34198			6
2025.08.22	02:48:21.149		1.34197			4
2025.08.22	02:48:21.454	1.34194				2
2025.08.22	02:48:22.684	1.34195	1.34198			6
2025.08.22	02:48:30.066		1.34197			4
2025.08.22	02:48:30.375	1.34194				2
2025.08.22	02:48:30.982	1.34195				2
2025.08.22	02:48:31.910	1.34194				2
2025.08.22	02:48:33.143	1.34195				2
2025.08.22	02:48:36.839	1.34196	1.34198			6
2025.08.22	02:48:39.026	1.34197				2
2025.08.22	02:48:45.523	1.34196				2
2025.08.22	02:48:53.564	1.34197	1.34199			6
2025.08.22	02:49:00.079	1.34197				2
2025.08.22	02:49:02.242	1.34198				2
2025.08.22	02:49:18.271	1.34200	1.34201			6
2025.08.22	02:49:18.574	1.34198	1.34199			6
2025.08.22	02:49:51.134	1.34199	1.34200			6
2025.08.22	02:49:51.757	1.34196	1.34199			6
2025.08.22	02:49:52.063	1.34199	1.34200			6
2025.08.22	02:49:59.481	1.34198	1.34199			6
2025.08.22	02:50:00.093	1.34198				2
