<DATE>	<TIME>	<BID>	<ASK>	<LAST>	<VOLUME>	<FLAGS>
2025.10.15	00:03:30.936	1.33166	1.33256			6
2025.10.15	00:04:00.101	1.33166				2
2025.10.15	00:04:31.108		1.33256			4
2025.10.15	00:05:00.006	1.33166				2
2025.10.15	00:05:31.199		1.33256			4
2025.10.15	00:06:00.009	1.33166				2
2025.10.15	00:06:22.885	1.33136	1.33218			6
2025.10.15	00:06:51.311		1.33219			4
2025.10.15	00:07:00.258	1.33136				2
2025.10.15	00:07:22.562	1.33164	1.33223			6
2025.10.15	00:07:23.493	1.33165				2
2025.10.15	00:07:24.430	1.33166				2
2025.10.15	00:07:27.519		1.33256			4
2025.10.15	00:07:28.137		1.33255			4
2025.10.15	00:07:34.001	1.33182	1.33272			6
2025.10.15	00:07:52.248	1.33184	1.33274			6
2025.10.15	00:07:54.102	1.33186	1.33276			6
2025.10.15	00:08:00.282	1.33186				2
2025.10.15	00:08:04.602	1.33189	1.33279			6
2025.10.15	00:08:15.102	1.33190	1.33280			6
2025.10.15	00:08:19.438	1.33189	1.33279			6
2025.10.15	00:08:44.764	1.33191	1.33281			6
2025.10.15	00:08:45.070	1.33188	1.33278			6
2025.10.15	00:08:47.544	1.33186	1.33276			6
2025.10.15	00:08:50.950	1.33166	1.33256			6
2025.10.15	00:08:51.875	1.33164	1.33254			6
2025.10.15	00:08:56.198	1.33172	1.33262			6
2025.10.15	00:08:59.288	1.33143	1.33218			6
2025.10.15	00:08:59.907	1.33141				2
2025.10.15	00:09:00.221	1.33141				2
2025.10.15	00:09:00.532	1.33139				2
2025.10.15	00:09:01.449	1.33158	1.33255			6
2025.10.15	00:09:03.616		1.33256			4
2025.10.15	00:10:00.186	1.33158	1.33254			6
2025.10.15	00:10:11.627		1.33256			4
2025.10.15	00:11:00.049	1.33158				2
2025.10.15	00:11:11.769		1.33256			4
2025.10.15	00:11:27.807		1.33255			4
2025.10.15	00:11:29.050		1.33256			4
2025.10.15	00:12:00.193	1.33158				2
2025.10.15	00:12:29.161		1.33256			4
2025.10.15	00:13:00.040	1.33158				2
2025.10.15	00:13:29.393		1.33256			4
2025.10.15	00:14:00.288	1.33158				2
2025.10.15	00:14:29.645		1.33256			4
2025.10.15	00:15:00.264	1.33158				2
2025.10.15	00:15:29.945		1.33256			4
2025.10.15	00:16:00.218	1.33158				2
2025.10.15	00:16:01.457	1.33157				2
2025.10.15	00:16:30.199		1.33256			4
2025.10.15	00:17:00.230	1.33157				2
2025.10.15	00:17:30.488		1.33256			4
2025.10.15	00:18:00.158	1.33157				2
2025.10.15	00:18:30.733		1.33256			4
2025.10.15	00:19:00.064	1.33157				2
2025.10.15	00:19:30.939		1.33256			4
2025.10.15	00:20:00.246	1.33144	1.33269			6
2025.10.15	00:20:09.199		1.33268			4
2025.10.15	00:20:11.065		1.33269			4
2025.10.15	00:20:28.646		1.33268			4
2025.10.15	00:20:37.024		1.33263			4
2025.10.15	00:20:47.205		1.33262			4
2025.10.15	00:20:50.948		1.33261			4
2025.10.15	00:20:57.223		1.33266			4
2025.10.15	00:21:00.007	1.33144				2
2025.10.15	00:21:00.318		1.33262			4
2025.10.15	00:21:05.650		1.33261			4
2025.10.15	00:21:27.289		1.33260			4
2025.10.15	00:21:27.834		1.33262			4
2025.10.15	00:21:36.847		1.33261			4
2025.10.15	00:21:38.545		1.33262			4
2025.10.15	00:21:43.751		1.33261			4
2025.10.15	00:21:47.413		1.33262			4
2025.10.15	00:21:49.151		1.33261			4
2025.10.15	00:22:00.359	1.33146	1.33264			6
2025.10.15	00:22:01.289	1.33145	1.33262			6
2025.10.15	00:22:02.521	1.33146	1.33264			6
2025.10.15	00:22:04.078	1.33145				2
2025.10.15	00:22:09.616	1.33144	1.33263			6
2025.10.15	00:22:27.816		1.33262			4
2025.10.15	00:22:47.048		1.33263			4
2025.10.15	00:22:50.857		1.33261			4
2025.10.15	00:22:55.310	1.33190	1.33284			6
2025.10.15	00:22:55.611		1.33283			4
2025.10.15	00:22:55.919		1.33281			4
2025.10.15	00:22:56.533		1.33282			4
2025.10.15	00:22:58.669	1.33189	1.33276			6
2025.10.15	00:22:58.970		1.33278			4
2025.10.15	00:23:00.189	1.33189				2
2025.10.15	00:23:01.104		1.33279			4
2025.10.15	00:23:08.760	1.33191	1.33277			6
2025.10.15	00:23:11.517	1.33188	1.33275			6
2025.10.15	00:23:12.049	1.33189				2
2025.10.15	00:23:17.549	1.33186	1.33274			6
2025.10.15	00:23:27.948	1.33185	1.33271			6
2025.10.15	00:23:30.093		1.33273			4
2025.10.15	00:23:32.553	1.33204				2
2025.10.15	00:23:33.575		1.33270			4
2025.10.15	00:23:37.147	1.33162	1.33258			6
2025.10.15	00:23:37.764	1.33159	1.33255			6
2025.10.15	00:23:38.064		1.33257			4
2025.10.15	00:23:38.692	1.33160	1.33256			6
2025.10.15	00:23:38.999	1.33159	1.33258			6
2025.10.15	00:23:39.301		1.33257			4
2025.10.15	00:23:39.616		1.33256			4
2025.10.15	00:23:40.851	1.33158				2
2025.10.15	00:23:41.159	1.33157	1.33257			6
2025.10.15	00:23:41.468		1.33256			4
2025.10.15	00:23:42.083		1.33257			4
2025.10.15	00:23:42.393		1.33256			4
2025.10.15	00:23:42.698		1.33257			4
2025.10.15	00:23:43.006		1.33256			4
2025.10.15	00:23:43.316		1.33257			4
2025.10.15	00:23:43.626	1.33156	1.33256			6
2025.10.15	00:23:43.932	1.33157	1.33257			6
2025.10.15	00:23:44.244	1.33156				2
2025.10.15	00:23:44.553		1.33258			4
2025.10.15	00:23:44.867		1.33257			4
2025.10.15	00:23:46.080		1.33258			4
2025.10.15	00:23:46.393		1.33257			4
2025.10.15	00:23:46.703		1.33258			4
2025.10.15	00:23:47.014		1.33257			4
2025.10.15	00:23:48.249		1.33256			4
2025.10.15	00:23:48.865		1.33257			4
2025.10.15	00:23:49.489		1.33256			4
2025.10.15	00:23:49.797	1.33155				2
2025.10.15	00:23:50.099		1.33257			4
2025.10.15	00:23:50.725		1.33256			4
2025.10.15	00:23:51.035		1.33257			4
2025.10.15	00:23:51.342		1.33256			4
2025.10.15	00:23:51.967		1.33257			4
2025.10.15	00:23:52.591		1.33256			4
2025.10.15	00:23:53.213		1.33257			4
2025.10.15	00:23:53.529		1.33256			4
2025.10.15	00:23:53.830		1.33258			4
2025.10.15	00:23:54.147		1.33257			4
2025.10.15	00:23:54.768		1.33256			4
2025.10.15	00:23:55.382		1.33257			4
2025.10.15	00:23:55.691		1.33256			4
2025.10.15	00:23:55.999		1.33257			4
2025.10.15	00:23:56.614		1.33256			4
2025.10.15	00:23:57.230		1.33257			4
2025.10.15	00:23:57.539	1.33154	1.33256			6
2025.10.15	00:23:57.848		1.33257			4
2025.10.15	00:23:58.457		1.33256			4
2025.10.15	00:23:59.678		1.33257			4
2025.10.15	00:23:59.983		1.33256			4
2025.10.15	00:24:00.290	1.33154				2
2025.10.15	00:24:00.597		1.33257			4
2025.10.15	00:24:01.215		1.33256			4
2025.10.15	00:24:01.832		1.33257			4
2025.10.15	00:24:02.139	1.33153	1.33256			6
2025.10.15	00:24:02.759		1.33257			4
2025.10.15	00:24:03.683	1.33154				2
2025.10.15	00:24:05.230	1.33153				2
2025.10.15	00:24:08.637	1.33154				2
2025.10.15	00:24:09.255	1.33153				2
2025.10.15	00:24:10.492		1.33258			4
2025.10.15	00:24:12.039		1.33257			4
2025.10.15	00:24:12.654	1.33151				2
2025.10.15	00:24:13.588	1.33153	1.33258			6
2025.10.15	00:24:14.823	1.33151	1.33257			6
2025.10.15	00:24:16.684	1.33150	1.33255			6
2025.10.15	00:24:23.799		1.33254			4
2025.10.15	00:24:25.030	1.33149				2
2025.10.15	00:24:30.601	1.33165	1.33255			6
2025.10.15	00:24:30.914		1.33257			4
2025.10.15	00:24:31.222		1.33255			4
2025.10.15	00:24:40.771		1.33256			4
2025.10.15	00:24:44.164		1.33255			4
2025.10.15	00:24:45.089		1.33256			4
2025.10.15	00:24:46.321		1.33255			4
2025.10.15	00:24:47.244		1.33256			4
2025.10.15	00:24:48.169		1.33255			4
2025.10.15	00:24:49.101		1.33256			4
2025.10.15	00:24:49.723		1.33255			4
2025.10.15	00:24:50.646		1.33256			4
2025.10.15	00:24:53.122		1.33255			4
2025.10.15	00:24:54.972		1.33256			4
2025.10.15	00:24:59.593	1.33169				2
2025.10.15	00:25:01.147	1.33169				2
2025.10.15	00:25:04.459		1.33253			4
2025.10.15	00:25:06.041		1.33254			4
2025.10.15	00:25:08.947		1.33253			4
2025.10.15	00:25:10.149		1.33254			4
2025.10.15	00:25:10.456	1.33165				2
2025.10.15	00:25:16.625		1.33256			4
2025.10.15	00:25:18.787		1.33257			4
2025.10.15	00:25:20.022		1.33256			4
2025.10.15	00:25:22.194		1.33257			4
2025.10.15	00:25:23.427		1.33256			4
2025.10.15	00:25:24.356		1.33257			4
2025.10.15	00:25:25.280		1.33256			4
2025.10.15	00:25:26.210		1.33257			4
2025.10.15	00:25:30.533		1.33255			4
2025.10.15	00:25:47.538		1.33256			4
2025.10.15	00:25:48.775	1.33169				2
2025.10.15	00:25:50.178		1.33255			4
2025.10.15	00:25:51.249		1.33256			4
2025.10.15	00:25:52.495		1.33255			4
2025.10.15	00:25:57.733		1.33258			4
2025.10.15	00:25:59.346	1.33165	1.33257			6
2025.10.15	00:26:00.269	1.33165	1.33256			6
2025.10.15	00:26:02.437		1.33257			4
2025.10.15	00:26:04.289		1.33256			4
2025.10.15	00:26:20.067		1.33258			4
2025.10.15	00:26:30.267		1.33257			4
2025.10.15	00:26:30.881		1.33258			4
2025.10.15	00:26:47.275	1.33169				2
2025.10.15	00:26:58.003	1.33165				2
2025.10.15	00:27:00.174	1.33165	1.33260			6
2025.10.15	00:27:10.356		1.33258			4
2025.10.15	00:27:20.248		1.33256			4
2025.10.15	00:27:21.173		1.33258			4
2025.10.15	00:27:35.729		1.33259			4
2025.10.15	00:28:00.257	1.33165				2
2025.10.15	00:28:10.181		1.33260			4
2025.10.15	00:28:11.426		1.33261			4
2025.10.15	00:28:20.091		1.33259			4
2025.10.15	00:28:22.248	1.33169				2
2025.10.15	00:28:30.854		1.33260			4
2025.10.15	00:28:33.030	1.33165				2
2025.10.15	00:28:40.448		1.33261			4
2025.10.15	00:28:40.756		1.33260			4
2025.10.15	00:29:00.298	1.33165				2
2025.10.15	00:29:02.156		1.33257			4
2025.10.15	00:29:02.773		1.33258			4
2025.10.15	00:29:03.079		1.33260			4
2025.10.15	00:29:10.820		1.33261			4
2025.10.15	00:29:13.915	1.33170				2
2025.10.15	00:29:20.647		1.33260			4
2025.10.15	00:29:21.530		1.33259			4
2025.10.15	00:29:25.178	1.33165				2
2025.10.15	00:29:39.701		1.33260			4
2025.10.15	00:29:45.567		1.33262			4
2025.10.15	00:30:00.217	1.33165				2
2025.10.15	00:30:06.720	1.33170				2
2025.10.15	00:30:17.805	1.33165				2
2025.10.15	00:30:31.099	1.33170				2
2025.10.15	00:30:42.091	1.33165				2
2025.10.15	00:30:45.798		1.33262			4
2025.10.15	00:30:49.809		1.33260			4
2025.10.15	00:31:00.300	1.33165				2
2025.10.15	00:31:30.088		1.33261			4
2025.10.15	00:31:40.027		1.33260			4
2025.10.15	00:31:47.769	1.33170				2
2025.10.15	00:31:53.947		1.33259			4
2025.10.15	00:31:59.167	1.33165				2
2025.10.15	00:32:00.099	1.33165	1.33260			6
2025.10.15	00:32:10.315		1.33259			4
2025.10.15	00:32:22.425		1.33258			4
2025.10.15	00:32:23.671	1.33170				2
2025.10.15	00:32:34.861	1.33165				2
2025.10.15	00:32:37.643	1.33149				2
2025.10.15	00:32:38.265		1.33259			4
2025.10.15	00:32:38.568	1.33152	1.33261			6
2025.10.15	00:32:40.741	1.33151				2
2025.10.15	00:32:56.294	1.33152				2
2025.10.15	00:32:58.467	1.33150	1.33259			6
2025.10.15	00:33:00.022	1.33150				2
2025.10.15	00:33:00.962	1.33153	1.33258			6
2025.10.15	00:33:01.269		1.33259			4
2025.10.15	00:33:08.702	1.33155				2
2025.10.15	00:33:09.004		1.33255			4
2025.10.15	00:33:14.899		1.33249			4
2025.10.15	00:33:16.142		1.33250			4
2025.10.15	00:33:40.319		1.33251			4
2025.10.15	00:33:44.349		1.33250			4
2025.10.15	00:33:50.223		1.33249			4
2025.10.15	00:34:00.132	1.33155	1.33243			6
2025.10.15	00:34:01.062		1.33244			4
2025.10.15	00:34:03.962	1.33156				2
2025.10.15	00:34:07.990	1.33155				2
2025.10.15	00:34:16.391	1.33156	1.33242			6
2025.10.15	00:34:17.011		1.33241			4
2025.10.15	00:34:19.494	1.33155	1.33239			6
2025.10.15	00:34:23.840		1.33238			4
2025.10.15	00:34:27.558		1.33239			4
2025.10.15	00:34:35.941		1.33238			4
2025.10.15	00:34:40.276		1.33239			4
2025.10.15	00:34:52.656		1.33238			4
2025.10.15	00:35:00.095	1.33155				2
2025.10.15	00:35:10.337	1.33154				2
2025.10.15	00:35:10.957	1.33155	1.33240			6
2025.10.15	00:35:21.811	1.33154				2
2025.10.15	00:35:23.046		1.33239			4
2025.10.15	00:35:27.993		1.33240			4
2025.10.15	00:35:34.796	1.33155	1.33241			6
2025.10.15	00:35:37.590		1.33240			4
2025.10.15	00:35:47.481		1.33241			4
2025.10.15	00:35:48.092		1.33240			4
2025.10.15	00:36:00.181	1.33154				2
2025.10.15	00:36:01.114		1.33236			4
2025.10.15	00:36:02.970		1.33237			4
2025.10.15	00:36:11.657	1.33153	1.33233			6
2025.10.15	00:36:40.171	1.33152				2
2025.10.15	00:36:41.557		1.33229			4
2025.10.15	00:36:43.981		1.33227			4
2025.10.15	00:36:56.345		1.33229			4
2025.10.15	00:37:01.018	1.33152				2
2025.10.15	00:37:11.555		1.33232			4
2025.10.15	00:37:16.616		1.33233			4
2025.10.15	00:37:17.116		1.33234			4
2025.10.15	00:37:22.146		1.33235			4
2025.10.15	00:37:29.142		1.33234			4
2025.10.15	00:37:49.795		1.33233			4
2025.10.15	00:37:50.353		1.33235			4
2025.10.15	00:37:50.801	1.33153	1.33236			6
2025.10.15	00:37:58.565		1.33234			4
2025.10.15	00:37:58.872	1.33152				2
2025.10.15	00:38:00.053	1.33152				2
2025.10.15	00:38:06.620		1.33230			4
2025.10.15	00:38:09.007		1.33224			4
2025.10.15	00:38:11.475		1.33223			4
2025.10.15	00:38:21.621		1.33226			4
2025.10.15	00:38:28.260		1.33225			4
2025.10.15	00:38:31.887		1.33226			4
2025.10.15	00:38:36.621		1.33230			4
2025.10.15	00:38:43.080		1.33229			4
2025.10.15	00:38:45.483		1.33230			4
2025.10.15	00:38:46.702		1.33227			4
2025.10.15	00:38:51.408		1.33219			4
2025.10.15	00:38:52.311		1.33221			4
2025.10.15	00:38:54.518		1.33220			4
2025.10.15	00:38:55.773		1.33221			4
2025.10.15	00:39:00.248	1.33152				2
2025.10.15	00:39:01.914		1.33220			4
2025.10.15	00:39:05.259		1.33221			4
2025.10.15	00:39:06.862		1.33224			4
2025.10.15	00:39:21.560		1.33225			4
2025.10.15	00:39:36.559		1.33227			4
2025.10.15	00:39:39.780		1.33228			4
2025.10.15	00:39:44.773		1.33227			4
2025.10.15	00:39:45.950		1.33221			4
2025.10.15	00:39:51.235		1.33220			4
2025.10.15	00:40:00.352	1.33152				2
2025.10.15	00:40:04.642		1.33224			4
2025.10.15	00:40:04.959		1.33229			4
2025.10.15	00:40:06.051		1.33234			4
2025.10.15	00:40:10.081		1.33231			4
2025.10.15	00:40:10.933		1.33230			4
2025.10.15	00:40:13.091		1.33229			4
2025.10.15	00:40:17.351		1.33230			4
2025.10.15	00:40:20.076		1.33234			4
2025.10.15	00:40:21.051	1.33156	1.33236			6
2025.10.15	00:40:25.275	1.33152				2
2025.10.15	00:40:35.505	1.33153	1.33237			6
2025.10.15	00:40:38.921		1.33236			4
2025.10.15	00:41:00.098	1.33153				2
2025.10.15	00:41:00.403		1.33237			4
2025.10.15	00:41:01.950	1.33152	1.33235			6
2025.10.15	00:41:05.329	1.33153				2
2025.10.15	00:41:07.482	1.33152	1.33234			6
2025.10.15	00:41:08.749		1.33235			4
2025.10.15	00:41:10.788		1.33236			4
2025.10.15	00:41:14.259	1.33153	1.33235			6
2025.10.15	00:41:14.568	1.33152	1.33234			6
2025.10.15	00:41:14.986		1.33231			4
2025.10.15	00:41:17.920	1.33156	1.33232			6
2025.10.15	00:41:28.618	1.33152				2
2025.10.15	00:41:32.648		1.33231			4
2025.10.15	00:41:34.910		1.33230			4
2025.10.15	00:41:35.394		1.33231			4
2025.10.15	00:41:35.801		1.33232			4
2025.10.15	00:41:41.571		1.33235			4
2025.10.15	00:41:42.052		1.33236			4
2025.10.15	00:41:47.250		1.33233			4
2025.10.15	00:41:50.359		1.33232			4
2025.10.15	00:42:00.434	1.33152				2
2025.10.15	00:42:00.739		1.33231			4
2025.10.15	00:42:09.547		1.33232			4
2025.10.15	00:42:30.349		1.33236			4
2025.10.15	00:42:40.354		1.33235			4
2025.10.15	00:42:48.745	1.33156				2
2025.10.15	00:42:59.094		1.33233			4
2025.10.15	00:42:59.442	1.33152				2
2025.10.15	00:43:01.430	1.33152	1.33235			6
2025.10.15	00:43:04.925	1.33151	1.33233			6
2025.10.15	00:43:06.481		1.33235			4
2025.10.15	00:43:26.653	1.33152				2
2025.10.15	00:43:40.298		1.33236			4
2025.10.15	00:43:41.229	1.33162				2
2025.10.15	00:43:43.912		1.33238			4
2025.10.15	00:43:50.351		1.33237			4
2025.10.15	00:43:52.505	1.33156				2
2025.10.15	00:43:55.051		1.33238			4
2025.10.15	00:44:00.353	1.33156	1.33239			6
2025.10.15	00:44:32.349		1.33240			4
2025.10.15	00:44:50.949		1.33241			4
2025.10.15	00:44:52.506	1.33153				2
2025.10.15	00:44:59.999		1.33239			4
2025.10.15	00:45:00.311	1.33153				2
2025.10.15	00:45:03.093		1.33243			4
2025.10.15	00:45:06.496		1.33239			4
2025.10.15	00:45:11.013	1.33169	1.33223			6
2025.10.15	00:45:22.054		1.33222			4
2025.10.15	00:45:50.231		1.33223			4
2025.10.15	00:45:50.851		1.33224			4
2025.10.15	00:45:59.193		1.33225			4
2025.10.15	00:46:00.119	1.33170	1.33224			6
2025.10.15	00:46:42.789	1.33169	1.33222			6
2025.10.15	00:46:44.022		1.33221			4
2025.10.15	00:46:59.479		1.33222			4
2025.10.15	00:47:00.099	1.33169	1.33223			6
2025.10.15	00:47:01.025	1.33170	1.33224			6
2025.10.15	00:47:03.182		1.33228			4
2025.10.15	00:47:06.591		1.33224			4
2025.10.15	00:47:52.947		1.33225			4
2025.10.15	00:48:00.052	1.33170				2
2025.10.15	00:48:01.284		1.33224			4
2025.10.15	00:48:05.941		1.33223			4
2025.10.15	00:48:15.524		1.33224			4
2025.10.15	00:48:20.168		1.33223			4
2025.10.15	00:48:30.082		1.33224			4
2025.10.15	00:48:40.323		1.33223			4
2025.10.15	00:49:00.179	1.33170				2
2025.10.15	00:49:00.797		1.33224			4
2025.10.15	00:49:01.722		1.33225			4
2025.10.15	00:49:02.037	1.33171				2
2025.10.15	00:49:04.827		1.33226			4
2025.10.15	00:49:20.319		1.33227			4
2025.10.15	00:49:30.271		1.33226			4
2025.10.15	00:49:52.287	1.33173				2
2025.10.15	00:49:57.541	1.33171				2
2025.10.15	00:50:00.041	1.33171				2
2025.10.15	00:50:00.357		1.33228			4
2025.10.15	00:50:03.460		1.33227			4
2025.10.15	00:50:07.794	1.33170	1.33226			6
2025.10.15	00:50:19.587		1.33225			4
2025.10.15	00:50:31.365	1.33171	1.33227			6
2025.10.15	00:50:51.206		1.33226			4
2025.10.15	00:50:57.711	1.33173				2
2025.10.15	00:51:00.192	1.33173				2
2025.10.15	00:51:01.429		1.33225			4
2025.10.15	00:51:02.344		1.33226			4
2025.10.15	00:51:05.450	1.33171				2
2025.10.15	00:51:10.094		1.33228			4
2025.10.15	00:51:17.210		1.33227			4
2025.10.15	00:51:20.001		1.33228			4
2025.10.15	00:51:20.319		1.33226			4
2025.10.15	00:51:44.489		1.33228			4
2025.10.15	00:51:50.077		1.33226			4
2025.10.15	00:52:00.029	1.33171				2
2025.10.15	00:52:05.312	1.33173				2
2025.10.15	00:52:44.959		1.33225			4
2025.10.15	00:52:50.246		1.33226			4
2025.10.15	00:52:50.866		1.33227			4
2025.10.15	00:53:00.185	1.33173				2
2025.10.15	00:53:05.454	1.33171				2
2025.10.15	00:53:24.380		1.33228			4
2025.10.15	00:53:30.273		1.33227			4
2025.10.15	00:54:00.263	1.33171				2
2025.10.15	00:54:05.221	1.33173				2
2025.10.15	00:54:10.193		1.33228			4
2025.10.15	00:54:20.112		1.33227			4
2025.10.15	00:54:32.772		1.33228			4
2025.10.15	00:54:42.086		1.33229			4
2025.10.15	00:54:43.023		1.33228			4
2025.10.15	00:54:44.570		1.33229			4
2025.10.15	00:54:50.146		1.33228			4
2025.10.15	00:55:00.072	1.33173				2
2025.10.15	00:55:03.160		1.33227			4
2025.10.15	00:55:05.329	1.33174				2
2025.10.15	00:55:10.621	1.33171	1.33226			6
2025.10.15	00:55:20.233	1.33172	1.33228			6
2025.10.15	00:55:21.781	1.33168	1.33216			6
2025.10.15	00:55:24.253	1.33174				2
2025.10.15	00:55:31.042	1.33163				2
2025.10.15	00:55:34.769	1.33175	1.33230			6
2025.10.15	00:55:35.387		1.33231			4
2025.10.15	00:55:37.237		1.33232			4
2025.10.15	00:55:39.401		1.33235			4
2025.10.15	00:55:41.254		1.33236			4
2025.10.15	00:55:48.040		1.33237			4
2025.10.15	00:55:48.968		1.33238			4
2025.10.15	00:56:00.102	1.33175				2
2025.10.15	00:56:12.180	1.33174	1.33229			6
2025.10.15	00:56:14.647		1.33230			4
2025.10.15	00:56:15.585		1.33229			4
2025.10.15	00:56:24.269		1.33230			4
2025.10.15	00:56:31.699		1.33231			4
2025.10.15	00:56:35.722	1.33175				2
2025.10.15	00:56:44.689		1.33232			4
2025.10.15	00:56:50.250		1.33237			4
2025.10.15	00:56:50.559		1.33240			4
2025.10.15	00:56:53.963		1.33241			4
2025.10.15	00:56:54.892		1.33242			4
2025.10.15	00:57:00.159	1.33175	1.33241			6
2025.10.15	00:57:00.460		1.33240			4
2025.10.15	00:57:00.768		1.33241			4
2025.10.15	00:57:02.630		1.33242			4
2025.10.15	00:57:04.802		1.33243			4
2025.10.15	00:57:05.419		1.33242			4
2025.10.15	00:57:09.442		1.33244			4
2025.10.15	00:57:10.061		1.33236			4
2025.10.15	00:57:10.364		1.33243			4
2025.10.15	00:57:10.682		1.33244			4
2025.10.15	00:57:11.607		1.33243			4
2025.10.15	00:57:12.223		1.33244			4
2025.10.15	00:57:12.838		1.33243			4
2025.10.15	00:57:13.447		1.33244			4
2025.10.15	00:57:13.763		1.33243			4
2025.10.15	00:57:14.376		1.33244			4
2025.10.15	00:57:20.260		1.33238			4
2025.10.15	00:57:20.579		1.33245			4
2025.10.15	00:57:24.941		1.33246			4
2025.10.15	00:57:25.547		1.33245			4
2025.10.15	00:57:26.479		1.33246			4
2025.10.15	00:57:27.412		1.33245			4
2025.10.15	00:57:30.215		1.33239			4
2025.10.15	00:57:34.535		1.33240			4
2025.10.15	00:57:34.840	1.33171	1.33245			6
2025.10.15	00:57:43.179		1.33247			4
2025.10.15	00:57:49.373		1.33248			4
2025.10.15	00:57:50.294		1.33243			4
2025.10.15	00:57:54.005		1.33244			4
2025.10.15	00:58:00.181	1.33171				2
2025.10.15	00:58:10.067		1.33247			4
2025.10.15	00:58:10.374		1.33248			4
2025.10.15	00:58:13.161		1.33244			4
2025.10.15	00:58:15.329		1.33243			4
2025.10.15	00:58:15.637		1.33246			4
2025.10.15	00:58:16.560		1.33252			4
2025.10.15	00:58:17.490		1.33253			4
2025.10.15	00:58:20.261		1.33249			4
2025.10.15	00:58:20.563		1.33250			4
2025.10.15	00:58:34.990	1.33170				2
2025.10.15	00:58:35.600		1.33251			4
2025.10.15	00:58:40.229		1.33254			4
2025.10.15	00:58:50.113		1.33252			4
2025.10.15	00:59:00.304	1.33170				2
2025.10.15	00:59:02.776		1.33248			4
2025.10.15	00:59:13.281		1.33249			4
2025.10.15	00:59:27.514		1.33247			4
2025.10.15	00:59:30.305		1.33250			4
2025.10.15	00:59:30.919		1.33253			4
2025.10.15	00:59:34.944	1.33171				2
2025.10.15	00:59:41.142		1.33254			4
2025.10.15	00:59:55.373		1.33252			4
2025.10.15	00:59:56.618		1.33251			4
2025.10.15	00:59:57.237		1.33252			4
2025.10.15	01:00:00.006	1.33171				2
2025.10.15	01:00:00.320	1.33146	1.33267			6
2025.10.15	01:00:00.682		1.33257			4
2025.10.15	01:00:00.993	1.33147	1.33255			6
2025.10.15	01:00:01.299	1.33146	1.33246			6
2025.10.15	01:00:01.616	1.33150	1.33232			6
2025.10.15	01:00:01.926	1.33146	1.33222			6
2025.10.15	01:00:02.241	1.33149				2
2025.10.15	01:00:03.185	1.33146	1.33254			6
2025.10.15	01:00:03.499		1.33256			4
2025.10.15	01:00:04.751		1.33260			4
2025.10.15	01:00:06.612	1.33171	1.33222			6
2025.10.15	01:00:06.920	1.33175				2
2025.10.15	01:00:23.695	1.33170	1.33217			6
2025.10.15	01:00:24.000	1.33174				2
2025.10.15	01:00:27.093	1.33188	1.33205			6
2025.10.15	01:00:28.339	1.33182	1.33203			6
2025.10.15	01:00:28.642		1.33202			4
2025.10.15	01:00:29.866		1.33204			4
2025.10.15	01:00:36.898	1.33176				2
2025.10.15	01:00:37.205	1.33188	1.33194			6
2025.10.15	01:00:37.511	1.33184				2
2025.10.15	01:00:37.820		1.33195			4
2025.10.15	01:00:41.793	1.33188	1.33200			6
2025.10.15	01:00:42.100	1.33191	1.33202			6
2025.10.15	01:00:42.405	1.33190	1.33200			6
2025.10.15	01:00:44.535	1.33188	1.33201			6
2025.10.15	01:00:49.139		1.33202			4
2025.10.15	01:00:50.373	1.33189	1.33201			6
2025.10.15	01:00:55.298	1.33188				2
2025.10.15	01:00:57.143	1.33189				2
2025.10.15	01:00:57.445	1.33192				2
2025.10.15	01:00:58.673	1.33193				2
2025.10.15	01:01:00.204	1.33194	1.33197			6
2025.10.15	01:01:03.586	1.33189	1.33202			6
2025.10.15	01:01:05.121	1.33188	1.33203			6
2025.10.15	01:01:05.430	1.33187				2
2025.10.15	01:01:06.973		1.33206			4
2025.10.15	01:01:07.896	1.33190	1.33207			6
2025.10.15	01:01:13.095	1.33193				2
2025.10.15	01:01:14.929	1.33194	1.33206			6
2025.10.15	01:01:20.134		1.33207			4
2025.10.15	01:01:24.121	1.33190				2
2025.10.15	01:01:30.260		1.33206			4
2025.10.15	01:01:35.169	1.33193				2
2025.10.15	01:01:36.701		1.33205			4
2025.10.15	01:01:37.307		1.33206			4
2025.10.15	01:01:37.928		1.33205			4
2025.10.15	01:01:38.848		1.33203			4
2025.10.15	01:01:42.844		1.33205			4
2025.10.15	01:01:46.197	1.33187				2
2025.10.15	01:01:58.159		1.33203			4
2025.10.15	01:02:00.304	1.33187				2
2025.10.15	01:02:01.222	1.33190	1.33207			6
2025.10.15	01:02:03.365		1.33206			4
2025.10.15	01:02:06.133	1.33199	1.33211			6
2025.10.15	01:02:07.353	1.33203	1.33206			6
2025.10.15	01:02:11.373	1.33200	1.33214			6
2025.10.15	01:02:11.676	1.33199	1.33213			6
2025.10.15	01:02:13.827		1.33212			4
2025.10.15	01:02:16.583	1.33191	1.33207			6
2025.10.15	01:02:19.972		1.33206			4
2025.10.15	01:02:20.279	1.33189	1.33204			6
2025.10.15	01:02:21.499	1.33190	1.33203			6
2025.10.15	01:02:22.725	1.33189				2
2025.10.15	01:02:23.949	1.33190				2
2025.10.15	01:02:29.483	1.33189	1.33205			6
2025.10.15	01:02:31.613	1.33190	1.33203			6
2025.10.15	01:02:34.060	1.33189	1.33204			6
2025.10.15	01:02:34.673	1.33191	1.33203			6
2025.10.15	01:02:38.950	1.33193	1.33196			6
2025.10.15	01:03:00.110	1.33193				2
2025.10.15	01:03:39.090		1.33196			4
2025.10.15	01:03:59.361	1.33199	1.33202			6
2025.10.15	01:03:59.665	1.33202	1.33205			6
2025.10.15	01:03:59.967	1.33203	1.33206			6
2025.10.15	01:04:00.273	1.33203				2
2025.10.15	01:04:03.651	1.33204	1.33207			6
2025.10.15	01:04:04.572	1.33203	1.33206			6
2025.10.15	01:04:58.906	1.33200	1.33214			6
2025.10.15	01:05:00.150	1.33204	1.33207			6
2025.10.15	01:05:00.456	1.33200	1.33203			6
2025.10.15	01:05:01.382	1.33199	1.33202			6
2025.10.15	01:05:05.356	1.33200	1.33203			6
2025.10.15	01:05:05.662	1.33199	1.33202			6
2025.10.15	01:05:13.313	1.33194	1.33197			6
2025.10.15	01:05:15.157	1.33193	1.33196			6
2025.10.15	01:05:15.464	1.33192	1.33195			6
2025.10.15	01:05:16.701	1.33191	1.33194			6
2025.10.15	01:05:22.204	1.33197	1.33200			6
2025.10.15	01:05:22.509	1.33198	1.33201			6
2025.10.15	01:05:23.121	1.33197	1.33202			6
2025.10.15	01:05:24.364	1.33198	1.33203			6
2025.10.15	01:05:28.111		1.33202			4
2025.10.15	01:05:38.234	1.33199				2
2025.10.15	01:05:41.299	1.33198	1.33201			6
2025.10.15	01:06:00.015	1.33198				2
2025.10.15	01:06:27.301	1.33184	1.33187			6
2025.10.15	01:06:27.917	1.33185	1.33188			6
2025.10.15	01:06:29.145	1.33182	1.33191			6
2025.10.15	01:06:33.172	1.33186				2
2025.10.15	01:06:33.478	1.33191	1.33197			6
2025.10.15	01:06:33.791	1.33192				2
2025.10.15	01:06:36.294	1.33191				2
2025.10.15	01:06:37.863	1.33190	1.33198			6
2025.10.15	01:06:38.171	1.33189				2
2025.10.15	01:06:38.479		1.33200			4
2025.10.15	01:06:39.103	1.33191	1.33202			6
2025.10.15	01:06:39.412	1.33193	1.33205			6
2025.10.15	01:06:39.721	1.33191	1.33201			6
2025.10.15	01:06:40.338		1.33200			4
2025.10.15	01:06:40.658		1.33199			4
2025.10.15	01:06:40.974	1.33193				2
2025.10.15	01:06:41.277	1.33199	1.33207			6
2025.10.15	01:06:41.581	1.33200				2
2025.10.15	01:06:46.842	1.33194	1.33206			6
2025.10.15	01:06:48.711	1.33195				2
2025.10.15	01:06:54.930	1.33194				2
2025.10.15	01:06:55.234	1.33195				2
2025.10.15	01:06:57.393	1.33194				2
2025.10.15	01:06:59.260	1.33189	1.33200			6
2025.10.15	01:06:59.564	1.33190				2
2025.10.15	01:07:00.185	1.33190	1.33201			6
2025.10.15	01:07:04.229		1.33200			4
2025.10.15	01:07:06.080	1.33191				2
2025.10.15	01:07:07.323	1.33190				2
2025.10.15	01:07:07.950	1.33191				2
2025.10.15	01:07:08.870	1.33186	1.33196			6
2025.10.15	01:07:09.802		1.33195			4
2025.10.15	01:07:11.348	1.33185				2
2025.10.15	01:07:18.154	1.33186				2
2025.10.15	01:07:20.640	1.33185	1.33194			6
2025.10.15	01:07:22.191	1.33186				2
2025.10.15	01:07:26.207	1.33187				2
2025.10.15	01:07:26.516	1.33186	1.33193			6
2025.10.15	01:07:30.225	1.33187				2
2025.10.15	01:07:35.102	1.33188				2
2025.10.15	01:07:41.235		1.33192			4
2025.10.15	01:07:50.130	1.33189				2
2025.10.15	01:08:00.225	1.33189				2
2025.10.15	01:08:36.346	1.33190	1.33193			6
2025.10.15	01:09:00.217	1.33190				2
2025.10.15	01:09:36.464		1.33193			4
2025.10.15	01:10:00.071	1.33190				2
2025.10.15	01:10:00.378	1.33189	1.33192			6
2025.10.15	01:10:01.296	1.33194	1.33197			6
2025.10.15	01:10:04.371	1.33191	1.33194			6
2025.10.15	01:10:23.340	1.33192	1.33195			6
2025.10.15	01:10:33.641	1.33191	1.33194			6
2025.10.15	01:10:33.947	1.33192	1.33195			6
2025.10.15	01:10:35.818	1.33194	1.33197			6
2025.10.15	01:10:36.756	1.33195	1.33198			6
2025.10.15	01:10:38.303	1.33193	1.33196			6
2025.10.15	01:10:39.845	1.33192	1.33195			6
2025.10.15	01:10:41.720	1.33197	1.33198			6
2025.10.15	01:10:42.024	1.33198	1.33201			6
2025.10.15	01:10:42.327	1.33197	1.33200			6
2025.10.15	01:10:43.572	1.33198	1.33201			6
2025.10.15	01:10:45.761	1.33197	1.33200			6
2025.10.15	01:10:46.079	1.33193	1.33196			6
2025.10.15	01:10:47.321	1.33192	1.33195			6
2025.10.15	01:10:52.597	1.33194	1.33197			6
2025.10.15	01:10:53.228	1.33191	1.33194			6
2025.10.15	01:10:54.464	1.33194	1.33197			6
2025.10.15	01:10:55.088	1.33192	1.33194			6
2025.10.15	01:10:55.400	1.33193				2
2025.10.15	01:10:56.022	1.33194	1.33197			6
2025.10.15	01:10:56.961	1.33193	1.33194			6
2025.10.15	01:10:57.271		1.33195			4
2025.10.15	01:10:57.892	1.33192				2
2025.10.15	01:10:58.526	1.33191				2
2025.10.15	01:11:00.082	1.33191	1.33194			6
2025.10.15	01:11:00.388	1.33192				2
2025.10.15	01:11:01.023	1.33191				2
2025.10.15	01:11:01.329	1.33190				2
2025.10.15	01:11:03.216	1.33201	1.33205			6
2025.10.15	01:11:04.155		1.33206			4
2025.10.15	01:11:06.966		1.33205			4
2025.10.15	01:11:15.643	1.33203	1.33208			6
2025.10.15	01:11:16.266		1.33212			4
2025.10.15	01:11:16.582	1.33195	1.33203			6
2025.10.15	01:11:16.890	1.33194				2
2025.10.15	01:11:22.170	1.33195				2
2025.10.15	01:11:23.732	1.33192	1.33202			6
2025.10.15	01:11:26.205	1.33193				2
2025.10.15	01:11:27.772	1.33192				2
2025.10.15	01:11:28.700	1.33193				2
2025.10.15	01:11:34.568	1.33194				2
2025.10.15	01:11:35.814	1.33193				2
2025.10.15	01:11:40.155	1.33194				2
2025.10.15	01:11:41.392	1.33196	1.33204			6
2025.10.15	01:11:42.011	1.33197				2
2025.10.15	01:11:43.556	1.33196				2
2025.10.15	01:11:43.864	1.33197				2
2025.10.15	01:11:46.351		1.33203			4
2025.10.15	01:11:46.656	1.33198				2
2025.10.15	01:11:47.278	1.33197				2
2025.10.15	01:11:53.271		1.33202			4
2025.10.15	01:11:58.168	1.33198				2
2025.10.15	01:12:00.008	1.33198				2
2025.10.15	01:12:06.121		1.33201			4
2025.10.15	01:12:14.377	1.33202	1.33205			6
2025.10.15	01:12:16.210	1.33203	1.33206			6
2025.10.15	01:12:18.051	1.33202	1.33205			6
2025.10.15	01:12:31.216	1.33203	1.33206			6
2025.10.15	01:12:32.454	1.33202	1.33205			6
2025.10.15	01:12:33.668	1.33203	1.33206			6
2025.10.15	01:12:34.897	1.33202	1.33205			6
2025.10.15	01:12:36.730	1.33203	1.33206			6
2025.10.15	01:12:38.560	1.33202	1.33205			6
2025.10.15	01:12:40.084	1.33203	1.33206			6
2025.10.15	01:13:00.296	1.33203				2
2025.10.15	01:13:12.838	1.33205	1.33208			6
2025.10.15	01:13:13.745	1.33215	1.33218			6
2025.10.15	01:13:14.356	1.33210				2
2025.10.15	01:13:15.294		1.33219			4
2025.10.15	01:13:15.600	1.33209	1.33217			6
2025.10.15	01:13:17.169	1.33208				2
2025.10.15	01:13:17.787	1.33207	1.33216			6
2025.10.15	01:13:18.745	1.33212	1.33217			6
2025.10.15	01:13:19.054	1.33211				2
2025.10.15	01:13:19.359	1.33210				2
2025.10.15	01:13:23.101	1.33209				2
2025.10.15	01:13:23.728	1.33210				2
2025.10.15	01:13:24.345	1.33209	1.33216			6
2025.10.15	01:13:27.164	1.33210				2
2025.10.15	01:13:29.965	1.33209	1.33215			6
2025.10.15	01:13:31.206	1.33210				2
2025.10.15	01:13:35.262		1.33214			4
2025.10.15	01:13:41.801	1.33211	1.33215			6
2025.10.15	01:13:42.109		1.33214			4
2025.10.15	01:13:43.346	1.33210	1.33213			6
2025.10.15	01:13:53.437	1.33211	1.33214			6
2025.10.15	01:13:54.651	1.33210	1.33213			6
2025.10.15	01:13:56.180	1.33211	1.33214			6
2025.10.15	01:13:57.724	1.33210	1.33213			6
2025.10.15	01:13:58.954	1.33211	1.33214			6
2025.10.15	01:14:00.178	1.33211				2
2025.10.15	01:14:01.405	1.33210	1.33213			6
2025.10.15	01:14:02.033	1.33207	1.33210			6
2025.10.15	01:14:02.343	1.33206	1.33209			6
2025.10.15	01:14:02.954	1.33205	1.33208			6
2025.10.15	01:14:03.256	1.33206	1.33209			6
2025.10.15	01:14:06.023	1.33207	1.33210			6
2025.10.15	01:14:07.254	1.33205	1.33208			6
2025.10.15	01:14:09.400	1.33210	1.33212			6
2025.10.15	01:14:09.704	1.33209				2
2025.10.15	01:14:11.537	1.33207	1.33210			6
2025.10.15	01:14:12.456	1.33206	1.33209			6
2025.10.15	01:14:13.371		1.33210			4
2025.10.15	01:14:14.303	1.33207				2
2025.10.15	01:14:15.842	1.33206	1.33209			6
2025.10.15	01:14:17.389	1.33207	1.33210			6
2025.10.15	01:14:18.619	1.33206	1.33209			6
2025.10.15	01:14:19.837	1.33209	1.33212			6
2025.10.15	01:14:20.744	1.33217	1.33220			6
2025.10.15	01:14:22.267	1.33215	1.33223			6
2025.10.15	01:14:26.590	1.33216				2
2025.10.15	01:14:27.518	1.33215				2
2025.10.15	01:14:33.696		1.33222			4
2025.10.15	01:14:34.943		1.33223			4
2025.10.15	01:14:35.260		1.33222			4
2025.10.15	01:14:40.229		1.33221			4
2025.10.15	01:14:44.289		1.33220			4
2025.10.15	01:14:51.089		1.33219			4
2025.10.15	01:14:57.222	1.33216				2
2025.10.15	01:14:59.996	1.33215	1.33218			6
2025.10.15	01:15:00.305	1.33217	1.33220			6
2025.10.15	01:15:00.613	1.33216	1.33219			6
2025.10.15	01:15:02.139	1.33217	1.33220			6
2025.10.15	01:15:02.449	1.33216	1.33219			6
2025.10.15	01:15:03.369	1.33218	1.33221			6
2025.10.15	01:15:03.977	1.33217	1.33220			6
2025.10.15	01:15:04.292	1.33218	1.33221			6
2025.10.15	01:15:04.594	1.33217	1.33220			6
2025.10.15	01:15:06.425	1.33228	1.33231			6
2025.10.15	01:15:06.728	1.33227	1.33230			6
2025.10.15	01:15:07.336	1.33226				2
2025.10.15	01:15:08.250	1.33224	1.33232			6
2025.10.15	01:15:09.465	1.33221	1.33229			6
2025.10.15	01:15:11.320	1.33222	1.33231			6
2025.10.15	01:15:11.633	1.33221	1.33230			6
2025.10.15	01:15:13.178		1.33229			4
2025.10.15	01:15:16.326	1.33222				2
2025.10.15	01:15:16.642		1.33224			4
2025.10.15	01:15:16.945	1.33213	1.33220			6
2025.10.15	01:15:17.249	1.33216	1.33223			6
2025.10.15	01:15:18.193	1.33214				2
2025.10.15	01:15:18.495	1.33212	1.33222			6
2025.10.15	01:15:18.801		1.33219			4
2025.10.15	01:15:19.107		1.33220			4
2025.10.15	01:15:19.435		1.33221			4
2025.10.15	01:15:21.627		1.33222			4
2025.10.15	01:15:24.109	1.33211				2
2025.10.15	01:15:24.418	1.33210	1.33221			6
2025.10.15	01:15:27.219	1.33211	1.33222			6
2025.10.15	01:15:27.539	1.33210				2
2025.10.15	01:15:27.857	1.33211				2
2025.10.15	01:15:28.174	1.33210				2
2025.10.15	01:15:28.494	1.33211				2
2025.10.15	01:15:29.120		1.33221			4
2025.10.15	01:15:29.741		1.33222			4
2025.10.15	01:15:30.979	1.33210	1.33221			6
2025.10.15	01:15:34.129	1.33211				2
2025.10.15	01:15:37.255		1.33220			4
2025.10.15	01:15:37.873	1.33212	1.33221			6
2025.10.15	01:15:40.052	1.33211	1.33220			6
2025.10.15	01:15:40.371		1.33219			4
2025.10.15	01:15:44.111	1.33212				2
2025.10.15	01:15:46.296		1.33218			4
2025.10.15	01:15:46.919	1.33216	1.33222			6
2025.10.15	01:15:47.242	1.33214	1.33220			6
2025.10.15	01:15:50.674	1.33216	1.33222			6
2025.10.15	01:15:50.990	1.33215	1.33221			6
2025.10.15	01:15:51.299		1.33220			4
2025.10.15	01:15:55.300	1.33216				2
2025.10.15	01:15:58.074	1.33223	1.33227			6
2025.10.15	01:15:59.301	1.33219	1.33230			6
2025.10.15	01:16:00.258	1.33220				2
2025.10.15	01:16:03.082		1.33229			4
2025.10.15	01:16:05.583	1.33221	1.33230			6
2025.10.15	01:16:06.209		1.33229			4
2025.10.15	01:16:08.093	1.33222				2
2025.10.15	01:16:11.217		1.33228			4
2025.10.15	01:16:14.342		1.33227			4
2025.10.15	01:16:15.254	1.33220	1.33225			6
2025.10.15	01:16:16.171	1.33219				2
2025.10.15	01:16:17.115	1.33220				2
2025.10.15	01:16:21.406	1.33221				2
2025.10.15	01:16:26.303		1.33224			4
2025.10.15	01:16:26.919	1.33222	1.33225			6
2025.10.15	01:16:28.145	1.33221	1.33224			6
2025.10.15	01:16:29.370	1.33224	1.33225			6
2025.10.15	01:16:40.083	1.33221	1.33224			6
2025.10.15	01:16:54.574	1.33222	1.33225			6
2025.10.15	01:16:59.173	1.33221	1.33224			6
2025.10.15	01:17:00.086	1.33221				2
2025.10.15	01:17:49.966	1.33222	1.33225			6
2025.10.15	01:17:51.494	1.33221	1.33224			6
2025.10.15	01:17:51.797	1.33222	1.33225			6
2025.10.15	01:18:00.036	1.33222				2
2025.10.15	01:18:02.490	1.33216	1.33219			6
2025.10.15	01:18:02.797	1.33214	1.33217			6
2025.10.15	01:18:07.821	1.33222	1.33225			6
2025.10.15	01:18:08.125	1.33223	1.33230			6
2025.10.15	01:18:09.377	1.33221				2
2025.10.15	01:18:10.945		1.33231			4
2025.10.15	01:18:11.252		1.33230			4
2025.10.15	01:18:13.134	1.33222				2
2025.10.15	01:18:15.318	1.33221	1.33229			6
2025.10.15	01:18:16.264	1.33222				2
2025.10.15	01:18:17.830	1.33215	1.33222			6
2025.10.15	01:18:18.145	1.33214	1.33223			6
2025.10.15	01:18:19.070	1.33216	1.33228			6
2025.10.15	01:18:19.371	1.33217	1.33229			6
2025.10.15	01:18:20.296	1.33216	1.33228			6
2025.10.15	01:18:20.605	1.33217				2
2025.10.15	01:18:20.910	1.33216				2
2025.10.15	01:18:22.149	1.33217				2
2025.10.15	01:18:25.232	1.33216				2
2025.10.15	01:18:26.462	1.33217				2
2025.10.15	01:18:30.486	1.33218				2
2025.10.15	01:18:31.116	1.33217				2
2025.10.15	01:18:31.746	1.33218				2
2025.10.15	01:18:35.163	1.33217	1.33227			6
2025.10.15	01:18:35.781	1.33218				2
2025.10.15	01:18:37.945	1.33217				2
2025.10.15	01:18:38.251	1.33218				2
2025.10.15	01:18:40.112		1.33226			4
2025.10.15	01:18:43.214	1.33219				2
2025.10.15	01:18:43.838	1.33218	1.33225			6
2025.10.15	01:18:45.386	1.33219				2
2025.10.15	01:18:48.163		1.33224			4
2025.10.15	01:18:48.470	1.33220	1.33225			6
2025.10.15	01:18:49.707	1.33219	1.33224			6
2025.10.15	01:18:50.626	1.33220	1.33225			6
2025.10.15	01:18:52.166		1.33224			4
2025.10.15	01:18:57.085	1.33217	1.33220			6
2025.10.15	01:18:57.391	1.33220	1.33223			6
2025.10.15	01:19:00.143	1.33221	1.33224			6
2025.10.15	01:19:00.759	1.33218	1.33221			6
2025.10.15	01:19:01.375	1.33217	1.33220			6
2025.10.15	01:19:02.895	1.33218	1.33221			6
2025.10.15	01:19:03.822	1.33217	1.33220			6
2025.10.15	01:19:04.128	1.33218	1.33221			6
2025.10.15	01:19:06.270	1.33222	1.33225			6
2025.10.15	01:19:07.204	1.33220	1.33226			6
2025.10.15	01:19:08.466	1.33221	1.33227			6
2025.10.15	01:19:09.092		1.33226			4
2025.10.15	01:19:12.212	1.33222				2
2025.10.15	01:19:17.120	1.33223				2
2025.10.15	01:19:20.192	1.33222	1.33225			6
2025.10.15	01:19:31.224	1.33223	1.33226			6
2025.10.15	01:19:50.543	1.33222	1.33225			6
2025.10.15	01:20:00.056	1.33222				2
2025.10.15	01:20:05.264	1.33223	1.33226			6
2025.10.15	01:20:14.137	1.33222	1.33225			6
2025.10.15	01:20:14.445	1.33223	1.33226			6
2025.10.15	01:21:00.229	1.33223				2
2025.10.15	01:21:02.414	1.33225	1.33228			6
2025.10.15	01:21:08.034	1.33222	1.33225			6
2025.10.15	01:21:08.340	1.33223	1.33226			6
2025.10.15	01:21:24.197	1.33222	1.33225			6
2025.10.15	01:21:27.315	1.33223	1.33226			6
2025.10.15	01:21:31.374	1.33222	1.33225			6
2025.10.15	01:21:31.693	1.33221	1.33224			6
2025.10.15	01:21:36.369	1.33222	1.33225			6
2025.10.15	01:21:41.635	1.33221	1.33224			6
2025.10.15	01:21:41.943	1.33222	1.33225			6
2025.10.15	01:22:00.243	1.33222				2
2025.10.15	01:22:03.660	1.33216	1.33219			6
2025.10.15	01:22:04.600	1.33215	1.33218			6
2025.10.15	01:22:04.912	1.33216	1.33219			6
2025.10.15	01:22:13.867	1.33217	1.33220			6
2025.10.15	01:22:14.484	1.33216	1.33219			6
2025.10.15	01:22:14.790	1.33217	1.33220			6
2025.10.15	01:22:15.716	1.33218	1.33221			6
2025.10.15	01:22:16.652	1.33217	1.33220			6
2025.10.15	01:22:20.690	1.33218	1.33221			6
2025.10.15	01:22:21.629	1.33217	1.33220			6
2025.10.15	01:22:21.937	1.33218	1.33221			6
2025.10.15	01:22:23.809	1.33217	1.33220			6
2025.10.15	01:22:25.054	1.33218	1.33221			6
2025.10.15	01:22:26.302	1.33217	1.33220			6
2025.10.15	01:22:26.616	1.33218	1.33221			6
2025.10.15	01:22:30.320	1.33216	1.33219			6
2025.10.15	01:22:30.634	1.33217	1.33220			6
2025.10.15	01:22:31.258	1.33216	1.33219			6
2025.10.15	01:22:31.575	1.33217	1.33220			6
2025.10.15	01:22:32.506	1.33215	1.33218			6
2025.10.15	01:22:33.126	1.33214	1.33217			6
2025.10.15	01:22:37.772	1.33215	1.33218			6
2025.10.15	01:22:50.133	1.33213	1.33216			6
2025.10.15	01:22:52.336	1.33215	1.33218			6
2025.10.15	01:22:56.210	1.33214	1.33217			6
2025.10.15	01:22:56.514	1.33213	1.33216			6
2025.10.15	01:22:57.155	1.33212	1.33215			6
2025.10.15	01:23:00.259	1.33212				2
2025.10.15	01:23:05.561	1.33213	1.33216			6
2025.10.15	01:23:07.121	1.33212	1.33215			6
2025.10.15	01:23:08.963	1.33211	1.33214			6
2025.10.15	01:23:09.271	1.33210	1.33213			6
2025.10.15	01:23:09.882	1.33211	1.33214			6
2025.10.15	01:23:10.504	1.33209	1.33212			6
2025.10.15	01:23:12.674	1.33207	1.33210			6
2025.10.15	01:23:16.063	1.33206	1.33209			6
2025.10.15	01:23:22.244	1.33207	1.33210			6
2025.10.15	01:23:24.404	1.33206	1.33209			6
2025.10.15	01:23:34.001	1.33204	1.33207			6
2025.10.15	01:23:34.924	1.33205	1.33208			6
2025.10.15	01:23:35.233	1.33204	1.33207			6
2025.10.15	01:23:46.678	1.33206	1.33209			6
2025.10.15	01:23:52.244	1.33205	1.33208			6
2025.10.15	01:23:58.739	1.33206	1.33209			6
2025.10.15	01:23:59.966	1.33209	1.33212			6
2025.10.15	01:24:00.278	1.33209				2
2025.10.15	01:24:05.247	1.33210				2
2025.10.15	01:24:06.175	1.33207	1.33210			6
2025.10.15	01:24:15.776	1.33205	1.33208			6
2025.10.15	01:24:16.082	1.33203	1.33206			6
2025.10.15	01:24:16.716	1.33204	1.33207			6
2025.10.15	01:24:21.061	1.33210	1.33212			6
2025.10.15	01:24:22.007	1.33209				2
2025.10.15	01:24:26.034	1.33207	1.33211			6
2025.10.15	01:24:26.341		1.33210			4
2025.10.15	01:24:27.281		1.33211			4
2025.10.15	01:24:31.298		1.33210			4
2025.10.15	01:24:32.543	1.33208	1.33211			6
2025.10.15	01:24:33.776	1.33207	1.33210			6
2025.10.15	01:24:34.090	1.33206	1.33209			6
2025.10.15	01:24:34.395	1.33204	1.33207			6
2025.10.15	01:24:35.323	1.33203				2
2025.10.15	01:24:36.868	1.33204	1.33208			6
2025.10.15	01:24:37.793	1.33203	1.33207			6
2025.10.15	01:24:40.885	1.33204	1.33208			6
2025.10.15	01:24:43.659	1.33205	1.33209			6
2025.10.15	01:24:44.594	1.33204	1.33208			6
2025.10.15	01:24:45.207	1.33205				2
2025.10.15	01:24:46.767	1.33204	1.33207			6
2025.10.15	01:24:47.083	1.33205	1.33208			6
2025.10.15	01:24:47.694	1.33204	1.33207			6
2025.10.15	01:24:48.012	1.33205	1.33208			6
2025.10.15	01:24:50.791	1.33204	1.33207			6
2025.10.15	01:24:51.104	1.33205	1.33208			6
2025.10.15	01:24:52.954	1.33204	1.33207			6
2025.10.15	01:24:53.259	1.33205	1.33208			6
2025.10.15	01:24:56.044	1.33204	1.33207			6
2025.10.15	01:24:56.350	1.33205	1.33208			6
2025.10.15	01:24:59.136	1.33204	1.33207			6
2025.10.15	01:24:59.442	1.33205	1.33208			6
2025.10.15	01:25:00.059	1.33205				2
2025.10.15	01:25:00.366	1.33204	1.33207			6
2025.10.15	01:25:00.987	1.33208	1.33209			6
2025.10.15	01:25:01.294	1.33206				2
2025.10.15	01:25:02.224	1.33209	1.33210			6
2025.10.15	01:25:02.531	1.33208	1.33211			6
2025.10.15	01:25:02.839	1.33207	1.33210			6
2025.10.15	01:25:03.457	1.33208	1.33211			6
2025.10.15	01:25:05.304	1.33207	1.33210			6
2025.10.15	01:25:05.615	1.33208	1.33211			6
2025.10.15	01:25:05.921	1.33209	1.33212			6
2025.10.15	01:25:07.472		1.33211			4
2025.10.15	01:25:07.782	1.33210	1.33212			6
2025.10.15	01:25:08.400	1.33209				2
2025.10.15	01:25:08.711	1.33210				2
2025.10.15	01:25:09.644	1.33207	1.33210			6
2025.10.15	01:25:09.962	1.33209	1.33212			6
2025.10.15	01:25:10.588	1.33208	1.33211			6
2025.10.15	01:25:10.895	1.33209	1.33212			6
2025.10.15	01:25:12.762	1.33208	1.33211			6
2025.10.15	01:25:13.072	1.33209	1.33212			6
2025.10.15	01:25:14.002	1.33210				2
2025.10.15	01:25:15.857	1.33208	1.33211			6
2025.10.15	01:25:16.165	1.33209	1.33212			6
2025.10.15	01:25:16.783	1.33208	1.33211			6
2025.10.15	01:25:17.093	1.33209	1.33212			6
2025.10.15	01:25:18.973	1.33213	1.33216			6
2025.10.15	01:25:19.278	1.33217	1.33220			6
2025.10.15	01:25:20.233	1.33213	1.33221			6
2025.10.15	01:25:21.471	1.33212				2
2025.10.15	01:25:22.390	1.33213				2
2025.10.15	01:25:26.130	1.33214				2
2025.10.15	01:25:26.749	1.33213				2
2025.10.15	01:25:28.630	1.33214				2
2025.10.15	01:25:33.323	1.33215				2
2025.10.15	01:25:34.566	1.33214	1.33220			6
2025.10.15	01:25:37.365	1.33215				2
2025.10.15	01:25:41.097		1.33219			4
2025.10.15	01:25:43.279	1.33217	1.33221			6
2025.10.15	01:25:44.532	1.33216	1.33220			6
2025.10.15	01:25:44.864	1.33217	1.33221			6
2025.10.15	01:25:45.488	1.33216	1.33220			6
2025.10.15	01:25:47.650	1.33217	1.33221			6
2025.10.15	01:25:47.960	1.33216	1.33220			6
2025.10.15	01:25:50.782	1.33217	1.33221			6
2025.10.15	01:25:51.089	1.33216	1.33220			6
2025.10.15	01:25:53.262		1.33219			4
2025.10.15	01:25:53.879	1.33217	1.33220			6
2025.10.15	01:25:54.181	1.33216	1.33219			6
2025.10.15	01:25:54.801	1.33217	1.33220			6
2025.10.15	01:25:55.108	1.33216	1.33219			6
2025.10.15	01:25:56.332		1.33220			4
2025.10.15	01:25:57.277		1.33219			4
2025.10.15	01:26:00.036	1.33216				2
2025.10.15	01:26:11.988	1.33217	1.33220			6
2025.10.15	01:26:14.125	1.33216	1.33219			6
2025.10.15	01:26:14.427	1.33217	1.33220			6
2025.10.15	01:26:17.193	1.33216	1.33219			6
2025.10.15	01:26:17.495	1.33217	1.33220			6
2025.10.15	01:26:17.803	1.33220	1.33223			6
2025.10.15	01:26:18.107	1.33219	1.33222			6
2025.10.15	01:26:19.645	1.33215	1.33218			6
2025.10.15	01:26:19.947	1.33217	1.33220			6
2025.10.15	01:26:20.864	1.33218	1.33221			6
2025.10.15	01:26:21.782	1.33216	1.33219			6
2025.10.15	01:26:22.092	1.33218	1.33221			6
2025.10.15	01:26:24.832	1.33216	1.33219			6
2025.10.15	01:26:25.140	1.33218	1.33221			6
2025.10.15	01:26:25.442	1.33215	1.33218			6
2025.10.15	01:26:29.817	1.33216	1.33219			6
2025.10.15	01:26:46.665	1.33214	1.33217			6
2025.10.15	01:26:51.689	1.33215	1.33218			6
2025.10.15	01:27:00.100	1.33215				2
2025.10.15	01:27:07.311	1.33214	1.33217			6
2025.10.15	01:27:07.628	1.33215	1.33218			6
2025.10.15	01:27:10.425	1.33214	1.33217			6
2025.10.15	01:27:59.210	1.33213	1.33216			6
2025.10.15	01:28:00.155	1.33213				2
2025.10.15	01:28:07.014	1.33212	1.33215			6
2025.10.15	01:28:07.633	1.33213	1.33216			6
2025.10.15	01:29:00.297	1.33213				2
2025.10.15	01:29:04.018	1.33214	1.33217			6
2025.10.15	01:29:04.960	1.33212	1.33215			6
2025.10.15	01:29:13.063	1.33213	1.33216			6
2025.10.15	01:29:14.632	1.33212	1.33215			6
2025.10.15	01:29:19.019	1.33213	1.33216			6
2025.10.15	01:29:20.888	1.33212	1.33215			6
2025.10.15	01:29:22.452	1.33213	1.33216			6
2025.10.15	01:29:24.297	1.33214	1.33217			6
2025.10.15	01:29:27.104	1.33213	1.33216			6
2025.10.15	01:29:32.088	1.33212	1.33215			6
2025.10.15	01:29:36.427	1.33213	1.33216			6
2025.10.15	01:29:37.971	1.33212	1.33215			6
2025.10.15	01:29:40.160	1.33213	1.33216			6
2025.10.15	01:29:49.475	1.33212	1.33215			6
2025.10.15	01:29:53.218	1.33213	1.33216			6
2025.10.15	01:29:54.774	1.33212	1.33215			6
2025.10.15	01:29:56.621	1.33213	1.33216			6
2025.10.15	01:29:59.405	1.33212	1.33215			6
2025.10.15	01:30:00.043	1.33212				2
2025.10.15	01:30:00.349	1.33213	1.33216			6
2025.10.15	01:30:15.253	1.33214	1.33217			6
2025.10.15	01:30:18.368	1.33217	1.33220			6
2025.10.15	01:30:19.307	1.33216	1.33219			6
2025.10.15	01:30:19.932	1.33219	1.33221			6
2025.10.15	01:30:20.248	1.33216	1.33219			6
2025.10.15	01:30:23.044	1.33218	1.33221			6
2025.10.15	01:30:23.355	1.33216	1.33219			6
2025.10.15	01:30:26.150	1.33218	1.33221			6
2025.10.15	01:30:26.465	1.33216	1.33219			6
2025.10.15	01:30:28.029	1.33215	1.33218			6
2025.10.15	01:30:30.830	1.33214	1.33217			6
2025.10.15	01:30:40.188	1.33215	1.33218			6
2025.10.15	01:30:51.040	1.33214	1.33217			6
2025.10.15	01:31:00.055	1.33214				2
2025.10.15	01:31:00.373	1.33209	1.33212			6
2025.10.15	01:31:02.243	1.33210	1.33213			6
2025.10.15	01:31:02.551	1.33211	1.33214			6
2025.10.15	01:31:02.863	1.33210	1.33213			6
2025.10.15	01:31:03.172	1.33209	1.33212			6
2025.10.15	01:31:05.347	1.33210	1.33213			6
2025.10.15	01:31:13.092	1.33207	1.33210			6
2025.10.15	01:31:22.102	1.33208	1.33211			6
2025.10.15	01:31:24.899	1.33207	1.33210			6
2025.10.15	01:31:25.214	1.33208	1.33211			6
2025.10.15	01:31:28.009	1.33207	1.33210			6
2025.10.15	01:31:28.312	1.33210	1.33213			6
2025.10.15	01:31:33.597	1.33209	1.33212			6
2025.10.15	01:31:35.158	1.33210	1.33213			6
2025.10.15	01:31:42.628	1.33207	1.33210			6
2025.10.15	01:31:45.137	1.33208	1.33211			6
2025.10.15	01:31:46.070	1.33207	1.33210			6
2025.10.15	01:31:46.379	1.33208	1.33211			6
2025.10.15	01:31:47.000	1.33207	1.33210			6
2025.10.15	01:31:47.310	1.33208	1.33211			6
2025.10.15	01:31:49.171	1.33207	1.33210			6
2025.10.15	01:31:49.489	1.33208	1.33211			6
2025.10.15	01:31:51.981	1.33207	1.33210			6
2025.10.15	01:31:52.287	1.33208	1.33211			6
2025.10.15	01:31:55.088	1.33207	1.33210			6
2025.10.15	01:31:55.393	1.33208	1.33211			6
2025.10.15	01:31:58.180	1.33207	1.33210			6
2025.10.15	01:31:58.486	1.33208	1.33211			6
2025.10.15	01:32:00.039	1.33208				2
2025.10.15	01:32:19.392	1.33204	1.33207			6
2025.10.15	01:32:20.649	1.33205	1.33208			6
2025.10.15	01:32:24.743	1.33206	1.33209			6
2025.10.15	01:32:25.048	1.33208	1.33211			6
2025.10.15	01:32:27.865	1.33207	1.33210			6
2025.10.15	01:32:30.058	1.33208	1.33211			6
2025.10.15	01:32:30.360	1.33210	1.33213			6
2025.10.15	01:32:31.282	1.33207	1.33211			6
2025.10.15	01:32:31.600	1.33208	1.33212			6
2025.10.15	01:32:33.486	1.33207	1.33211			6
2025.10.15	01:32:33.789	1.33208	1.33212			6
2025.10.15	01:32:34.108	1.33209				2
2025.10.15	01:32:34.426	1.33208	1.33211			6
2025.10.15	01:32:34.733	1.33209	1.33212			6
2025.10.15	01:32:40.050	1.33208	1.33211			6
2025.10.15	01:32:40.361	1.33209	1.33212			6
2025.10.15	01:32:42.858	1.33208	1.33211			6
2025.10.15	01:32:44.726	1.33207	1.33210			6
2025.10.15	01:32:45.036	1.33209	1.33212			6
2025.10.15	01:32:45.670	1.33208	1.33211			6
2025.10.15	01:32:45.976	1.33209	1.33212			6
2025.10.15	01:32:46.607	1.33210				2
2025.10.15	01:32:48.464	1.33208	1.33211			6
2025.10.15	01:32:48.779	1.33209	1.33212			6
2025.10.15	01:32:51.576	1.33208	1.33211			6
2025.10.15	01:32:52.199	1.33209	1.33212			6
2025.10.15	01:32:52.825	1.33208	1.33211			6
2025.10.15	01:32:53.140	1.33209	1.33212			6
2025.10.15	01:32:53.762	1.33208	1.33211			6
2025.10.15	01:32:54.069	1.33209	1.33212			6
2025.10.15	01:32:56.255	1.33208	1.33211			6
2025.10.15	01:32:56.562	1.33209	1.33212			6
2025.10.15	01:33:00.272	1.33209				2
2025.10.15	01:33:01.213	1.33210	1.33213			6
2025.10.15	01:33:01.522	1.33209	1.33212			6
2025.10.15	01:33:02.459	1.33208	1.33211			6
2025.10.15	01:33:02.777	1.33209	1.33212			6
2025.10.15	01:33:05.884	1.33208	1.33211			6
2025.10.15	01:33:06.194	1.33209	1.33212			6
2025.10.15	01:33:07.431	1.33208	1.33211			6
2025.10.15	01:33:08.052	1.33209	1.33212			6
2025.10.15	01:33:08.665	1.33208	1.33211			6
2025.10.15	01:33:08.976	1.33207	1.33210			6
2025.10.15	01:33:09.278	1.33206	1.33209			6
2025.10.15	01:33:13.632	1.33205	1.33208			6
2025.10.15	01:33:13.936	1.33203	1.33206			6
2025.10.15	01:33:14.253	1.33204	1.33207			6
2025.10.15	01:33:14.877	1.33203	1.33206			6
2025.10.15	01:33:21.443	1.33206	1.33209			6
2025.10.15	01:33:22.377	1.33205				2
2025.10.15	01:33:23.297		1.33208			4
2025.10.15	01:33:24.540	1.33206	1.33209			6
2025.10.15	01:33:26.402	1.33205	1.33208			6
2025.10.15	01:33:27.959	1.33207	1.33210			6
2025.10.15	01:33:28.278	1.33208	1.33211			6
2025.10.15	01:33:28.880	1.33211	1.33213			6
2025.10.15	01:33:29.189	1.33209				2
2025.10.15	01:33:30.447	1.33208				2
2025.10.15	01:33:35.731	1.33206	1.33211			6
2025.10.15	01:33:36.051	1.33208	1.33212			6
2025.10.15	01:33:36.992	1.33207				2
2025.10.15	01:33:39.773	1.33208	1.33213			6
2025.10.15	01:33:41.319	1.33207	1.33211			6
2025.10.15	01:33:41.634	1.33208	1.33212			6
2025.10.15	01:33:42.574	1.33207	1.33211			6
2025.10.15	01:33:42.881	1.33208	1.33212			6
2025.10.15	01:33:45.369	1.33207	1.33211			6
2025.10.15	01:33:45.680	1.33208	1.33212			6
2025.10.15	01:33:46.293	1.33207	1.33211			6
2025.10.15	01:33:46.608	1.33208	1.33212			6
2025.10.15	01:33:48.464	1.33207	1.33211			6
2025.10.15	01:33:48.767	1.33208	1.33212			6
2025.10.15	01:33:49.391	1.33207	1.33211			6
2025.10.15	01:33:49.698	1.33208	1.33212			6
2025.10.15	01:33:50.312	1.33207	1.33211			6
2025.10.15	01:33:50.621	1.33208	1.33212			6
2025.10.15	01:33:51.249	1.33207	1.33210			6
2025.10.15	01:33:51.556	1.33205	1.33208			6
2025.10.15	01:33:52.189	1.33204	1.33209			6
2025.10.15	01:33:53.117	1.33205				2
2025.10.15	01:34:00.252	1.33205				2
2025.10.15	01:34:02.118	1.33206				2
2025.10.15	01:34:03.054	1.33205	1.33208			6
2025.10.15	01:34:10.471	1.33206	1.33209			6
2025.10.15	01:34:11.403	1.33205	1.33208			6
2025.10.15	01:34:13.256	1.33206	1.33209			6
2025.10.15	01:34:16.669	1.33205	1.33208			6
2025.10.15	01:34:17.910	1.33206	1.33209			6
2025.10.15	01:34:33.695	1.33211	1.33214			6
2025.10.15	01:34:34.318	1.33210	1.33215			6
2025.10.15	01:34:34.633	1.33212	1.33217			6
2025.10.15	01:34:36.184	1.33211	1.33216			6
2025.10.15	01:34:40.229		1.33215			4
2025.10.15	01:34:40.852	1.33212	1.33216			6
2025.10.15	01:34:41.156	1.33215	1.33219			6
2025.10.15	01:34:42.092	1.33209	1.33216			6
2025.10.15	01:34:43.638	1.33210	1.33217			6
2025.10.15	01:34:46.429	1.33209	1.33216			6
2025.10.15	01:34:46.742		1.33214			4
2025.10.15	01:34:47.670		1.33216			4
2025.10.15	01:34:48.289		1.33215			4
2025.10.15	01:34:49.854	1.33206	1.33212			6
2025.10.15	01:34:50.781		1.33213			4
2025.10.15	01:34:56.052	1.33207				2
2025.10.15	01:34:56.356	1.33208	1.33214			6
2025.10.15	01:34:58.526	1.33206	1.33212			6
2025.10.15	01:35:00.085	1.33206				2
2025.10.15	01:35:00.394	1.33209	1.33216			6
2025.10.15	01:35:12.756	1.33208				2
2025.10.15	01:35:13.060	1.33206	1.33213			6
2025.10.15	01:35:13.365	1.33209	1.33215			6
2025.10.15	01:35:13.675		1.33216			4
2025.10.15	01:35:13.976	1.33208	1.33215			6
2025.10.15	01:35:14.890	1.33209	1.33216			6
2025.10.15	01:35:15.517	1.33208	1.33215			6
2025.10.15	01:35:18.305	1.33209	1.33216			6
2025.10.15	01:35:29.180	1.33210				2
2025.10.15	01:35:29.804	1.33211				2
2025.10.15	01:35:33.196		1.33215			4
2025.10.15	01:35:33.816		1.33214			4
2025.10.15	01:35:35.352		1.33215			4
2025.10.15	01:35:37.488		1.33216			4
2025.10.15	01:35:37.791	1.33219	1.33220			6
2025.10.15	01:35:39.335	1.33220	1.33221			6
2025.10.15	01:35:40.573	1.33213	1.33220			6
2025.10.15	01:35:42.118	1.33214				2
2025.10.15	01:35:47.359	1.33215				2
2025.10.15	01:35:49.540	1.33214				2
2025.10.15	01:35:49.846	1.33218				2
2025.10.15	01:35:50.160	1.33214	1.33219			6
2025.10.15	01:35:51.080	1.33210	1.33216			6
2025.10.15	01:35:52.318	1.33208	1.33217			6
2025.10.15	01:35:53.862	1.33209	1.33216			6
2025.10.15	01:35:55.409	1.33210	1.33217			6
2025.10.15	01:35:55.715	1.33208				2
2025.10.15	01:35:56.331	1.33209				2
2025.10.15	01:35:59.113	1.33210				2
2025.10.15	01:36:00.033	1.33210				2
2025.10.15	01:36:01.269	1.33208	1.33215			6
2025.10.15	01:36:01.589		1.33214			4
2025.10.15	01:36:02.517		1.33217			4
2025.10.15	01:36:03.443	1.33209				2
2025.10.15	01:36:04.991		1.33215			4
2025.10.15	01:36:08.095		1.33216			4
2025.10.15	01:36:09.343		1.33215			4
2025.10.15	01:36:14.592		1.33216			4
2025.10.15	01:36:16.439	1.33210				2
2025.10.15	01:36:16.751		1.33217			4
2025.10.15	01:36:17.369		1.33216			4
2025.10.15	01:36:18.610	1.33208	1.33214			6
2025.10.15	01:36:19.864	1.33209				2
2025.10.15	01:36:20.173	1.33208				2
2025.10.15	01:36:21.099	1.33209				2
2025.10.15	01:36:25.751	1.33212	1.33217			6
2025.10.15	01:36:26.056	1.33219	1.33222			6
2025.10.15	01:36:26.363	1.33222	1.33226			6
2025.10.15	01:36:26.968	1.33221				2
2025.10.15	01:36:27.276	1.33219				2
2025.10.15	01:36:32.250	1.33216	1.33224			6
2025.10.15	01:36:33.179	1.33219	1.33226			6
2025.10.15	01:36:34.422	1.33223	1.33230			6
2025.10.15	01:36:37.215	1.33224				2
2025.10.15	01:36:39.392	1.33221	1.33227			6
2025.10.15	01:36:39.699	1.33219	1.33226			6
2025.10.15	01:36:40.015		1.33225			4
2025.10.15	01:36:40.335		1.33227			4
2025.10.15	01:36:47.158	1.33221	1.33228			6
2025.10.15	01:36:53.043	1.33220				2
2025.10.15	01:36:53.349	1.33219				2
2025.10.15	01:37:00.173	1.33221				2
2025.10.15	01:37:00.480	1.33224	1.33230			6
2025.10.15	01:37:04.811		1.33229			4
2025.10.15	01:37:06.345		1.33230			4
2025.10.15	01:37:10.683	1.33218	1.33225			6
2025.10.15	01:37:10.984	1.33216	1.33224			6
2025.10.15	01:37:14.696	1.33218				2
2025.10.15	01:37:15.009	1.33219				2
2025.10.15	01:37:15.637	1.33217				2
2025.10.15	01:37:16.579	1.33218				2
2025.10.15	01:37:25.867	1.33216	1.33222			6
2025.10.15	01:37:31.422		1.33223			4
2025.10.15	01:37:34.509	1.33213	1.33220			6
2025.10.15	01:37:34.819	1.33211	1.33218			6
2025.10.15	01:37:35.130	1.33212				2
2025.10.15	01:37:36.371		1.33219			4
2025.10.15	01:37:36.679	1.33208	1.33217			6
2025.10.15	01:37:37.607	1.33210				2
2025.10.15	01:37:40.990	1.33209	1.33216			6
2025.10.15	01:37:41.922		1.33214			4
2025.10.15	01:37:42.843	1.33208	1.33216			6
2025.10.15	01:37:46.543	1.33209				2
2025.10.15	01:37:56.732	1.33210	1.33218			6
2025.10.15	01:37:57.043	1.33211				2
2025.10.15	01:37:58.894	1.33212	1.33219			6
2025.10.15	01:37:59.202	1.33214	1.33221			6
2025.10.15	01:38:00.117	1.33214				2
2025.10.15	01:38:00.418	1.33216	1.33220			6
2025.10.15	01:38:00.724	1.33214				2
2025.10.15	01:38:01.644	1.33218	1.33222			6
2025.10.15	01:38:02.255	1.33217				2
2025.10.15	01:38:03.818	1.33219	1.33225			6
2025.10.15	01:38:11.499	1.33218	1.33224			6
2025.10.15	01:38:11.801	1.33216	1.33222			6
2025.10.15	01:38:20.191	1.33215	1.33221			6
2025.10.15	01:38:20.493	1.33216	1.33222			6
2025.10.15	01:38:25.108	1.33217				2
2025.10.15	01:38:28.451	1.33214	1.33219			6
2025.10.15	01:38:29.061	1.33213	1.33218			6
2025.10.15	01:38:29.370	1.33212	1.33219			6
2025.10.15	01:38:29.683		1.33218			4
2025.10.15	01:38:29.991	1.33213	1.33219			6
2025.10.15	01:38:30.926	1.33215	1.33220			6
2025.10.15	01:38:31.237	1.33213				2
2025.10.15	01:38:31.547	1.33214				2
2025.10.15	01:38:31.856	1.33215				2
2025.10.15	01:38:32.175	1.33214				2
2025.10.15	01:38:32.796	1.33215	1.33221			6
2025.10.15	01:38:33.106	1.33208	1.33214			6
2025.10.15	01:38:36.195	1.33206	1.33212			6
2025.10.15	01:38:36.497	1.33208	1.33214			6
2025.10.15	01:38:36.801	1.33209	1.33215			6
2025.10.15	01:38:38.056	1.33208				2
2025.10.15	01:38:41.768	1.33209				2
2025.10.15	01:38:50.381	1.33208	1.33214			6
2025.10.15	01:38:52.527	1.33209				2
2025.10.15	01:39:00.189	1.33209				2
2025.10.15	01:39:02.331		1.33213			4
2025.10.15	01:39:03.856	1.33210	1.33214			6
2025.10.15	01:39:04.769	1.33206	1.33210			6
2025.10.15	01:39:05.074	1.33207	1.33211			6
2025.10.15	01:39:06.292	1.33208	1.33212			6
2025.10.15	01:39:07.209	1.33206	1.33210			6
2025.10.15	01:39:07.511	1.33207	1.33211			6
2025.10.15	01:39:09.353	1.33206	1.33210			6
2025.10.15	01:39:09.657	1.33208	1.33212			6
2025.10.15	01:39:17.317		1.33211			4
2025.10.15	01:39:22.225	1.33206	1.33209			6
2025.10.15	01:39:22.528	1.33208	1.33211			6
2025.10.15	01:39:23.142	1.33206	1.33209			6
2025.10.15	01:39:23.448	1.33208	1.33211			6
2025.10.15	01:39:24.063	1.33207	1.33210			6
2025.10.15	01:39:27.722	1.33206	1.33209			6
2025.10.15	01:39:28.025	1.33207	1.33210			6
2025.10.15	01:39:28.953	1.33206	1.33209			6
2025.10.15	01:39:29.263	1.33207	1.33210			6
2025.10.15	01:39:30.788	1.33206	1.33209			6
2025.10.15	01:39:31.094	1.33207	1.33210			6
2025.10.15	01:39:33.854	1.33206	1.33209			6
2025.10.15	01:39:34.160	1.33207	1.33210			6
2025.10.15	01:39:34.463	1.33208	1.33211			6
2025.10.15	01:39:34.774	1.33207	1.33210			6
2025.10.15	01:39:35.997	1.33206	1.33209			6
2025.10.15	01:39:36.307	1.33207	1.33210			6
2025.10.15	01:39:36.612	1.33208	1.33211			6
2025.10.15	01:39:39.080	1.33207	1.33210			6
2025.10.15	01:39:39.390	1.33208	1.33211			6
2025.10.15	01:39:40.929	1.33206	1.33209			6
2025.10.15	01:39:41.237	1.33208	1.33211			6
2025.10.15	01:39:42.773	1.33206	1.33209			6
2025.10.15	01:39:43.086	1.33208	1.33211			6
2025.10.15	01:39:43.695	1.33207	1.33210			6
2025.10.15	01:39:44.002	1.33208	1.33211			6
2025.10.15	01:39:44.308	1.33207	1.33210			6
2025.10.15	01:39:44.614	1.33208	1.33211			6
2025.10.15	01:39:45.232	1.33206	1.33209			6
2025.10.15	01:39:45.539	1.33207	1.33210			6
2025.10.15	01:39:46.153	1.33206	1.33208			6
2025.10.15	01:39:46.457	1.33207	1.33210			6
2025.10.15	01:39:48.300	1.33206	1.33208			6
2025.10.15	01:39:48.605	1.33207	1.33210			6
2025.10.15	01:39:51.353	1.33206	1.33209			6
2025.10.15	01:39:56.271	1.33207	1.33210			6
2025.10.15	01:39:56.575	1.33208	1.33211			6
2025.10.15	01:39:57.190	1.33206	1.33209			6
2025.10.15	01:39:57.499	1.33207	1.33210			6
2025.10.15	01:40:00.262	1.33208	1.33211			6
2025.10.15	01:40:02.088	1.33206	1.33209			6
2025.10.15	01:40:02.395	1.33208	1.33211			6
2025.10.15	01:40:03.320	1.33206	1.33209			6
2025.10.15	01:40:03.629	1.33208	1.33211			6
2025.10.15	01:40:03.936	1.33206	1.33209			6
2025.10.15	01:40:04.244	1.33208	1.33211			6
2025.10.15	01:40:04.849	1.33206	1.33209			6
2025.10.15	01:40:05.159	1.33207	1.33210			6
2025.10.15	01:40:06.090	1.33208	1.33211			6
2025.10.15	01:40:07.934	1.33206	1.33209			6
2025.10.15	01:40:08.239	1.33208	1.33211			6
2025.10.15	01:40:09.160	1.33207	1.33210			6
2025.10.15	01:40:13.759	1.33206	1.33209			6
2025.10.15	01:40:14.065	1.33208	1.33211			6
2025.10.15	01:40:15.289	1.33207	1.33210			6
2025.10.15	01:40:16.206	1.33202	1.33205			6
2025.10.15	01:40:16.512	1.33203	1.33206			6
2025.10.15	01:40:26.933	1.33205	1.33208			6
2025.10.15	01:40:29.084	1.33206	1.33209			6
2025.10.15	01:40:30.940	1.33209	1.33212			6
2025.10.15	01:40:31.853	1.33207	1.33210			6
2025.10.15	01:40:32.159	1.33208	1.33211			6
2025.10.15	01:40:32.469	1.33209	1.33212			6
2025.10.15	01:40:33.086	1.33207	1.33210			6
2025.10.15	01:40:33.396	1.33208	1.33211			6
2025.10.15	01:40:35.235	1.33207	1.33210			6
2025.10.15	01:40:35.539	1.33208	1.33211			6
2025.10.15	01:40:38.296	1.33207	1.33210			6
2025.10.15	01:40:38.608	1.33208	1.33211			6
2025.10.15	01:40:39.829	1.33207	1.33210			6
2025.10.15	01:40:40.130	1.33208	1.33211			6
2025.10.15	01:40:41.960	1.33207	1.33210			6
2025.10.15	01:40:42.573	1.33208	1.33211			6
2025.10.15	01:40:43.183	1.33207	1.33210			6
2025.10.15	01:40:43.789	1.33208	1.33211			6
2025.10.15	01:40:44.711	1.33207	1.33210			6
2025.10.15	01:40:45.012	1.33208	1.33211			6
2025.10.15	01:40:46.237	1.33206	1.33209			6
2025.10.15	01:40:46.544	1.33207	1.33210			6
2025.10.15	01:40:48.381	1.33208	1.33211			6
2025.10.15	01:40:49.004	1.33207	1.33210			6
2025.10.15	01:40:50.529	1.33208	1.33211			6
2025.10.15	01:40:52.069	1.33207	1.33210			6
2025.10.15	01:40:52.372	1.33208	1.33211			6
2025.10.15	01:40:53.294	1.33207	1.33210			6
2025.10.15	01:40:53.911	1.33208	1.33211			6
2025.10.15	01:40:55.136	1.33207	1.33210			6
2025.10.15	01:40:55.446	1.33208	1.33211			6
2025.10.15	01:40:58.209	1.33207	1.33210			6
2025.10.15	01:40:58.513	1.33208	1.33211			6
2025.10.15	01:41:00.056	1.33208				2
2025.10.15	01:41:01.277	1.33207	1.33210			6
2025.10.15	01:41:02.511	1.33206	1.33209			6
2025.10.15	01:41:02.823	1.33207	1.33210			6
2025.10.15	01:41:04.372	1.33208	1.33211			6
2025.10.15	01:41:04.679	1.33207	1.33210			6
2025.10.15	01:41:05.622	1.33206	1.33209			6
2025.10.15	01:41:05.933	1.33207	1.33210			6
2025.10.15	01:41:06.862	1.33208	1.33211			6
2025.10.15	01:41:09.989	1.33209				2
2025.10.15	01:41:10.614	1.33208				2
2025.10.15	01:41:10.932	1.33209				2
2025.10.15	01:41:12.790	1.33207	1.33210			6
2025.10.15	01:41:13.098	1.33208	1.33211			6
2025.10.15	01:41:13.722	1.33207	1.33210			6
2025.10.15	01:41:14.036	1.33208	1.33211			6
2025.10.15	01:41:14.960	1.33209	1.33212			6
2025.10.15	01:41:15.575	1.33207	1.33210			6
2025.10.15	01:41:15.888	1.33209	1.33212			6
2025.10.15	01:41:16.518	1.33207	1.33210			6
2025.10.15	01:41:16.822	1.33208	1.33211			6
2025.10.15	01:41:19.960	1.33207	1.33210			6
2025.10.15	01:41:20.275	1.33208	1.33211			6
2025.10.15	01:41:23.071	1.33207	1.33210			6
2025.10.15	01:41:23.389	1.33209	1.33211			6
2025.10.15	01:41:24.622		1.33212			4
2025.10.15	01:41:24.931	1.33208	1.33211			6
2025.10.15	01:41:25.549	1.33209	1.33212			6
2025.10.15	01:41:27.426	1.33208	1.33211			6
2025.10.15	01:41:27.734	1.33209	1.33212			6
2025.10.15	01:41:28.352	1.33208	1.33211			6
2025.10.15	01:41:28.971	1.33209	1.33212			6
2025.10.15	01:41:29.585	1.33208	1.33211			6
2025.10.15	01:41:29.899	1.33209	1.33212			6
2025.10.15	01:41:30.513	1.33208	1.33211			6
2025.10.15	01:41:31.136	1.33209	1.33212			6
2025.10.15	01:41:31.755	1.33208	1.33211			6
2025.10.15	01:41:32.378	1.33209	1.33212			6
2025.10.15	01:41:33.625	1.33207	1.33210			6
2025.10.15	01:41:33.937	1.33209	1.33212			6
2025.10.15	01:41:34.880	1.33208	1.33211			6
2025.10.15	01:41:35.186	1.33209	1.33212			6
2025.10.15	01:41:35.807	1.33207	1.33210			6
2025.10.15	01:41:36.123	1.33209	1.33212			6
2025.10.15	01:41:37.371	1.33207	1.33210			6
2025.10.15	01:41:37.684	1.33209	1.33212			6
2025.10.15	01:41:39.550	1.33207	1.33210			6
2025.10.15	01:41:39.858	1.33209	1.33212			6
2025.10.15	01:41:41.718	1.33208	1.33211			6
2025.10.15	01:41:42.654	1.33207	1.33210			6
2025.10.15	01:41:42.963	1.33208	1.33211			6
2025.10.15	01:41:43.888	1.33209	1.33212			6
2025.10.15	01:41:44.810	1.33208	1.33211			6
2025.10.15	01:41:45.733	1.33207	1.33210			6
2025.10.15	01:41:46.039	1.33208	1.33211			6
2025.10.15	01:41:48.826	1.33207	1.33210			6
2025.10.15	01:41:49.134	1.33208	1.33211			6
2025.10.15	01:41:50.052	1.33209	1.33212			6
2025.10.15	01:41:50.368	1.33208	1.33211			6
2025.10.15	01:41:52.228	1.33207	1.33210			6
2025.10.15	01:41:52.533	1.33208	1.33211			6
2025.10.15	01:41:55.301	1.33207	1.33210			6
2025.10.15	01:41:55.610	1.33208	1.33211			6
2025.10.15	01:42:00.258	1.33208				2
2025.10.15	01:42:00.563	1.33207	1.33210			6
2025.10.15	01:42:00.868	1.33208	1.33211			6
2025.10.15	01:42:01.486	1.33209				2
2025.10.15	01:42:01.790	1.33208				2
2025.10.15	01:42:02.106	1.33209				2
2025.10.15	01:42:02.724	1.33208				2
2025.10.15	01:42:03.342	1.33209				2
2025.10.15	01:42:03.653	1.33207	1.33210			6
2025.10.15	01:42:03.961	1.33209	1.33211			6
2025.10.15	01:42:05.505	1.33207	1.33210			6
2025.10.15	01:42:09.215	1.33208	1.33211			6
2025.10.15	01:42:11.063	1.33207	1.33210			6
2025.10.15	01:42:11.371	1.33208	1.33211			6
2025.10.15	01:42:11.992	1.33207	1.33210			6
2025.10.15	01:42:12.611	1.33208	1.33211			6
2025.10.15	01:42:13.229	1.33207	1.33210			6
2025.10.15	01:42:13.535	1.33209	1.33212			6
2025.10.15	01:42:13.842	1.33208	1.33211			6
2025.10.15	01:42:14.159	1.33207	1.33210			6
2025.10.15	01:42:18.171	1.33206	1.33209			6
2025.10.15	01:42:21.570	1.33207	1.33210			6
2025.10.15	01:42:25.894	1.33208	1.33211			6
2025.10.15	01:42:30.533	1.33207	1.33210			6
2025.10.15	01:42:37.040	1.33208	1.33211			6
2025.10.15	01:42:38.902	1.33207	1.33210			6
2025.10.15	01:42:39.211	1.33208	1.33211			6
2025.10.15	01:42:39.844	1.33207	1.33210			6
2025.10.15	01:42:40.150	1.33208	1.33211			6
2025.10.15	01:42:42.016	1.33207	1.33210			6
2025.10.15	01:42:42.322	1.33208	1.33211			6
2025.10.15	01:42:42.941	1.33207	1.33210			6
2025.10.15	01:42:43.248	1.33208	1.33211			6
2025.10.15	01:42:45.110	1.33207	1.33210			6
2025.10.15	01:42:45.413	1.33208	1.33211			6
2025.10.15	01:42:46.034	1.33207	1.33210			6
2025.10.15	01:42:46.350	1.33208	1.33211			6
2025.10.15	01:42:48.205	1.33207	1.33210			6
2025.10.15	01:42:48.517	1.33208	1.33211			6
2025.10.15	01:42:51.291	1.33207	1.33210			6
2025.10.15	01:42:51.597	1.33208	1.33211			6
2025.10.15	01:42:53.764	1.33207	1.33210			6
2025.10.15	01:42:54.384	1.33209	1.33211			6
2025.10.15	01:42:54.694	1.33207	1.33210			6
2025.10.15	01:42:55.008	1.33206	1.33209			6
2025.10.15	01:42:55.315	1.33207	1.33210			6
2025.10.15	01:42:57.163	1.33206	1.33209			6
2025.10.15	01:42:57.481	1.33207	1.33210			6
2025.10.15	01:42:57.784	1.33205	1.33208			6
2025.10.15	01:42:58.086	1.33207	1.33210			6
2025.10.15	01:42:59.028	1.33208	1.33211			6
2025.10.15	01:43:00.255	1.33208				2
2025.10.15	01:43:04.888	1.33205	1.33208			6
2025.10.15	01:43:07.975	1.33207	1.33210			6
2025.10.15	01:43:16.639	1.33206	1.33209			6
2025.10.15	01:43:18.808	1.33207	1.33210			6
2025.10.15	01:43:26.530	1.33206	1.33209			6
2025.10.15	01:43:28.389	1.33207	1.33210			6
2025.10.15	01:43:33.661	1.33208	1.33211			6
2025.10.15	01:43:35.205	1.33207	1.33210			6
2025.10.15	01:43:35.821	1.33206	1.33209			6
2025.10.15	01:43:36.133	1.33207	1.33210			6
2025.10.15	01:43:37.052	1.33204	1.33207			6
2025.10.15	01:43:53.304	1.33203	1.33206			6
2025.10.15	01:43:59.244	1.33202	1.33205			6
2025.10.15	01:44:00.180	1.33201	1.33204			6
2025.10.15	01:44:06.138	1.33199	1.33202			6
2025.10.15	01:44:06.455	1.33201	1.33204			6
2025.10.15	01:44:07.390	1.33200	1.33203			6
2025.10.15	01:44:08.019	1.33199	1.33202			6
2025.10.15	01:44:13.637	1.33203	1.33206			6
2025.10.15	01:44:14.242	1.33204	1.33207			6
2025.10.15	01:44:15.177	1.33203	1.33206			6
2025.10.15	01:44:16.114	1.33204	1.33207			6
2025.10.15	01:44:20.158	1.33203	1.33206			6
2025.10.15	01:44:21.722	1.33204	1.33207			6
2025.10.15	01:44:22.029	1.33203	1.33206			6
2025.10.15	01:44:24.540	1.33202	1.33205			6
2025.10.15	01:44:27.347	1.33201	1.33204			6
2025.10.15	01:44:37.893	1.33202	1.33205			6
2025.10.15	01:44:42.234	1.33203	1.33206			6
2025.10.15	01:45:00.310	1.33202	1.33205			6
2025.10.15	01:45:00.619	1.33201	1.33204			6
2025.10.15	01:45:03.745	1.33202	1.33205			6
2025.10.15	01:45:06.255	1.33198	1.33201			6
2025.10.15	01:45:06.877	1.33199	1.33202			6
2025.10.15	01:45:37.685	1.33201	1.33204			6
2025.10.15	01:45:37.991	1.33200	1.33203			6
2025.10.15	01:45:39.252	1.33201	1.33204			6
2025.10.15	01:45:42.669	1.33200	1.33203			6
2025.10.15	01:45:59.522	1.33201	1.33204			6
2025.10.15	01:46:00.140	1.33201				2
2025.10.15	01:46:02.635	1.33203	1.33206			6
2025.10.15	01:46:03.578	1.33202	1.33205			6
2025.10.15	01:46:08.292	1.33201	1.33204			6
2025.10.15	01:46:09.534	1.33200	1.33203			6
2025.10.15	01:46:14.538	1.33199	1.33202			6
2025.10.15	01:46:22.628	1.33198	1.33201			6
2025.10.15	01:46:28.868	1.33199	1.33202			6
2025.10.15	01:46:33.835	1.33203	1.33206			6
2025.10.15	01:46:34.141	1.33202	1.33205			6
2025.10.15	01:47:00.220	1.33202				2
2025.10.15	01:47:34.205		1.33205			4
2025.10.15	01:47:53.906	1.33201	1.33204			6
2025.10.15	01:48:00.171	1.33201				2
2025.10.15	01:48:53.977		1.33204			4
2025.10.15	01:49:00.230	1.33201				2
2025.10.15	01:49:20.579	1.33200	1.33203			6
2025.10.15	01:49:20.887	1.33201	1.33204			6
2025.10.15	01:49:29.314	1.33197	1.33200			6
2025.10.15	01:49:33.671	1.33198	1.33201			6
2025.10.15	01:49:39.908	1.33202	1.33205			6
2025.10.15	01:50:00.025	1.33202				2
2025.10.15	01:50:14.530	1.33212	1.33214			6
2025.10.15	01:50:14.833	1.33211				2
2025.10.15	01:50:15.140		1.33213			4
2025.10.15	01:50:15.451	1.33210				2
2025.10.15	01:50:15.759	1.33209	1.33212			6
2025.10.15	01:50:16.373	1.33208				2
2025.10.15	01:50:21.334	1.33206	1.33210			6
2025.10.15	01:50:23.201	1.33207				2
2025.10.15	01:50:25.680		1.33211			4
2025.10.15	01:50:25.990		1.33210			4
2025.10.15	01:50:27.839	1.33204	1.33207			6
2025.10.15	01:50:28.144	1.33202				2
2025.10.15	01:50:29.384	1.33200				2
2025.10.15	01:50:30.613	1.33199				2
2025.10.15	01:50:31.544	1.33200				2
2025.10.15	01:50:33.083	1.33206	1.33210			6
2025.10.15	01:50:33.384	1.33207	1.33212			6
2025.10.15	01:50:33.685	1.33206				2
2025.10.15	01:50:33.999	1.33205				2
2025.10.15	01:50:35.859	1.33204	1.33208			6
2025.10.15	01:50:36.163	1.33202				2
2025.10.15	01:50:36.470	1.33201				2
2025.10.15	01:50:38.943		1.33209			4
2025.10.15	01:50:39.551		1.33208			4
2025.10.15	01:50:40.475	1.33202	1.33209			6
2025.10.15	01:50:45.733		1.33208			4
2025.10.15	01:50:46.347	1.33205	1.33211			6
2025.10.15	01:50:46.649		1.33212			4
2025.10.15	01:50:48.816		1.33211			4
2025.10.15	01:50:55.344	1.33203	1.33210			6
2025.10.15	01:50:57.217		1.33209			4
2025.10.15	01:50:57.525		1.33210			4
2025.10.15	01:50:59.397		1.33209			4
2025.10.15	01:51:00.019	1.33203				2
2025.10.15	01:51:00.654		1.33210			4
2025.10.15	01:51:02.210	1.33204				2
2025.10.15	01:51:05.316	1.33203				2
2025.10.15	01:51:06.252		1.33209			4
2025.10.15	01:51:11.221	1.33202	1.33208			6
2025.10.15	01:51:11.523	1.33203				2
2025.10.15	01:51:12.763		1.33209			4
2025.10.15	01:51:20.191	1.33204				2
2025.10.15	01:51:25.197	1.33205	1.33210			6
2025.10.15	01:51:30.180	1.33206				2
2025.10.15	01:51:31.105		1.33209			4
2025.10.15	01:51:33.245	1.33205				2
2025.10.15	01:51:35.089	1.33206	1.33210			6
2025.10.15	01:51:35.395		1.33209			4
2025.10.15	01:51:37.248	1.33207	1.33210			6
2025.10.15	01:51:37.554		1.33209			4
2025.10.15	01:51:38.169	1.33206				2
2025.10.15	01:51:42.777	1.33208	1.33211			6
2025.10.15	01:51:43.396	1.33209				2
2025.10.15	01:51:44.308	1.33207				2
2025.10.15	01:51:44.616	1.33209				2
2025.10.15	01:51:45.536	1.33208				2
2025.10.15	01:51:47.374	1.33207				2
2025.10.15	01:51:47.683	1.33209				2
2025.10.15	01:51:48.593	1.33207				2
2025.10.15	01:51:49.201	1.33208				2
2025.10.15	01:51:49.512	1.33207				2
2025.10.15	01:51:49.818	1.33208				2
2025.10.15	01:51:50.427	1.33207				2
2025.10.15	01:51:50.729	1.33203	1.33207			6
2025.10.15	01:51:51.035	1.33200	1.33205			6
2025.10.15	01:51:51.341	1.33199				2
2025.10.15	01:51:51.967		1.33206			4
2025.10.15	01:51:52.275		1.33205			4
2025.10.15	01:51:52.580	1.33198				2
2025.10.15	01:52:00.023	1.33198				2
2025.10.15	01:52:00.330	1.33199	1.33206			6
2025.10.15	01:52:01.572		1.33205			4
2025.10.15	01:52:02.187	1.33198				2
2025.10.15	01:52:02.502	1.33199	1.33206			6
2025.10.15	01:52:05.310		1.33205			4
2025.10.15	01:52:08.395		1.33206			4
2025.10.15	01:52:10.255	1.33200				2
2025.10.15	01:52:14.892	1.33199				2
2025.10.15	01:52:15.199	1.33200				2
2025.10.15	01:52:20.147	1.33201				2
2025.10.15	01:52:20.456	1.33200	1.33205			6
2025.10.15	01:52:23.911	1.33201	1.33206			6
2025.10.15	01:52:24.830	1.33200	1.33205			6
2025.10.15	01:52:26.052		1.33204			4
2025.10.15	01:52:28.178		1.33205			4
2025.10.15	01:52:29.094	1.33201				2
2025.10.15	01:52:40.135		1.33204			4
2025.10.15	01:52:42.898	1.33200	1.33203			6
2025.10.15	01:52:43.204	1.33201	1.33204			6
2025.10.15	01:53:00.094	1.33201				2
2025.10.15	01:53:11.107	1.33200	1.33203			6
2025.10.15	01:53:11.416	1.33201	1.33204			6
2025.10.15	01:53:26.724	1.33202	1.33205			6
2025.10.15	01:53:49.119	1.33208	1.33210			6
2025.10.15	01:53:49.744	1.33206	1.33209			6
2025.10.15	01:53:50.060	1.33205				2
2025.10.15	01:53:50.369	1.33204	1.33210			6
2025.10.15	01:53:51.294	1.33205				2
2025.10.15	01:53:54.390	1.33206				2
2025.10.15	01:53:57.186	1.33207				2
2025.10.15	01:53:59.046	1.33206	1.33209			6
2025.10.15	01:53:59.994		1.33210			4
2025.10.15	01:54:00.298	1.33206				2
2025.10.15	01:54:02.162	1.33207				2
2025.10.15	01:54:03.398	1.33203	1.33207			6
2025.10.15	01:54:04.340	1.33202				2
2025.10.15	01:54:04.645	1.33201				2
2025.10.15	01:54:05.261	1.33200				2
2025.10.15	01:54:08.356	1.33201				2
2025.10.15	01:54:09.916	1.33200	1.33206			6
2025.10.15	01:54:13.317	1.33201				2
2025.10.15	01:54:19.189		1.33205			4
2025.10.15	01:54:29.158	1.33202				2
2025.10.15	01:54:31.311	1.33201	1.33204			6
2025.10.15	01:54:31.619	1.33200	1.33203			6
2025.10.15	01:54:33.149	1.33199	1.33202			6
2025.10.15	01:54:37.745	1.33200	1.33203			6
2025.10.15	01:54:42.343	1.33202	1.33205			6
2025.10.15	01:54:42.650	1.33201	1.33204			6
2025.10.15	01:54:43.573	1.33200	1.33203			6
2025.10.15	01:54:46.322	1.33198	1.33201			6
2025.10.15	01:54:52.460	1.33199	1.33202			6
2025.10.15	01:54:53.675	1.33198	1.33201			6
2025.10.15	01:54:53.980	1.33201	1.33204			6
2025.10.15	01:54:55.508	1.33200	1.33203			6
2025.10.15	01:55:00.099	1.33200				2
2025.10.15	01:55:02.235	1.33199	1.33202			6
2025.10.15	01:55:11.791	1.33198	1.33201			6
2025.10.15	01:55:14.271	1.33197	1.33200			6
2025.10.15	01:55:24.480	1.33198	1.33201			6
2025.10.15	01:55:24.791	1.33195	1.33198			6
2025.10.15	01:55:26.028	1.33197	1.33200			6
2025.10.15	01:55:27.899	1.33195	1.33198			6
2025.10.15	01:55:28.211	1.33196	1.33199			6
2025.10.15	01:55:30.068	1.33195	1.33198			6
2025.10.15	01:55:32.543	1.33196	1.33199			6
2025.10.15	01:55:38.442	1.33194	1.33197			6
2025.10.15	01:55:41.234	1.33197	1.33200			6
2025.10.15	01:55:42.146	1.33195	1.33198			6
2025.10.15	01:55:42.455	1.33193	1.33196			6
2025.10.15	01:55:42.760	1.33190	1.33193			6
2025.10.15	01:55:44.312	1.33189	1.33194			6
2025.10.15	01:56:00.116	1.33190				2
2025.10.15	01:56:07.286		1.33193			4
2025.10.15	01:56:10.367	1.33191	1.33194			6
2025.10.15	01:56:10.670	1.33198	1.33201			6
2025.10.15	01:56:11.586	1.33195	1.33198			6
2025.10.15	01:56:12.199	1.33194	1.33200			6
2025.10.15	01:56:13.425	1.33195	1.33202			6
2025.10.15	01:56:13.740	1.33194				2
2025.10.15	01:56:14.657	1.33195				2
2025.10.15	01:56:40.774		1.33201			4
2025.10.15	01:56:46.689	1.33194				2
2025.10.15	01:56:53.180	1.33195				2
2025.10.15	01:56:55.340	1.33194				2
2025.10.15	01:56:56.262	1.33195				2
2025.10.15	01:57:00.294	1.33195				2
2025.10.15	01:57:03.395	1.33196				2
2025.10.15	01:57:07.354	1.33197				2
2025.10.15	01:57:07.964	1.33198	1.33202			6
2025.10.15	01:57:08.888	1.33197	1.33201			6
2025.10.15	01:57:16.217		1.33200			4
2025.10.15	01:57:17.742	1.33196	1.33199			6
2025.10.15	01:57:22.628	1.33195	1.33198			6
2025.10.15	01:57:25.981	1.33197	1.33200			6
2025.10.15	01:57:28.734	1.33196	1.33199			6
2025.10.15	01:57:29.653	1.33195	1.33198			6
2025.10.15	01:57:30.265	1.33196	1.33199			6
2025.10.15	01:57:41.285	1.33198	1.33201			6
2025.10.15	01:57:41.586	1.33197	1.33200			6
2025.10.15	01:57:48.335	1.33196	1.33199			6
2025.10.15	01:57:58.750	1.33197	1.33200			6
2025.10.15	01:57:59.362	1.33196	1.33199			6
2025.10.15	01:58:00.282	1.33196				2
2025.10.15	01:58:13.637	1.33197	1.33200			6
2025.10.15	01:58:17.302	1.33196	1.33199			6
2025.10.15	01:59:00.279	1.33196				2
2025.10.15	01:59:08.015	1.33195	1.33198			6
2025.10.15	01:59:12.040	1.33192	1.33195			6
2025.10.15	01:59:12.968		1.33194			4
2025.10.15	01:59:13.276	1.33193				2
2025.10.15	01:59:14.508	1.33191	1.33193			6
2025.10.15	01:59:16.056		1.33194			4
2025.10.15	01:59:21.024		1.33193			4
2025.10.15	01:59:21.329	1.33190				2
2025.10.15	01:59:25.040	1.33189	1.33192			6
2025.10.15	01:59:25.350	1.33190	1.33193			6
2025.10.15	01:59:27.526	1.33188	1.33191			6
2025.10.15	01:59:31.899	1.33189	1.33190			6
2025.10.15	01:59:33.149		1.33191			4
2025.10.15	01:59:46.451		1.33192			4
2025.10.15	01:59:47.078		1.33191			4
2025.10.15	01:59:57.944	1.33188	1.33190			6
2025.10.15	02:00:00.118	1.33189	1.33192			6
2025.10.15	02:00:00.427	1.33190	1.33193			6
2025.10.15	02:00:00.741	1.33189	1.33192			6
2025.10.15	02:00:03.829	1.33188	1.33191			6
2025.10.15	02:00:04.452	1.33189				2
2025.10.15	02:00:06.314		1.33192			4
2025.10.15	02:00:10.651	1.33188	1.33191			6
2025.10.15	02:00:13.132	1.33189	1.33192			6
2025.10.15	02:00:14.385	1.33188	1.33191			6
2025.10.15	02:00:24.600	1.33185	1.33188			6
2025.10.15	02:00:25.228	1.33186	1.33189			6
2025.10.15	02:00:25.530	1.33181	1.33182			6
2025.10.15	02:00:26.149		1.33184			4
2025.10.15	02:00:28.305		1.33183			4
2025.10.15	02:00:30.796		1.33184			4
2025.10.15	02:00:32.031	1.33183	1.33186			6
2025.10.15	02:00:32.339		1.33187			4
2025.10.15	02:00:32.958	1.33179	1.33184			6
2025.10.15	02:00:33.267		1.33185			4
2025.10.15	02:00:34.195	1.33180				2
2025.10.15	02:00:34.813	1.33179				2
2025.10.15	02:00:35.120	1.33180				2
2025.10.15	02:00:36.049	1.33179				2
2025.10.15	02:00:36.359	1.33180				2
2025.10.15	02:00:38.224		1.33184			4
2025.10.15	02:00:46.584	1.33178	1.33182			6
2025.10.15	02:00:46.887		1.33181			4
2025.10.15	02:00:47.195		1.33182			4
2025.10.15	02:00:48.449	1.33177	1.33181			6
2025.10.15	02:00:48.756	1.33176				2
2025.10.15	02:00:50.623	1.33175	1.33179			6
2025.10.15	02:00:51.550		1.33180			4
2025.10.15	02:00:56.173		1.33179			4
2025.10.15	02:01:00.185	1.33176				2
2025.10.15	02:01:04.196		1.33180			4
2025.10.15	02:01:05.130	1.33177				2
2025.10.15	02:01:11.580	1.33176	1.33179			6
2025.10.15	02:01:13.120	1.33177	1.33180			6
2025.10.15	02:01:19.638	1.33176	1.33179			6
2025.10.15	02:01:20.255	1.33177	1.33180			6
2025.10.15	02:01:20.869	1.33176	1.33179			6
2025.10.15	02:01:21.181	1.33177	1.33180			6
2025.10.15	02:01:26.757	1.33176	1.33179			6
2025.10.15	02:01:29.243	1.33177	1.33180			6
2025.10.15	02:01:30.793	1.33176	1.33179			6
2025.10.15	02:01:31.098	1.33177	1.33180			6
2025.10.15	02:01:32.971	1.33178	1.33181			6
2025.10.15	02:01:33.907	1.33177	1.33180			6
2025.10.15	02:01:34.844	1.33176	1.33179			6
2025.10.15	02:01:35.152	1.33177	1.33180			6
2025.10.15	02:01:35.773	1.33176	1.33179			6
2025.10.15	02:01:36.081	1.33175	1.33178			6
2025.10.15	02:01:36.394	1.33176	1.33179			6
2025.10.15	02:01:37.638		1.33178			4
2025.10.15	02:01:37.952	1.33178	1.33181			6
2025.10.15	02:01:38.258	1.33177	1.33180			6
2025.10.15	02:01:40.113	1.33176	1.33179			6
2025.10.15	02:01:40.426	1.33177	1.33180			6
2025.10.15	02:01:43.204	1.33176	1.33179			6
2025.10.15	02:01:43.519	1.33177	1.33180			6
2025.10.15	02:01:46.305	1.33179	1.33182			6
2025.10.15	02:01:46.607	1.33174	1.33177			6
2025.10.15	02:01:46.915	1.33171	1.33174			6
2025.10.15	02:01:48.160		1.33177			4
2025.10.15	02:01:51.876	1.33172				2
2025.10.15	02:01:58.664	1.33171	1.33175			6
2025.10.15	02:01:58.975	1.33170				2
2025.10.15	02:01:59.902	1.33171				2
2025.10.15	02:02:00.210	1.33171				2
2025.10.15	02:02:02.390		1.33176			4
2025.10.15	02:02:06.108	1.33169	1.33175			6
2025.10.15	02:02:08.280	1.33168	1.33173			6
2025.10.15	02:02:08.594	1.33169	1.33175			6
2025.10.15	02:02:09.515	1.33168				2
2025.10.15	02:02:10.460	1.33170	1.33176			6
2025.10.15	02:02:15.730	1.33169	1.33175			6
2025.10.15	02:02:17.283	1.33170				2
2025.10.15	02:02:18.829	1.33173				2
2025.10.15	02:02:19.135	1.33176	1.33181			6
2025.10.15	02:02:20.364	1.33175				2
2025.10.15	02:02:24.076	1.33176				2
2025.10.15	02:02:25.309	1.33175				2
2025.10.15	02:02:27.463	1.33171	1.33183			6
2025.10.15	02:02:27.776	1.33172	1.33184			6
2025.10.15	02:02:30.572	1.33173	1.33185			6
2025.10.15	02:02:31.191	1.33175	1.33182			6
2025.10.15	02:02:32.418		1.33181			4
2025.10.15	02:02:37.976	1.33176				2
2025.10.15	02:02:40.142	1.33175				2
2025.10.15	02:02:41.386	1.33176	1.33183			6
2025.10.15	02:02:44.465	1.33175	1.33182			6
2025.10.15	02:02:56.266		1.33181			4
2025.10.15	02:03:00.273	1.33175				2
2025.10.15	02:03:02.119	1.33174				2
2025.10.15	02:03:02.426	1.33175	1.33180			6
2025.10.15	02:03:02.742	1.33174				2
2025.10.15	02:03:03.048	1.33173				2
2025.10.15	02:03:03.354	1.33174				2
2025.10.15	02:03:03.660	1.33175				2
2025.10.15	02:03:03.962	1.33174				2
2025.10.15	02:03:04.265	1.33175				2
2025.10.15	02:03:04.572	1.33174	1.33179			6
2025.10.15	02:03:05.189	1.33175	1.33180			6
2025.10.15	02:03:05.495	1.33174				2
2025.10.15	02:03:07.338	1.33175	1.33179			6
2025.10.15	02:03:07.646	1.33174				2
2025.10.15	02:03:11.318		1.33178			4
2025.10.15	02:03:14.087	1.33173	1.33177			6
2025.10.15	02:03:18.384	1.33174				2
2025.10.15	02:03:34.010	1.33176	1.33179			6
2025.10.15	02:03:40.739	1.33178	1.33181			6
2025.10.15	02:03:44.405	1.33180	1.33183			6
2025.10.15	02:03:46.235	1.33179	1.33182			6
2025.10.15	02:03:53.587	1.33178	1.33181			6
2025.10.15	02:04:00.010	1.33178				2
2025.10.15	02:04:05.534	1.33177	1.33180			6
2025.10.15	02:04:05.835	1.33178	1.33181			6
2025.10.15	02:04:06.757	1.33177	1.33180			6
2025.10.15	02:04:07.371	1.33178	1.33181			6
2025.10.15	02:04:08.602	1.33184	1.33186			6
2025.10.15	02:04:08.904	1.33187	1.33190			6
2025.10.15	02:04:09.206	1.33186	1.33189			6
2025.10.15	02:04:10.127	1.33184	1.33191			6
2025.10.15	02:04:13.527	1.33185				2
2025.10.15	02:04:13.839	1.33186	1.33192			6
2025.10.15	02:04:14.456	1.33185	1.33191			6
2025.10.15	02:04:19.122	1.33184	1.33189			6
2025.10.15	02:04:20.369	1.33183	1.33190			6
2025.10.15	02:04:27.188	1.33184				2
2025.10.15	02:04:49.153	1.33181	1.33192			6
2025.10.15	02:04:50.394		1.33191			4
2025.10.15	02:04:51.937	1.33182	1.33192			6
2025.10.15	02:04:52.245	1.33181	1.33191			6
2025.10.15	02:04:52.855	1.33184	1.33190			6
2025.10.15	02:05:00.260	1.33184				2
2025.10.15	02:05:05.180		1.33189			4
2025.10.15	02:05:05.486	1.33185	1.33190			6
2025.10.15	02:05:05.788	1.33184	1.33189			6
2025.10.15	02:05:09.147		1.33188			4
2025.10.15	02:05:10.066	1.33185	1.33189			6
2025.10.15	02:05:10.371	1.33184	1.33188			6
2025.10.15	02:05:12.202	1.33185	1.33189			6
2025.10.15	02:05:12.809	1.33184	1.33188			6
2025.10.15	02:05:15.261	1.33185				2
2025.10.15	02:05:22.613	1.33186	1.33189			6
2025.10.15	02:05:22.922	1.33185	1.33188			6
2025.10.15	02:05:24.774	1.33186	1.33189			6
2025.10.15	02:05:25.079	1.33185	1.33188			6
2025.10.15	02:05:27.833	1.33186	1.33189			6
2025.10.15	02:05:28.141	1.33185	1.33188			6
2025.10.15	02:05:29.992	1.33186	1.33189			6
2025.10.15	02:05:30.298	1.33185	1.33188			6
2025.10.15	02:05:30.607	1.33187	1.33190			6
2025.10.15	02:05:33.692	1.33188	1.33191			6
2025.10.15	02:05:34.001	1.33189	1.33192			6
2025.10.15	02:05:34.304	1.33187	1.33190			6
2025.10.15	02:05:39.187	1.33186	1.33189			6
2025.10.15	02:05:39.496	1.33188	1.33191			6
2025.10.15	02:05:39.803	1.33187	1.33190			6
2025.10.15	02:05:40.112	1.33188	1.33191			6
2025.10.15	02:05:40.417	1.33189	1.33192			6
2025.10.15	02:05:43.776	1.33188	1.33191			6
2025.10.15	02:05:45.605	1.33189	1.33192			6
2025.10.15	02:05:48.044	1.33190	1.33193			6
2025.10.15	02:05:53.244	1.33191	1.33194			6
2025.10.15	02:06:00.006	1.33191				2
2025.10.15	02:06:06.432	1.33193				2
2025.10.15	02:06:14.732	1.33194	1.33195			6
2025.10.15	02:06:16.266	1.33193				2
2025.10.15	02:06:17.489		1.33194			4
2025.10.15	02:06:17.792	1.33191				2
2025.10.15	02:06:38.336	1.33192	1.33195			6
2025.10.15	02:06:50.601	1.33191	1.33194			6
2025.10.15	02:06:53.973	1.33196	1.33199			6
2025.10.15	02:06:56.107	1.33195	1.33198			6
2025.10.15	02:07:00.078	1.33195				2
2025.10.15	02:07:00.683	1.33196	1.33199			6
2025.10.15	02:07:02.525	1.33197	1.33200			6
2025.10.15	02:07:04.353	1.33199	1.33202			6
2025.10.15	02:07:05.293	1.33198	1.33201			6
2025.10.15	02:07:08.393	1.33197	1.33200			6
2025.10.15	02:07:45.625	1.33196	1.33199			6
2025.10.15	02:07:50.585	1.33197	1.33200			6
2025.10.15	02:07:50.901	1.33196	1.33199			6
2025.10.15	02:07:57.176	1.33195	1.33198			6
2025.10.15	02:07:57.804	1.33194	1.33197			6
2025.10.15	02:08:00.299	1.33194				2
2025.10.15	02:08:02.173	1.33195	1.33198			6
2025.10.15	02:08:05.297	1.33196	1.33199			6
2025.10.15	02:08:05.605	1.33194	1.33197			6
2025.10.15	02:08:09.339	1.33195	1.33198			6
2025.10.15	02:08:22.017	1.33194	1.33197			6
2025.10.15	02:08:22.943	1.33196	1.33199			6
2025.10.15	02:08:23.248	1.33198	1.33201			6
2025.10.15	02:08:24.188	1.33200	1.33203			6
2025.10.15	02:08:30.066	1.33202	1.33205			6
2025.10.15	02:08:30.993	1.33201	1.33204			6
2025.10.15	02:08:31.298	1.33200	1.33203			6
2025.10.15	02:08:33.770	1.33199	1.33202			6
2025.10.15	02:08:43.660	1.33200	1.33203			6
2025.10.15	02:08:44.279	1.33199	1.33202			6
2025.10.15	02:08:45.206	1.33198	1.33201			6
2025.10.15	02:08:45.842	1.33197	1.33200			6
2025.10.15	02:08:46.766	1.33196	1.33199			6
2025.10.15	02:08:48.619	1.33195	1.33198			6
2025.10.15	02:08:56.648	1.33196	1.33199			6
2025.10.15	02:09:00.040	1.33196				2
2025.10.15	02:09:18.297	1.33198	1.33201			6
2025.10.15	02:09:26.978	1.33197	1.33200			6
2025.10.15	02:09:47.445	1.33196	1.33199			6
2025.10.15	02:10:00.143	1.33196				2
2025.10.15	02:10:21.020	1.33197	1.33200			6
2025.10.15	02:10:21.327	1.33196	1.33199			6
2025.10.15	02:10:59.022	1.33198	1.33201			6
2025.10.15	02:10:59.649	1.33197	1.33200			6
2025.10.15	02:11:00.268	1.33196	1.33199			6
2025.10.15	02:11:00.577	1.33195	1.33198			6
2025.10.15	02:11:00.891	1.33194	1.33197			6
2025.10.15	02:11:01.517	1.33191	1.33194			6
2025.10.15	02:11:02.155	1.33190	1.33193			6
2025.10.15	02:11:02.471	1.33189	1.33192			6
2025.10.15	02:11:05.871	1.33190	1.33193			6
2025.10.15	02:11:06.494	1.33189	1.33192			6
2025.10.15	02:11:08.052	1.33190	1.33193			6
2025.10.15	02:11:08.357	1.33189	1.33192			6
2025.10.15	02:11:09.919	1.33191	1.33194			6
2025.10.15	02:11:11.770	1.33190	1.33193			6
2025.10.15	02:11:12.086	1.33187	1.33190			6
2025.10.15	02:11:19.244	1.33188	1.33191			6
2025.10.15	02:11:25.190	1.33190	1.33193			6
2025.10.15	02:11:32.640	1.33192	1.33195			6
2025.10.15	02:11:38.831	1.33189	1.33192			6
2025.10.15	02:11:40.068	1.33188	1.33191			6
2025.10.15	02:11:40.689	1.33189	1.33192			6
2025.10.15	02:11:40.998	1.33188	1.33191			6
2025.10.15	02:11:51.841	1.33189	1.33192			6
2025.10.15	02:12:00.271	1.33189				2
2025.10.15	02:12:03.044	1.33190	1.33193			6
2025.10.15	02:12:06.445	1.33189	1.33192			6
2025.10.15	02:12:10.512	1.33188	1.33191			6
2025.10.15	02:12:29.169	1.33190	1.33193			6
2025.10.15	02:12:35.722	1.33191	1.33194			6
2025.10.15	02:12:59.573	1.33190	1.33193			6
2025.10.15	02:13:00.189	1.33190				2
2025.10.15	02:13:02.662	1.33189	1.33192			6
2025.10.15	02:13:03.601	1.33190	1.33193			6
2025.10.15	02:13:06.370	1.33191	1.33194			6
2025.10.15	02:13:07.916	1.33193	1.33196			6
2025.10.15	02:13:08.220	1.33192	1.33195			6
2025.10.15	02:13:19.067	1.33197	1.33200			6
2025.10.15	02:13:19.387	1.33198	1.33202			6
2025.10.15	02:13:19.697	1.33197	1.33201			6
2025.10.15	02:13:23.096	1.33198				2
2025.10.15	02:13:25.595	1.33197	1.33200			6
2025.10.15	02:13:37.345	1.33198	1.33201			6
2025.10.15	02:13:47.222	1.33197	1.33200			6
2025.10.15	02:13:53.094	1.33196	1.33199			6
2025.10.15	02:14:00.193	1.33196				2
2025.10.15	02:14:08.833	1.33197	1.33200			6
2025.10.15	02:14:10.382	1.33196	1.33199			6
2025.10.15	02:14:11.626	1.33197	1.33200			6
2025.10.15	02:14:13.472	1.33195	1.33198			6
2025.10.15	02:14:14.094	1.33197	1.33200			6
2025.10.15	02:14:22.427	1.33198	1.33201			6
2025.10.15	02:14:26.441	1.33197	1.33200			6
2025.10.15	02:14:40.715	1.33198	1.33201			6
2025.10.15	02:14:41.335	1.33197	1.33200			6
2025.10.15	02:15:00.170	1.33197				2
2025.10.15	02:15:08.351	1.33198	1.33201			6
2025.10.15	02:15:08.658	1.33197	1.33200			6
2025.10.15	02:15:21.608	1.33191	1.33194			6
2025.10.15	02:15:22.535	1.33192	1.33195			6
2025.10.15	02:15:22.842	1.33191	1.33194			6
2025.10.15	02:15:23.150	1.33190	1.33196			6
2025.10.15	02:15:25.312		1.33195			4
2025.10.15	02:15:27.155	1.33189				2
2025.10.15	02:15:29.641	1.33190	1.33196			6
2025.10.15	02:15:30.248		1.33195			4
2025.10.15	02:15:31.172		1.33196			4
2025.10.15	02:15:32.097		1.33195			4
2025.10.15	02:15:33.028	1.33191	1.33196			6
2025.10.15	02:15:38.269		1.33195			4
2025.10.15	02:15:46.293		1.33194			4
2025.10.15	02:15:57.750	1.33190	1.33193			6
2025.10.15	02:15:59.913	1.33191	1.33194			6
2025.10.15	02:16:00.222	1.33191				2
2025.10.15	02:16:00.849	1.33192	1.33195			6
2025.10.15	02:16:01.164	1.33191	1.33194			6
2025.10.15	02:16:01.786	1.33192	1.33195			6
2025.10.15	02:16:08.305	1.33191	1.33194			6
2025.10.15	02:16:09.229	1.33196	1.33199			6
2025.10.15	02:16:09.855	1.33195	1.33198			6
2025.10.15	02:16:10.174	1.33194	1.33200			6
2025.10.15	02:16:11.422		1.33201			4
2025.10.15	02:16:15.757	1.33195	1.33203			6
2025.10.15	02:16:18.237	1.33194	1.33202			6
2025.10.15	02:16:27.841	1.33195				2
2025.10.15	02:16:28.148	1.33194				2
2025.10.15	02:16:33.404	1.33195				2
2025.10.15	02:16:34.633	1.33194				2
2025.10.15	02:16:39.269	1.33195				2
2025.10.15	02:16:42.359	1.33196				2
2025.10.15	02:16:44.520	1.33195				2
2025.10.15	02:16:47.305		1.33201			4
2025.10.15	02:16:50.102	1.33196				2
2025.10.15	02:16:55.349	1.33197				2
2025.10.15	02:16:57.500	1.33198	1.33202			6
2025.10.15	02:16:57.803	1.33200	1.33204			6
2025.10.15	02:16:59.337	1.33198	1.33205			6
2025.10.15	02:17:00.272	1.33198				2
2025.10.15	02:17:03.363		1.33204			4
2025.10.15	02:17:05.525	1.33197	1.33203			6
2025.10.15	02:17:06.145	1.33196	1.33202			6
2025.10.15	02:17:07.683	1.33195				2
2025.10.15	02:17:07.990	1.33196	1.33203			6
2025.10.15	02:17:08.306		1.33202			4
2025.10.15	02:17:08.923	1.33197	1.33203			6
2025.10.15	02:17:10.161	1.33198				2
2025.10.15	02:17:11.718		1.33204			4
2025.10.15	02:17:12.336	1.33199	1.33205			6
2025.10.15	02:17:12.640	1.33200	1.33206			6
2025.10.15	02:17:13.574	1.33199	1.33205			6
2025.10.15	02:17:17.292	1.33200				2
2025.10.15	02:17:23.186		1.33204			4
2025.10.15	02:17:28.711	1.33201	1.33205			6
2025.10.15	02:17:29.325		1.33204			4
2025.10.15	02:17:37.597	1.33200	1.33203			6
2025.10.15	02:17:38.516	1.33201	1.33204			6
2025.10.15	02:17:59.956	1.33200	1.33203			6
2025.10.15	02:18:00.261	1.33201	1.33204			6
2025.10.15	02:18:00.576	1.33202	1.33205			6
2025.10.15	02:18:03.033	1.33206	1.33209			6
2025.10.15	02:18:04.265		1.33210			4
2025.10.15	02:18:08.600	1.33205	1.33209			6
2025.10.15	02:18:08.910	1.33203	1.33207			6
2025.10.15	02:18:09.537	1.33205	1.33209			6
2025.10.15	02:18:11.092		1.33210			4
2025.10.15	02:18:12.021	1.33204	1.33209			6
2025.10.15	02:18:13.255	1.33205				2
2025.10.15	02:18:20.103		1.33208			4
2025.10.15	02:18:24.382	1.33202	1.33205			6
2025.10.15	02:18:24.989	1.33201	1.33204			6
2025.10.15	02:18:25.291		1.33205			4
2025.10.15	02:18:26.216		1.33206			4
2025.10.15	02:18:30.253		1.33205			4
2025.10.15	02:18:30.570	1.33200	1.33204			6
2025.10.15	02:18:37.090	1.33201				2
2025.10.15	02:18:40.462	1.33202	1.33205			6
2025.10.15	02:18:41.999	1.33201	1.33204			6
2025.10.15	02:18:48.766	1.33202	1.33205			6
2025.10.15	02:18:49.686	1.33215	1.33218			6
2025.10.15	02:18:50.304	1.33212	1.33220			6
2025.10.15	02:18:50.914		1.33219			4
2025.10.15	02:18:51.525	1.33210	1.33214			6
2025.10.15	02:18:51.830	1.33213	1.33221			6
2025.10.15	02:18:54.335	1.33215	1.33222			6
2025.10.15	02:18:54.959	1.33214	1.33221			6
2025.10.15	02:18:56.518		1.33222			4
2025.10.15	02:18:57.135	1.33215				2
2025.10.15	02:19:00.226	1.33215				2
2025.10.15	02:19:02.393	1.33214	1.33221			6
2025.10.15	02:19:05.460	1.33213	1.33220			6
2025.10.15	02:19:07.014		1.33221			4
2025.10.15	02:19:14.127		1.33220			4
2025.10.15	02:19:14.447	1.33214	1.33221			6
2025.10.15	02:19:22.520	1.33213				2
2025.10.15	02:19:24.081	1.33214	1.33222			6
2025.10.15	02:19:24.387	1.33215				2
2025.10.15	02:19:27.493	1.33214				2
2025.10.15	02:19:28.405	1.33213	1.33221			6
2025.10.15	02:19:37.718	1.33212				2
2025.10.15	02:19:41.731	1.33213				2
2025.10.15	02:19:42.659	1.33214				2
2025.10.15	02:19:42.961		1.33222			4
2025.10.15	02:19:43.590	1.33215				2
2025.10.15	02:19:43.900	1.33214				2
2025.10.15	02:19:47.605	1.33215	1.33221			6
2025.10.15	02:20:00.287	1.33213	1.33220			6
2025.10.15	02:20:00.591	1.33212				2
2025.10.15	02:20:03.091		1.33219			4
2025.10.15	02:20:04.010	1.33213	1.33220			6
2025.10.15	02:20:04.937		1.33221			4
2025.10.15	02:20:05.881		1.33220			4
2025.10.15	02:20:08.669		1.33221			4
2025.10.15	02:20:09.290		1.33220			4
2025.10.15	02:20:10.830	1.33215	1.33221			6
2025.10.15	02:20:15.772	1.33213	1.33218			6
2025.10.15	02:20:16.084		1.33220			4
2025.10.15	02:20:17.943		1.33221			4
2025.10.15	02:20:19.195	1.33214				2
2025.10.15	02:20:19.501	1.33213	1.33220			6
2025.10.15	02:20:21.039	1.33214	1.33221			6
2025.10.15	02:20:21.651	1.33215				2
2025.10.15	02:20:25.634		1.33222			4
2025.10.15	02:20:25.940		1.33221			4
2025.10.15	02:20:30.852	1.33216				2
2025.10.15	02:20:31.162		1.33222			4
2025.10.15	02:20:33.299	1.33217				2
2025.10.15	02:20:35.452	1.33218				2
2025.10.15	02:20:49.567	1.33219				2
2025.10.15	02:20:50.172	1.33221	1.33225			6
2025.10.15	02:20:50.475	1.33220	1.33224			6
2025.10.15	02:20:51.387	1.33221	1.33225			6
2025.10.15	02:20:53.239	1.33222	1.33226			6
2025.10.15	02:20:53.849	1.33224	1.33228			6
2025.10.15	02:20:58.448	1.33225	1.33229			6
2025.10.15	02:20:58.754	1.33224	1.33228			6
2025.10.15	02:21:00.286	1.33225				2
2025.10.15	02:21:11.034	1.33226	1.33229			6
2025.10.15	02:21:11.335	1.33227	1.33230			6
2025.10.15	02:21:12.257	1.33228	1.33231			6
2025.10.15	02:21:14.090	1.33229	1.33232			6
2025.10.15	02:21:16.228	1.33228	1.33231			6
2025.10.15	02:21:20.832	1.33227	1.33230			6
2025.10.15	02:21:21.749	1.33224	1.33227			6
2025.10.15	02:21:22.053	1.33225	1.33228			6
2025.10.15	02:21:22.360	1.33223	1.33226			6
2025.10.15	02:21:29.707	1.33222	1.33225			6
2025.10.15	02:21:37.362	1.33221	1.33224			6
2025.10.15	02:21:47.793	1.33219	1.33221			6
2025.10.15	02:21:48.101	1.33217	1.33220			6
2025.10.15	02:21:49.327	1.33218	1.33221			6
2025.10.15	02:21:59.709	1.33221	1.33224			6
2025.10.15	02:22:00.019	1.33222	1.33225			6
2025.10.15	02:22:03.983	1.33223	1.33226			6
2025.10.15	02:22:12.257	1.33222	1.33225			6
2025.10.15	02:22:15.021	1.33220	1.33223			6
2025.10.15	02:22:18.100	1.33219	1.33222			6
2025.10.15	02:22:23.911	1.33220	1.33223			6
2025.10.15	02:22:36.824	1.33218	1.33221			6
2025.10.15	02:22:37.743	1.33217	1.33220			6
2025.10.15	02:23:00.219	1.33220	1.33223			6
2025.10.15	02:23:03.009	1.33222	1.33225			6
2025.10.15	02:23:04.242	1.33221	1.33224			6
2025.10.15	02:23:12.249	1.33222	1.33225			6
2025.10.15	02:23:12.870	1.33221	1.33224			6
2025.10.15	02:23:13.173	1.33220	1.33223			6
2025.10.15	02:23:13.488	1.33221	1.33224			6
2025.10.15	02:23:15.034	1.33222	1.33225			6
2025.10.15	02:23:15.653	1.33226	1.33229			6
2025.10.15	02:23:15.959	1.33225	1.33228			6
2025.10.15	02:23:19.039	1.33224	1.33227			6
2025.10.15	02:23:21.507	1.33225	1.33228			6
2025.10.15	02:23:25.825	1.33217	1.33220			6
2025.10.15	02:23:26.129	1.33218	1.33221			6
2025.10.15	02:23:27.373	1.33217	1.33220			6
2025.10.15	02:23:44.674	1.33215	1.33218			6
2025.10.15	02:23:44.978	1.33216	1.33219			6
2025.10.15	02:23:45.612	1.33215	1.33218			6
2025.10.15	02:23:49.324	1.33217	1.33220			6
2025.10.15	02:24:00.137	1.33217				2
2025.10.15	02:24:00.759	1.33218	1.33221			6
2025.10.15	02:24:01.989	1.33217	1.33220			6
2025.10.15	02:24:02.304	1.33216	1.33219			6
2025.10.15	02:24:03.226	1.33215	1.33218			6
2025.10.15	02:24:03.539	1.33216	1.33219			6
2025.10.15	02:24:05.392	1.33218	1.33221			6
2025.10.15	02:24:06.007	1.33219	1.33222			6
2025.10.15	02:24:06.625	1.33221	1.33224			6
2025.10.15	02:24:23.043	1.33222	1.33225			6
2025.10.15	02:24:23.354	1.33223	1.33226			6
2025.10.15	02:24:24.281	1.33222	1.33225			6
2025.10.15	02:24:31.099	1.33221	1.33224			6
2025.10.15	02:24:36.338	1.33222	1.33225			6
2025.10.15	02:24:37.269	1.33221	1.33224			6
2025.10.15	02:24:46.881	1.33222	1.33225			6
2025.10.15	02:24:48.118	1.33224	1.33227			6
2025.10.15	02:24:51.823	1.33226	1.33229			6
2025.10.15	02:24:52.437	1.33225	1.33228			6
2025.10.15	02:24:55.205	1.33226	1.33229			6
2025.10.15	02:24:55.819	1.33225	1.33228			6
2025.10.15	02:24:56.832	1.33224	1.33227			6
2025.10.15	02:24:59.010	1.33225	1.33228			6
2025.10.15	02:24:59.939	1.33227	1.33230			6
2025.10.15	02:25:00.248	1.33227				2
2025.10.15	02:25:00.873	1.33225	1.33228			6
2025.10.15	02:25:04.287	1.33224	1.33227			6
2025.10.15	02:25:04.899	1.33223	1.33226			6
2025.10.15	02:25:12.075	1.33222	1.33225			6
2025.10.15	02:25:21.422	1.33220	1.33223			6
2025.10.15	02:25:21.735	1.33221	1.33224			6
2025.10.15	02:25:22.346	1.33222	1.33225			6
2025.10.15	02:25:30.109	1.33221	1.33224			6
2025.10.15	02:25:31.355	1.33222	1.33225			6
2025.10.15	02:25:33.839	1.33225	1.33228			6
2025.10.15	02:26:00.201	1.33225				2
2025.10.15	02:26:05.766	1.33224	1.33227			6
2025.10.15	02:26:06.719	1.33225	1.33228			6
2025.10.15	02:26:10.116	1.33224	1.33227			6
2025.10.15	02:26:15.381	1.33225	1.33228			6
2025.10.15	02:26:18.494	1.33224	1.33227			6
2025.10.15	02:26:20.681	1.33225	1.33228			6
2025.10.15	02:26:24.696	1.33224	1.33227			6
2025.10.15	02:26:33.046	1.33228	1.33231			6
2025.10.15	02:26:49.731	1.33229	1.33232			6
2025.10.15	02:26:52.509	1.33228	1.33231			6
2025.10.15	02:26:54.357	1.33227	1.33230			6
2025.10.15	02:26:57.752	1.33226	1.33229			6
2025.10.15	02:26:58.066	1.33227	1.33230			6
2025.10.15	02:27:00.219	1.33227				2
2025.10.15	02:27:01.764	1.33226	1.33229			6
2025.10.15	02:27:02.694	1.33227	1.33230			6
2025.10.15	02:27:04.234	1.33228	1.33231			6
2025.10.15	02:27:13.490	1.33224	1.33227			6
2025.10.15	02:27:30.223	1.33225	1.33228			6
2025.10.15	02:27:34.257	1.33224	1.33227			6
2025.10.15	02:27:34.563	1.33228	1.33231			6
2025.10.15	02:27:34.865	1.33227	1.33230			6
2025.10.15	02:27:35.482	1.33228	1.33231			6
2025.10.15	02:27:41.670	1.33225	1.33228			6
2025.10.15	02:27:43.238		1.33227			4
2025.10.15	02:27:44.793	1.33224				2
