<DATE>	<TIME>	<BID>	<ASK>	<LAST>	<VOLUME>	<FLAGS>
2025.12.22	00:03:30.767	1.33762	1.33973			6
2025.12.22	00:04:00.301	1.33762				2
2025.12.22	00:04:30.767		1.33973			4
2025.12.22	00:05:00.305	1.33762				2
2025.12.22	00:05:02.166	1.33761	1.33972			6
2025.12.22	00:05:20.743	1.33762	1.33973			6
2025.12.22	00:05:23.212	1.33764	1.33975			6
2025.12.22	00:05:25.366	1.33765	1.33976			6
2025.12.22	00:05:33.080	1.33766	1.33977			6
2025.12.22	00:05:33.389	1.33767	1.33978			6
2025.12.22	00:05:34.014	1.33768	1.33979			6
2025.12.22	00:05:43.280	1.33769	1.33980			6
2025.12.22	00:05:46.654	1.33770	1.33981			6
2025.12.22	00:05:48.182	1.33772	1.33983			6
2025.12.22	00:05:54.018	1.33773	1.33984			6
2025.12.22	00:05:56.469	1.33774	1.33985			6
2025.12.22	00:06:00.148	1.33774				2
2025.12.22	00:06:08.133	1.33775	1.33986			6
2025.12.22	00:06:12.441	1.33776	1.33987			6
2025.12.22	00:06:21.392	1.33775	1.33986			6
2025.12.22	00:06:21.702	1.33746	1.33957			6
2025.12.22	00:06:22.013	1.33758	1.33969			6
2025.12.22	00:06:51.905	1.33760	1.33971			6
2025.12.22	00:07:00.234	1.33760				2
2025.12.22	00:07:02.079	1.33757	1.33968			6
2025.12.22	00:07:04.230	1.33756	1.33967			6
2025.12.22	00:07:13.754	1.33755	1.33966			6
2025.12.22	00:07:17.737	1.33764	1.33975			6
2025.12.22	00:07:21.732	1.33766	1.33977			6
2025.12.22	00:07:22.959	1.33765	1.33976			6
2025.12.22	00:07:23.569	1.33766	1.33977			6
2025.12.22	00:07:26.330	1.33768	1.33979			6
2025.12.22	00:07:31.550	1.33770	1.33981			6
2025.12.22	00:07:32.777	1.33772	1.33983			6
2025.12.22	00:07:33.394	1.33774	1.33985			6
2025.12.22	00:07:33.703	1.33773	1.33984			6
2025.12.22	00:07:37.378	1.33772	1.33983			6
2025.12.22	00:07:38.603	1.33762	1.33973			6
2025.12.22	00:07:41.372	1.33761	1.33972			6
2025.12.22	00:07:43.521	1.33760	1.33971			6
2025.12.22	00:07:47.847	1.33754	1.33965			6
2025.12.22	00:07:48.159	1.33756	1.33967			6
2025.12.22	00:07:53.377	1.33755	1.33966			6
2025.12.22	00:07:57.991	1.33754	1.33965			6
2025.12.22	00:08:00.137	1.33756	1.33967			6
2025.12.22	00:08:08.430	1.33757	1.33968			6
2025.12.22	00:08:08.738	1.33756	1.33967			6
2025.12.22	00:08:09.655	1.33754	1.33965			6
2025.12.22	00:08:10.267	1.33756	1.33967			6
2025.12.22	00:08:19.781	1.33754	1.33965			6
2025.12.22	00:08:20.087	1.33756	1.33967			6
2025.12.22	00:08:29.016	1.33772	1.33983			6
2025.12.22	00:08:29.935	1.33768	1.33979			6
2025.12.22	00:08:32.387	1.33769	1.33980			6
2025.12.22	00:08:33.614	1.33754	1.33965			6
2025.12.22	00:08:44.074	1.33756	1.33967			6
2025.12.22	00:08:44.692	1.33757	1.33968			6
2025.12.22	00:08:47.781	1.33756	1.33967			6
2025.12.22	00:08:48.403	1.33757	1.33968			6
2025.12.22	00:08:53.035	1.33756	1.33967			6
2025.12.22	00:08:54.592	1.33757	1.33968			6
2025.12.22	00:08:57.677	1.33756	1.33967			6
2025.12.22	00:08:59.834	1.33758	1.33969			6
2025.12.22	00:09:00.140	1.33758				2
2025.12.22	00:09:03.845	1.33756	1.33967			6
2025.12.22	00:09:06.642	1.33757	1.33968			6
2025.12.22	00:09:08.493	1.33754	1.33965			6
2025.12.22	00:09:23.657	1.33761	1.33972			6
2025.12.22	00:09:24.281	1.33762	1.33973			6
2025.12.22	00:09:25.212	1.33766	1.33977			6
2025.12.22	00:09:25.516	1.33768	1.33979			6
2025.12.22	00:09:26.442	1.33769	1.33980			6
2025.12.22	00:09:27.680	1.33768	1.33979			6
2025.12.22	00:09:33.858	1.33753	1.33964			6
2025.12.22	00:09:34.161	1.33766	1.33977			6
2025.12.22	00:09:35.394	1.33765	1.33976			6
2025.12.22	00:09:37.862	1.33764	1.33975			6
2025.12.22	00:09:40.323	1.33765	1.33976			6
2025.12.22	00:09:40.635	1.33753	1.33964			6
2025.12.22	00:09:40.945	1.33752	1.33963			6
2025.12.22	00:09:41.869	1.33774	1.33985			6
2025.12.22	00:09:42.803	1.33772	1.33983			6
2025.12.22	00:09:46.817	1.33758	1.33969			6
2025.12.22	00:09:47.128	1.33748	1.33959			6
2025.12.22	00:09:49.603	1.33761	1.33972			6
2025.12.22	00:09:50.847	1.33750	1.33961			6
2025.12.22	00:10:00.093	1.33750				2
2025.12.22	00:10:01.026	1.33763	1.33974			6
2025.12.22	00:10:05.027	1.33764	1.33975			6
2025.12.22	00:10:05.644	1.33763	1.33974			6
2025.12.22	00:10:06.568	1.33766	1.33977			6
2025.12.22	00:10:07.500	1.33763	1.33974			6
2025.12.22	00:10:07.803	1.33769	1.33980			6
2025.12.22	00:10:09.344	1.33768	1.33979			6
2025.12.22	00:10:10.878	1.33760	1.33971			6
2025.12.22	00:10:11.188	1.33750	1.33961			6
2025.12.22	00:10:21.064	1.33762	1.33973			6
2025.12.22	00:10:21.371	1.33768	1.33979			6
2025.12.22	00:10:31.226	1.33750	1.33961			6
2025.12.22	00:10:41.382	1.33763	1.33974			6
2025.12.22	00:10:41.691	1.33768	1.33979			6
2025.12.22	00:10:48.140	1.33767	1.33978			6
2025.12.22	00:10:51.517	1.33750	1.33961			6
2025.12.22	00:10:51.823	1.33754	1.33965			6
2025.12.22	00:11:00.142	1.33754				2
2025.12.22	00:11:01.684	1.33763	1.33974			6
2025.12.22	00:11:03.220	1.33762	1.33973			6
2025.12.22	00:11:05.987	1.33763	1.33974			6
2025.12.22	00:11:07.836	1.33761	1.33972			6
2025.12.22	00:11:10.603	1.33762	1.33973			6
2025.12.22	00:11:11.835	1.33750	1.33961			6
2025.12.22	00:11:21.994	1.33766	1.33977			6
2025.12.22	00:11:25.077	1.33765	1.33976			6
2025.12.22	00:11:25.694	1.33766	1.33977			6
2025.12.22	00:11:30.337	1.33763	1.33974			6
2025.12.22	00:11:31.264	1.33762	1.33973			6
2025.12.22	00:11:31.881	1.33760	1.33971			6
2025.12.22	00:11:32.186	1.33750	1.33961			6
2025.12.22	00:11:42.070	1.33763	1.33974			6
2025.12.22	00:11:42.377	1.33765	1.33976			6
2025.12.22	00:11:44.228	1.33764	1.33975			6
2025.12.22	00:11:52.261	1.33760	1.33971			6
2025.12.22	00:12:00.286	1.33760				2
2025.12.22	00:12:02.452	1.33763	1.33974			6
2025.12.22	00:12:06.464	1.33762	1.33973			6
2025.12.22	00:12:08.314	1.33763	1.33974			6
2025.12.22	00:12:10.812	1.33762	1.33973			6
2025.12.22	00:12:12.045	1.33763	1.33974			6
2025.12.22	00:12:12.357	1.33750	1.33961			6
2025.12.22	00:12:22.549	1.33763	1.33974			6
2025.12.22	00:12:27.182	1.33762	1.33973			6
2025.12.22	00:12:31.200	1.33763	1.33974			6
2025.12.22	00:12:32.741	1.33750	1.33961			6
2025.12.22	00:12:42.951	1.33763	1.33974			6
2025.12.22	00:12:46.072	1.33762	1.33973			6
2025.12.22	00:12:47.936	1.33763	1.33974			6
2025.12.22	00:12:48.245	1.33762	1.33973			6
2025.12.22	00:12:49.494	1.33763	1.33974			6
2025.12.22	00:12:52.921	1.33750	1.33961			6
2025.12.22	00:13:00.069	1.33750				2
2025.12.22	00:13:03.187	1.33763	1.33974			6
2025.12.22	00:13:08.465	1.33762	1.33973			6
2025.12.22	00:13:12.820	1.33763	1.33974			6
2025.12.22	00:13:13.128	1.33750	1.33961			6
2025.12.22	00:13:23.361	1.33761	1.33972			6
2025.12.22	00:13:24.596	1.33762	1.33973			6
2025.12.22	00:13:26.777	1.33760	1.33971			6
2025.12.22	00:13:27.091	1.33750	1.33961			6
2025.12.22	00:13:33.592	1.33761	1.33972			6
2025.12.22	00:13:39.167	1.33762	1.33973			6
2025.12.22	00:13:43.516	1.33760	1.33971			6
2025.12.22	00:13:53.764	1.33762	1.33973			6
2025.12.22	00:13:54.994	1.33763	1.33974			6
2025.12.22	00:14:00.254	1.33763				2
2025.12.22	00:14:03.964	1.33750	1.33961			6
2025.12.22	00:14:13.887	1.33763	1.33974			6
2025.12.22	00:14:15.433	1.33762	1.33973			6
2025.12.22	00:14:16.677	1.33763	1.33974			6
2025.12.22	00:14:18.220	1.33762	1.33973			6
2025.12.22	00:14:19.459	1.33763	1.33974			6
2025.12.22	00:14:22.245	1.33762	1.33973			6
2025.12.22	00:14:23.477	1.33763	1.33974			6
2025.12.22	00:14:28.764	1.33762	1.33973			6
2025.12.22	00:14:30.319	1.33763	1.33974			6
2025.12.22	00:14:33.411	1.33762	1.33973			6
2025.12.22	00:14:34.657	1.33763	1.33974			6
2025.12.22	00:14:39.315	1.33762	1.33973			6
2025.12.22	00:14:40.552	1.33763	1.33974			6
2025.12.22	00:14:43.961	1.33762	1.33973			6
2025.12.22	00:14:45.200	1.33763	1.33974			6
2025.12.22	00:14:48.906	1.33762	1.33973			6
2025.12.22	00:14:51.377	1.33763	1.33974			6
2025.12.22	00:14:57.265	1.33762	1.33973			6
2025.12.22	00:15:00.038	1.33763	1.33974			6
2025.12.22	00:15:00.973	1.33762	1.33973			6
2025.12.22	00:15:01.585	1.33763	1.33974			6
2025.12.22	00:15:02.817	1.33762	1.33973			6
2025.12.22	00:15:03.747	1.33763	1.33974			6
2025.12.22	00:15:08.376	1.33762	1.33973			6
2025.12.22	00:15:11.149	1.33763	1.33974			6
2025.12.22	00:15:20.413	1.33762	1.33973			6
2025.12.22	00:15:22.880	1.33763	1.33974			6
2025.12.22	00:15:23.191	1.33762	1.33973			6
2025.12.22	00:15:26.897	1.33761	1.33972			6
2025.12.22	00:15:33.987	1.33762	1.33973			6
2025.12.22	00:15:35.214	1.33761	1.33972			6
2025.12.22	00:15:37.063	1.33762	1.33973			6
2025.12.22	00:15:37.677	1.33761	1.33972			6
2025.12.22	00:15:42.282	1.33762	1.33973			6
2025.12.22	00:15:47.508	1.33761	1.33972			6
2025.12.22	00:15:54.885	1.33762	1.33973			6
2025.12.22	00:15:58.903	1.33761	1.33972			6
2025.12.22	00:16:00.147	1.33761				2
2025.12.22	00:16:08.174	1.33762	1.33973			6
2025.12.22	00:16:10.626	1.33761	1.33972			6
2025.12.22	00:16:19.234	1.33762	1.33973			6
2025.12.22	00:16:23.844	1.33761	1.33972			6
2025.12.22	00:16:30.315	1.33762	1.33973			6
2025.12.22	00:16:36.179	1.33761	1.33972			6
2025.12.22	00:16:43.564	1.33762	1.33973			6
2025.12.22	00:16:48.803	1.33761	1.33972			6
2025.12.22	00:17:00.262	1.33761				2
2025.12.22	00:17:01.517	1.33762	1.33973			6
2025.12.22	00:17:07.713	1.33761	1.33972			6
2025.12.22	00:17:20.083	1.33762	1.33973			6
2025.12.22	00:17:21.939	1.33761	1.33972			6
2025.12.22	00:17:25.958	1.33762	1.33973			6
2025.12.22	00:17:34.288	1.33761	1.33972			6
2025.12.22	00:17:48.192	1.33762	1.33973			6
2025.12.22	00:17:56.241	1.33761	1.33972			6
2025.12.22	00:17:56.862	1.33763	1.33974			6
2025.12.22	00:17:57.479	1.33761	1.33972			6
2025.12.22	00:17:57.788	1.33763	1.33974			6
2025.12.22	00:18:00.263	1.33763				2
2025.12.22	00:18:01.805	1.33761	1.33972			6
2025.12.22	00:18:21.916	1.33762	1.33973			6
2025.12.22	00:18:31.503	1.33761	1.33972			6
2025.12.22	00:18:52.500	1.33762	1.33973			6
2025.12.22	00:19:00.203	1.33762				2
2025.12.22	00:19:02.059	1.33761	1.33972			6
2025.12.22	00:19:04.835	1.33762	1.33973			6
2025.12.22	00:19:06.684	1.33761	1.33972			6
2025.12.22	00:20:00.302	1.33761				2
2025.12.22	00:20:05.848	1.33762	1.33973			6
2025.12.22	00:20:07.697	1.33761	1.33972			6
2025.12.22	00:20:34.180	1.33762	1.33973			6
2025.12.22	00:20:50.510	1.33761	1.33972			6
2025.12.22	00:21:00.075	1.33761				2
2025.12.22	00:21:25.641	1.33760	1.33971			6
2025.12.22	00:21:42.039	1.33748	1.33959			6
2025.12.22	00:22:00.248	1.33748				2
2025.12.22	00:22:41.953	1.33758	1.33969			6
2025.12.22	00:23:00.154	1.33758				2
2025.12.22	00:23:42.114		1.33969			4
2025.12.22	00:24:00.286	1.33758				2
2025.12.22	00:24:42.182		1.33969			4
2025.12.22	00:25:00.123	1.33758				2
2025.12.22	00:25:42.439		1.33969			4
2025.12.22	00:26:00.036	1.33758				2
2025.12.22	00:26:42.623		1.33969			4
2025.12.22	00:27:00.231	1.33758				2
2025.12.22	00:27:32.948	1.33746	1.33957			6
2025.12.22	00:28:00.077	1.33746				2
2025.12.22	00:28:33.092		1.33957			4
2025.12.22	00:28:41.098	1.33744	1.33955			6
2025.12.22	00:29:00.295	1.33744				2
2025.12.22	00:29:17.956	1.33748	1.33959			6
2025.12.22	00:29:26.312	1.33749	1.33960			6
2025.12.22	00:29:26.623	1.33746	1.33957			6
2025.12.22	00:29:27.545	1.33749	1.33960			6
2025.12.22	00:29:29.092	1.33752	1.33963			6
2025.12.22	00:29:29.401	1.33748	1.33959			6
2025.12.22	00:29:29.715	1.33750	1.33961			6
2025.12.22	00:29:37.737	1.33770	1.33981			6
2025.12.22	00:29:41.464	1.33751	1.33962			6
2025.12.22	00:29:41.774	1.33768	1.33979			6
2025.12.22	00:29:43.009	1.33761	1.33972			6
2025.12.22	00:29:45.168	1.33757	1.33968			6
2025.12.22	00:29:47.325	1.33758	1.33969			6
2025.12.22	00:29:47.951	1.33757	1.33968			6
2025.12.22	00:29:48.569	1.33756	1.33967			6
2025.12.22	00:29:51.046	1.33755	1.33966			6
2025.12.22	00:29:51.356	1.33754	1.33965			6
2025.12.22	00:29:56.282	1.33753	1.33964			6
2025.12.22	00:29:56.903	1.33760	1.33971			6
2025.12.22	00:30:00.310	1.33760				2
2025.12.22	00:30:00.922	1.33766	1.33977			6
2025.12.22	00:30:10.212	1.33760	1.33971			6
2025.12.22	00:30:15.455	1.33766	1.33977			6
2025.12.22	00:30:36.159	1.33746	1.33957			6
2025.12.22	00:30:38.014	1.33748	1.33959			6
2025.12.22	00:30:38.321	1.33766	1.33977			6
2025.12.22	00:30:43.904	1.33764	1.33975			6
2025.12.22	00:30:44.213	1.33766	1.33977			6
2025.12.22	00:30:44.838	1.33760	1.33971			6
2025.12.22	00:30:45.143	1.33762	1.33973			6
2025.12.22	00:30:45.444	1.33766	1.33977			6
2025.12.22	00:30:51.325	1.33742	1.33953			6
2025.12.22	00:30:52.252	1.33763	1.33974			6
2025.12.22	00:30:53.803	1.33760	1.33971			6
2025.12.22	00:30:54.115	1.33766	1.33977			6
2025.12.22	00:30:55.668	1.33765	1.33976			6
2025.12.22	00:30:59.990	1.33766	1.33977			6
2025.12.22	00:31:00.296	1.33766				2
2025.12.22	00:31:01.226	1.33765	1.33976			6
2025.12.22	00:31:04.309	1.33744	1.33955			6
2025.12.22	00:31:05.237	1.33763	1.33974			6
2025.12.22	00:31:05.851	1.33762	1.33973			6
2025.12.22	00:31:06.163	1.33764	1.33975			6
2025.12.22	00:31:06.470	1.33766	1.33977			6
2025.12.22	00:31:07.400	1.33746	1.33957			6
2025.12.22	00:31:08.033	1.33752	1.33963			6
2025.12.22	00:31:08.350	1.33766	1.33977			6
2025.12.22	00:31:08.966	1.33764	1.33975			6
2025.12.22	00:31:09.584	1.33758	1.33969			6
2025.12.22	00:31:09.900	1.33762	1.33973			6
2025.12.22	00:31:10.524	1.33756	1.33967			6
2025.12.22	00:31:11.145	1.33764	1.33975			6
2025.12.22	00:31:11.451	1.33756	1.33967			6
2025.12.22	00:31:12.067	1.33763	1.33974			6
2025.12.22	00:31:12.377	1.33756	1.33967			6
2025.12.22	00:31:12.993	1.33763	1.33974			6
2025.12.22	00:31:13.305	1.33766	1.33977			6
2025.12.22	00:31:13.613	1.33762	1.33973			6
2025.12.22	00:31:13.929	1.33766	1.33977			6
2025.12.22	00:31:14.542	1.33764	1.33975			6
2025.12.22	00:31:15.159	1.33760	1.33971			6
2025.12.22	00:31:15.467	1.33758	1.33969			6
2025.12.22	00:31:15.776	1.33748	1.33959			6
2025.12.22	00:31:16.087	1.33756	1.33967			6
2025.12.22	00:31:16.392	1.33749	1.33960			6
2025.12.22	00:31:16.704	1.33754	1.33965			6
2025.12.22	00:31:17.008	1.33755	1.33966			6
2025.12.22	00:31:17.633	1.33760	1.33971			6
2025.12.22	00:31:19.490	1.33754	1.33965			6
2025.12.22	00:31:20.423	1.33764	1.33975			6
2025.12.22	00:31:20.739	1.33760	1.33971			6
2025.12.22	00:31:24.439	1.33758	1.33969			6
2025.12.22	00:31:26.293	1.33761	1.33972			6
2025.12.22	00:31:26.601	1.33758	1.33969			6
2025.12.22	00:31:26.912	1.33757	1.33968			6
2025.12.22	00:31:27.220	1.33756	1.33967			6
2025.12.22	00:31:28.160	1.33763	1.33974			6
2025.12.22	00:31:28.778	1.33764	1.33975			6
2025.12.22	00:31:29.088	1.33757	1.33968			6
2025.12.22	00:31:29.404	1.33764	1.33975			6
2025.12.22	00:31:29.711	1.33762	1.33973			6
2025.12.22	00:31:31.254	1.33757	1.33968			6
2025.12.22	00:31:32.183	1.33756	1.33967			6
2025.12.22	00:31:32.816	1.33752	1.33963			6
2025.12.22	00:31:33.437	1.33748	1.33959			6
2025.12.22	00:31:34.687	1.33752	1.33963			6
2025.12.22	00:31:35.621	1.33751	1.33962			6
2025.12.22	00:31:36.245	1.33750	1.33961			6
2025.12.22	00:31:37.794	1.33747	1.33958			6
2025.12.22	00:31:38.411	1.33753	1.33964			6
2025.12.22	00:31:38.720	1.33749	1.33960			6
2025.12.22	00:31:39.032	1.33750	1.33961			6
2025.12.22	00:31:41.824	1.33749	1.33960			6
2025.12.22	00:31:42.446	1.33748	1.33959			6
2025.12.22	00:31:42.749	1.33750	1.33961			6
2025.12.22	00:31:43.372	1.33749	1.33960			6
2025.12.22	00:31:43.687	1.33746	1.33957			6
2025.12.22	00:31:44.617	1.33748	1.33959			6
2025.12.22	00:31:45.864	1.33746	1.33957			6
2025.12.22	00:31:46.788	1.33745	1.33956			6
2025.12.22	00:31:47.097	1.33744	1.33955			6
2025.12.22	00:31:47.403	1.33746	1.33957			6
2025.12.22	00:31:50.817	1.33744	1.33955			6
2025.12.22	00:31:51.126	1.33745	1.33956			6
2025.12.22	00:31:54.524	1.33742	1.33953			6
2025.12.22	00:31:54.833	1.33748	1.33959			6
2025.12.22	00:31:55.760	1.33746	1.33957			6
2025.12.22	00:31:56.376	1.33747	1.33958			6
2025.12.22	00:31:56.685	1.33748	1.33959			6
2025.12.22	00:31:57.608	1.33746	1.33957			6
2025.12.22	00:32:00.081	1.33746				2
2025.12.22	00:32:00.699	1.33747	1.33958			6
2025.12.22	00:32:01.626	1.33746	1.33957			6
2025.12.22	00:32:02.860	1.33748	1.33959			6
2025.12.22	00:32:03.477	1.33746	1.33957			6
2025.12.22	00:32:04.087	1.33752	1.33963			6
2025.12.22	00:32:05.631	1.33754	1.33965			6
2025.12.22	00:32:08.113	1.33752	1.33963			6
2025.12.22	00:32:09.964	1.33754	1.33965			6
2025.12.22	00:32:10.581	1.33753	1.33964			6
2025.12.22	00:32:11.816	1.33754	1.33965			6
2025.12.22	00:32:12.430	1.33753	1.33964			6
2025.12.22	00:32:14.285	1.33750	1.33961			6
2025.12.22	00:32:14.593	1.33751	1.33962			6
2025.12.22	00:32:15.515	1.33752	1.33963			6
2025.12.22	00:32:16.136		1.33962			4
2025.12.22	00:32:17.678	1.33753				2
2025.12.22	00:32:17.981	1.33754				2
2025.12.22	00:32:21.390		1.33965			4
2025.12.22	00:32:26.345	1.33752	1.33963			6
2025.12.22	00:32:27.275	1.33755	1.33966			6
2025.12.22	00:32:29.142	1.33756	1.33967			6
2025.12.22	00:32:31.936	1.33755	1.33966			6
2025.12.22	00:32:32.564	1.33756	1.33967			6
2025.12.22	00:32:33.503	1.33758	1.33969			6
2025.12.22	00:32:33.818	1.33756	1.33967			6
2025.12.22	00:32:35.369	1.33757	1.33968			6
2025.12.22	00:32:36.915	1.33758	1.33969			6
2025.12.22	00:32:37.858	1.33756	1.33967			6
2025.12.22	00:32:38.477	1.33757	1.33968			6
2025.12.22	00:32:39.092	1.33758	1.33969			6
2025.12.22	00:32:40.015	1.33757	1.33968			6
2025.12.22	00:32:40.325	1.33758	1.33969			6
2025.12.22	00:32:41.867	1.33757	1.33968			6
2025.12.22	00:32:42.178	1.33758	1.33969			6
2025.12.22	00:32:45.265	1.33757	1.33968			6
2025.12.22	00:32:45.581	1.33758	1.33969			6
2025.12.22	00:32:47.137	1.33759				2
2025.12.22	00:32:49.316	1.33758				2
2025.12.22	00:32:51.787	1.33760				2
2025.12.22	00:32:52.407	1.33758				2
2025.12.22	00:32:54.263	1.33757	1.33968			6
2025.12.22	00:32:54.877	1.33758	1.33969			6
2025.12.22	00:32:55.502	1.33757	1.33968			6
2025.12.22	00:32:55.810	1.33758	1.33969			6
2025.12.22	00:32:56.434	1.33757	1.33968			6
2025.12.22	00:33:00.156	1.33758	1.33969			6
2025.12.22	00:33:05.094	1.33759				2
2025.12.22	00:33:05.402	1.33758				2
2025.12.22	00:33:07.275	1.33760				2
2025.12.22	00:33:07.582	1.33758				2
2025.12.22	00:33:09.126	1.33759				2
2025.12.22	00:33:10.971	1.33760				2
2025.12.22	00:33:11.583	1.33759				2
2025.12.22	00:33:12.205	1.33760				2
2025.12.22	00:33:12.519	1.33759				2
2025.12.22	00:33:13.127	1.33760				2
2025.12.22	00:33:13.430	1.33759				2
2025.12.22	00:33:14.053	1.33760				2
2025.12.22	00:33:16.816	1.33759				2
2025.12.22	00:33:17.117	1.33760				2
2025.12.22	00:33:22.360	1.33761				2
2025.12.22	00:33:22.967	1.33760				2
2025.12.22	00:33:25.454	1.33761				2
2025.12.22	00:33:26.077	1.33760				2
2025.12.22	00:33:31.362	1.33762				2
2025.12.22	00:33:34.770	1.33763				2
2025.12.22	00:33:35.081	1.33764				2
2025.12.22	00:33:38.177	1.33763				2
2025.12.22	00:33:38.480	1.33764				2
2025.12.22	00:33:47.782	1.33766				2
2025.12.22	00:33:59.834	1.33764				2
2025.12.22	00:34:00.143	1.33764				2
2025.12.22	00:34:00.450		1.33969			4
2025.12.22	00:34:00.754	1.33765				2
2025.12.22	00:34:02.294	1.33764				2
2025.12.22	00:34:03.220	1.33765				2
2025.12.22	00:34:04.458	1.33766				2
2025.12.22	00:34:05.999	1.33764				2
2025.12.22	00:34:07.545	1.33765				2
2025.12.22	00:34:09.405	1.33764				2
2025.12.22	00:34:09.714	1.33765				2
2025.12.22	00:34:10.634	1.33764				2
2025.12.22	00:34:10.949	1.33765				2
2025.12.22	00:34:11.562	1.33766				2
2025.12.22	00:34:14.342	1.33755	1.33966			6
2025.12.22	00:34:14.651		1.33962			4
2025.12.22	00:34:15.577	1.33757				2
2025.12.22	00:34:16.192	1.33758				2
2025.12.22	00:34:18.054	1.33757				2
2025.12.22	00:34:19.290	1.33758				2
2025.12.22	00:34:20.526	1.33757				2
2025.12.22	00:34:20.843	1.33758				2
2025.12.22	00:34:21.463		1.33969			4
2025.12.22	00:34:23.010	1.33759				2
2025.12.22	00:34:24.861	1.33758				2
2025.12.22	00:34:26.098	1.33759				2
2025.12.22	00:34:27.023	1.33758				2
2025.12.22	00:34:30.420	1.33759				2
2025.12.22	00:34:31.046	1.33758				2
2025.12.22	00:34:35.053	1.33759				2
2025.12.22	00:34:35.667	1.33758				2
2025.12.22	00:34:36.287	1.33759				2
2025.12.22	00:34:36.596	1.33758				2
2025.12.22	00:34:48.318	1.33759				2
2025.12.22	00:34:48.934	1.33758				2
2025.12.22	00:34:51.394	1.33759				2
2025.12.22	00:34:52.319	1.33758				2
2025.12.22	00:34:53.564	1.33760				2
2025.12.22	00:34:54.489	1.33758				2
2025.12.22	00:34:54.804	1.33759				2
2025.12.22	00:34:55.419	1.33760				2
2025.12.22	00:34:56.349	1.33758				2
2025.12.22	00:34:59.425	1.33760				2
2025.12.22	00:35:00.043	1.33760				2
2025.12.22	00:35:00.349	1.33758				2
2025.12.22	00:35:01.582	1.33760				2
2025.12.22	00:35:02.518	1.33758				2
2025.12.22	00:35:02.819	1.33759				2
2025.12.22	00:35:05.297	1.33760				2
2025.12.22	00:35:05.913	1.33754	1.33965			6
2025.12.22	00:35:06.843	1.33753	1.33964			6
2025.12.22	00:35:07.768	1.33752	1.33963			6
2025.12.22	00:35:12.395	1.33750	1.33961			6
2025.12.22	00:35:13.013	1.33752	1.33963			6
2025.12.22	00:35:13.326	1.33751	1.33962			6
2025.12.22	00:35:13.942	1.33750	1.33961			6
2025.12.22	00:35:15.174	1.33752	1.33963			6
2025.12.22	00:35:15.481	1.33751	1.33962			6
2025.12.22	00:35:16.099	1.33750	1.33961			6
2025.12.22	00:35:18.574	1.33749	1.33960			6
2025.12.22	00:35:20.116	1.33748	1.33959			6
2025.12.22	00:35:20.423	1.33753	1.33964			6
2025.12.22	00:35:31.236	1.33752	1.33963			6
2025.12.22	00:35:35.556	1.33750	1.33961			6
2025.12.22	00:35:36.167	1.33751	1.33893			6
2025.12.22	00:35:37.580	1.33766	1.33885			6
2025.12.22	00:35:38.203		1.33887			4
2025.12.22	00:35:40.687	1.33765	1.33929			6
2025.12.22	00:35:41.303		1.33896			4
2025.12.22	00:35:41.612	1.33766	1.33928			6
2025.12.22	00:35:41.919	1.33764	1.33885			6
2025.12.22	00:35:42.225	1.33762				2
2025.12.22	00:35:45.307	1.33764				2
2025.12.22	00:35:48.087	1.33766				2
2025.12.22	00:35:51.459	1.33763				2
2025.12.22	00:35:51.767	1.33764				2
2025.12.22	00:35:52.379	1.33760				2
2025.12.22	00:35:52.682	1.33759				2
2025.12.22	00:35:52.991	1.33756				2
2025.12.22	00:35:53.625	1.33753				2
2025.12.22	00:35:53.974	1.33756				2
2025.12.22	00:35:54.608	1.33766	1.33894			6
2025.12.22	00:35:54.917		1.33900			4
2025.12.22	00:35:57.382	1.33765	1.33890			6
2025.12.22	00:35:57.684	1.33758	1.33901			6
2025.12.22	00:35:58.593	1.33757				2
2025.12.22	00:36:00.607	1.33760				2
2025.12.22	00:36:01.622	1.33759	1.33885			6
2025.12.22	00:36:41.001	1.33762				2
2025.12.22	00:36:43.737	1.33758				2
2025.12.22	00:36:57.600	1.33759				2
2025.12.22	00:36:59.219	1.33758				2
2025.12.22	00:36:59.526	1.33760				2
2025.12.22	00:37:00.609	1.33760				2
2025.12.22	00:37:01.808		1.33885			4
2025.12.22	00:37:04.808	1.33761				2
2025.12.22	00:37:09.803	1.33758				2
2025.12.22	00:37:10.815	1.33759				2
2025.12.22	00:37:13.208	1.33760				2
2025.12.22	00:37:18.910	1.33761				2
2025.12.22	00:37:19.610	1.33759				2
2025.12.22	00:37:21.649	1.33760				2
2025.12.22	00:37:27.008	1.33761				2
2025.12.22	00:37:46.208	1.33762				2
2025.12.22	00:37:49.342	1.33761				2
2025.12.22	00:37:50.708	1.33762				2
2025.12.22	00:37:56.682	1.33760				2
2025.12.22	00:37:57.907	1.33759				2
2025.12.22	00:38:00.007	1.33759				2
2025.12.22	00:38:01.570	1.33762				2
2025.12.22	00:38:02.408		1.33885			4
2025.12.22	00:38:02.962	1.33752	1.33944			6
2025.12.22	00:38:03.264	1.33756				2
2025.12.22	00:38:03.607	1.33753				2
2025.12.22	00:38:03.952	1.33755				2
2025.12.22	00:38:04.293	1.33753				2
2025.12.22	00:38:05.897	1.33786	1.33985			6
2025.12.22	00:38:06.203	1.33787				2
2025.12.22	00:38:06.821	1.33786				2
2025.12.22	00:38:07.129	1.33787				2
2025.12.22	00:38:08.369	1.33782				2
2025.12.22	00:38:09.293	1.33780				2
2025.12.22	00:38:09.600	1.33778				2
2025.12.22	00:38:10.531	1.33782				2
2025.12.22	00:38:14.234	1.33781				2
2025.12.22	00:38:15.470	1.33780				2
2025.12.22	00:38:15.782	1.33781				2
2025.12.22	00:38:17.321	1.33778				2
2025.12.22	00:38:17.627	1.33780				2
2025.12.22	00:38:19.169	1.33777				2
2025.12.22	00:38:25.966	1.33769	1.33980			6
2025.12.22	00:38:44.178	1.33765	1.33975			6
2025.12.22	00:38:46.649		1.33976			4
2025.12.22	00:38:47.891	1.33766	1.33977			6
2025.12.22	00:38:53.138	1.33769				2
2025.12.22	00:38:54.063	1.33766				2
2025.12.22	00:39:00.238	1.33766				2
2025.12.22	00:39:02.088	1.33767	1.33978			6
2025.12.22	00:39:06.099	1.33768	1.33979			6
2025.12.22	00:39:07.958	1.33765	1.33973			6
2025.12.22	00:39:09.199	1.33772				2
2025.12.22	00:39:13.208	1.33773				2
2025.12.22	00:39:14.751		1.33974			4
2025.12.22	00:39:18.446	1.33765				2
2025.12.22	00:39:23.086	1.33773				2
2025.12.22	00:39:24.322		1.33954			4
2025.12.22	00:39:26.710	1.33774				2
2025.12.22	00:39:27.570	1.33766	1.33976			6
2025.12.22	00:39:30.960	1.33767				2
2025.12.22	00:39:31.881		1.33977			4
2025.12.22	00:39:37.719	1.33768				2
2025.12.22	00:39:38.025	1.33775	1.33971			6
2025.12.22	00:39:41.108	1.33774				2
2025.12.22	00:39:41.724	1.33768				2
2025.12.22	00:39:43.571	1.33775				2
2025.12.22	00:39:43.880	1.33768				2
2025.12.22	00:39:48.817	1.33769				2
2025.12.22	00:39:58.651		1.33977			4
2025.12.22	00:40:00.181	1.33770				2
2025.12.22	00:40:08.790		1.33981			4
2025.12.22	00:40:10.023		1.33964			4
2025.12.22	00:40:10.639		1.33968			4
2025.12.22	00:40:14.628	1.33771				2
2025.12.22	00:40:15.239	1.33780	1.33976			6
2025.12.22	00:40:15.543	1.33779				2
2025.12.22	00:40:15.850		1.33977			4
2025.12.22	00:40:16.162	1.33778				2
2025.12.22	00:40:17.703		1.33978			4
2025.12.22	00:40:18.007	1.33780	1.33979			6
2025.12.22	00:40:18.312	1.33779	1.33965			6
2025.12.22	00:40:18.922		1.33962			4
2025.12.22	00:40:20.453		1.33969			4
2025.12.22	00:40:21.374		1.33972			4
2025.12.22	00:40:22.913	1.33780				2
2025.12.22	00:40:23.219		1.33964			4
2025.12.22	00:40:24.456	1.33781				2
2025.12.22	00:40:26.290		1.33972			4
2025.12.22	00:40:31.215	1.33779				2
2025.12.22	00:40:31.519		1.33969			4
2025.12.22	00:40:32.446	1.33781				2
2025.12.22	00:40:32.750		1.33972			4
2025.12.22	00:40:33.366	1.33780	1.33960			6
2025.12.22	00:40:35.512	1.33779				2
2025.12.22	00:40:35.816		1.33970			4
2025.12.22	00:40:36.123		1.33960			4
2025.12.22	00:40:37.964	1.33780	1.33949			6
2025.12.22	00:40:41.160	1.33779	1.33960			6
2025.12.22	00:40:41.469		1.33958			4
2025.12.22	00:40:43.314	1.33778	1.33964			6
2025.12.22	00:40:46.708	1.33779	1.33963			6
2025.12.22	00:40:47.327		1.33961			4
2025.12.22	00:40:47.948		1.33964			4
2025.12.22	00:40:49.177		1.33958			4
2025.12.22	00:40:49.487		1.33961			4
2025.12.22	00:40:55.925	1.33780				2
2025.12.22	00:41:00.214	1.33780				2
2025.12.22	00:41:00.826	1.33778				2
2025.12.22	00:41:01.134		1.33965			4
2025.12.22	00:41:01.754	1.33777	1.33966			6
2025.12.22	00:41:05.453	1.33778				2
2025.12.22	00:41:06.373	1.33780	1.33959			6
2025.12.22	00:41:06.677	1.33785	1.33985			6
2025.12.22	00:41:06.986	1.33784				2
2025.12.22	00:41:07.298	1.33782				2
2025.12.22	00:41:08.221	1.33783				2
2025.12.22	00:41:13.462	1.33784				2
2025.12.22	00:41:30.749	1.33780				2
2025.12.22	00:41:31.207	1.33779				2
2025.12.22	00:41:31.916	1.33780				2
2025.12.22	00:41:33.423	1.33782				2
2025.12.22	00:41:34.357	1.33781				2
2025.12.22	00:41:36.007	1.33780				2
2025.12.22	00:41:41.107	1.33781				2
2025.12.22	00:41:42.307	1.33780				2
2025.12.22	00:41:42.693	1.33781				2
2025.12.22	00:41:56.408	1.33782				2
2025.12.22	00:42:02.107	1.33782				2
2025.12.22	00:42:05.822	1.33781				2
2025.12.22	00:42:08.408		1.33985			4
2025.12.22	00:42:13.821	1.33782				2
2025.12.22	00:42:17.408		1.33979			4
2025.12.22	00:42:18.335	1.33781	1.33978			6
2025.12.22	00:42:20.491	1.33780	1.33984			6
2025.12.22	00:42:21.417	1.33779				2
2025.12.22	00:42:22.343	1.33781	1.33983			6
2025.12.22	00:42:26.665	1.33778	1.33979			6
2025.12.22	00:42:40.543	1.33771	1.33977			6
2025.12.22	00:42:40.852	1.33773	1.33974			6
2025.12.22	00:42:42.085	1.33771				2
2025.12.22	00:42:42.709	1.33772				2
2025.12.22	00:42:44.568		1.33972			4
2025.12.22	00:42:57.271		1.33978			4
2025.12.22	00:42:57.580		1.33977			4
2025.12.22	00:42:57.887	1.33773	1.33972			6
2025.12.22	00:42:59.117	1.33772				2
2025.12.22	00:43:00.050	1.33771				2
2025.12.22	00:43:02.517		1.33970			4
2025.12.22	00:43:03.447		1.33966			4
2025.12.22	00:43:05.609	1.33774				2
2025.12.22	00:43:06.848	1.33773				2
2025.12.22	00:43:10.243	1.33774				2
2025.12.22	00:43:10.551	1.33775				2
2025.12.22	00:43:11.170	1.33776				2
2025.12.22	00:43:12.401		1.33970			4
2025.12.22	00:43:13.641	1.33777				2
2025.12.22	00:43:14.560	1.33778	1.33971			6
2025.12.22	00:43:17.342	1.33777				2
2025.12.22	00:43:23.208		1.33973			4
2025.12.22	00:43:27.851	1.33775				2
2025.12.22	00:43:28.157		1.33967			4
2025.12.22	00:43:28.473	1.33778	1.33964			6
2025.12.22	00:43:28.777	1.33775	1.33962			6
2025.12.22	00:43:29.082	1.33776	1.33966			6
2025.12.22	00:43:29.399	1.33778	1.33968			6
2025.12.22	00:43:29.705		1.33962			4
2025.12.22	00:43:30.018	1.33773	1.33965			6
2025.12.22	00:43:30.327	1.33774				2
2025.12.22	00:43:30.947	1.33772	1.33969			6
2025.12.22	00:43:31.569	1.33774	1.33970			6
2025.12.22	00:43:31.877	1.33771				2
2025.12.22	00:43:32.180	1.33776	1.33971			6
2025.12.22	00:43:32.494	1.33772				2
2025.12.22	00:43:32.808	1.33777				2
2025.12.22	00:43:33.422	1.33775	1.33974			6
2025.12.22	00:43:34.039		1.33965			4
2025.12.22	00:43:34.668		1.33961			4
2025.12.22	00:43:36.534	1.33772	1.33963			6
2025.12.22	00:43:37.149		1.33966			4
2025.12.22	00:43:39.618		1.33960			4
2025.12.22	00:43:40.549	1.33776				2
2025.12.22	00:43:40.856	1.33775				2
2025.12.22	00:43:41.778		1.33969			4
2025.12.22	00:43:42.705	1.33772	1.33971			6
2025.12.22	00:43:43.012	1.33773	1.33964			6
2025.12.22	00:43:43.640		1.33965			4
2025.12.22	00:43:44.564	1.33772				2
2025.12.22	00:43:45.795		1.33962			4
2025.12.22	00:43:50.452	1.33774				2
2025.12.22	00:43:50.761	1.33776	1.33969			6
2025.12.22	00:43:51.078		1.33970			4
2025.12.22	00:43:51.393	1.33774				2
2025.12.22	00:43:51.700	1.33775	1.33960			6
2025.12.22	00:43:54.193		1.33964			4
2025.12.22	00:43:54.505	1.33777	1.33959			6
2025.12.22	00:43:54.812	1.33775				2
2025.12.22	00:43:55.117		1.33962			4
2025.12.22	00:43:55.438	1.33777	1.33964			6
2025.12.22	00:43:56.047	1.33776	1.33965			6
2025.12.22	00:43:56.357	1.33777				2
2025.12.22	00:43:56.664		1.33967			4
2025.12.22	00:43:56.979	1.33775				2
2025.12.22	00:43:57.287	1.33776	1.33968			6
2025.12.22	00:43:58.527		1.33963			4
2025.12.22	00:43:59.471		1.33959			4
2025.12.22	00:44:00.087	1.33777	1.33962			6
2025.12.22	00:44:00.395		1.33957			4
2025.12.22	00:44:00.703	1.33776	1.33959			6
2025.12.22	00:44:01.013		1.33961			4
2025.12.22	00:44:01.317		1.33962			4
2025.12.22	00:44:01.626	1.33774				2
2025.12.22	00:44:01.931	1.33776	1.33964			6
2025.12.22	00:44:02.545	1.33775	1.33965			6
2025.12.22	00:44:03.485		1.33957			4
2025.12.22	00:44:03.799		1.33961			4
2025.12.22	00:44:04.735	1.33773				2
2025.12.22	00:44:05.361	1.33772	1.33962			6
2025.12.22	00:44:05.664		1.33958			4
2025.12.22	00:44:06.586		1.33956			4
2025.12.22	00:44:06.893	1.33774	1.33959			6
2025.12.22	00:44:07.510		1.33956			4
2025.12.22	00:44:07.820	1.33773				2
2025.12.22	00:44:09.063	1.33772	1.33963			6
2025.12.22	00:44:09.367	1.33773				2
2025.12.22	00:44:09.677	1.33774				2
2025.12.22	00:44:09.981	1.33775	1.33965			6
2025.12.22	00:44:10.291	1.33774				2
2025.12.22	00:44:10.911		1.33966			4
2025.12.22	00:44:11.526	1.33775				2
2025.12.22	00:44:15.552	1.33774	1.33957			6
2025.12.22	00:44:16.491		1.33954			4
2025.12.22	00:44:17.107	1.33775				2
2025.12.22	00:44:18.036	1.33776				2
2025.12.22	00:44:19.281	1.33775				2
2025.12.22	00:44:22.068	1.33774				2
2025.12.22	00:44:25.785	1.33771				2
2025.12.22	00:44:26.106	1.33772	1.33963			6
2025.12.22	00:44:26.413	1.33773	1.33964			6
2025.12.22	00:44:26.726	1.33772				2
2025.12.22	00:44:27.037	1.33771				2
2025.12.22	00:44:27.655		1.33956			4
2025.12.22	00:44:29.522	1.33773				2
2025.12.22	00:44:30.452	1.33774	1.33958			6
2025.12.22	00:44:30.764	1.33773				2
2025.12.22	00:44:31.383		1.33961			4
2025.12.22	00:44:32.622		1.33956			4
2025.12.22	00:44:32.929	1.33774				2
2025.12.22	00:44:36.329	1.33773				2
2025.12.22	00:44:37.881	1.33774				2
2025.12.22	00:44:40.664		1.33954			4
2025.12.22	00:44:41.286		1.33956			4
2025.12.22	00:44:41.601	1.33773				2
2025.12.22	00:44:41.911		1.33953			4
2025.12.22	00:44:42.223		1.33956			4
2025.12.22	00:44:42.537		1.33951			4
2025.12.22	00:44:42.844		1.33954			4
2025.12.22	00:44:43.152		1.33956			4
2025.12.22	00:44:43.463		1.33953			4
2025.12.22	00:44:44.692	1.33774				2
2025.12.22	00:44:55.203		1.33959			4
2025.12.22	00:44:55.819		1.33960			4
2025.12.22	00:44:56.438	1.33776				2
2025.12.22	00:44:57.673	1.33775				2
2025.12.22	00:44:58.905		1.33953			4
2025.12.22	00:45:00.141	1.33775				2
2025.12.22	00:45:02.918	1.33770				2
2025.12.22	00:45:04.155	1.33771				2
2025.12.22	00:45:06.316	1.33782	1.33993			6
2025.12.22	00:45:06.621		1.33985			4
2025.12.22	00:45:06.933	1.33781				2
2025.12.22	00:45:08.174	1.33780				2
2025.12.22	00:45:09.408	1.33781				2
2025.12.22	00:45:12.457	1.33797	1.33969			6
2025.12.22	00:45:15.070	1.33791				2
2025.12.22	00:45:17.540	1.33792				2
2025.12.22	00:45:20.943	1.33791				2
2025.12.22	00:45:22.176	1.33792				2
2025.12.22	00:45:23.412	1.33791				2
2025.12.22	00:45:24.035	1.33792				2
2025.12.22	00:45:29.587	1.33791				2
2025.12.22	00:45:30.513	1.33790				2
2025.12.22	00:45:31.131	1.33791				2
2025.12.22	00:45:32.060	1.33792				2
2025.12.22	00:45:32.677	1.33788	1.33922			6
2025.12.22	00:45:32.988		1.33967			4
2025.12.22	00:45:37.947	1.33786	1.33924			6
2025.12.22	00:45:41.035	1.33790	1.33911			6
2025.12.22	00:45:48.463	1.33785	1.33964			6
2025.12.22	00:45:51.558	1.33790	1.33969			6
2025.12.22	00:45:53.103		1.33913			4
2025.12.22	00:45:58.672	1.33791				2
2025.12.22	00:45:59.912	1.33792				2
2025.12.22	00:46:00.226	1.33792				2
2025.12.22	00:46:03.009		1.33969			4
2025.12.22	00:46:07.342	1.33790				2
2025.12.22	00:46:24.009	1.33788	1.33918			6
2025.12.22	00:46:25.558		1.33913			4
2025.12.22	00:46:35.473	1.33787	1.33959			6
2025.12.22	00:46:38.251		1.33963			4
2025.12.22	00:46:38.562	1.33786				2
2025.12.22	00:46:38.868	1.33787				2
2025.12.22	00:46:57.719	1.33785	1.33962			6
2025.12.22	00:47:00.216	1.33785				2
2025.12.22	00:47:03.007	1.33783				2
2025.12.22	00:47:06.413	1.33785				2
2025.12.22	00:47:09.806	1.33784				2
2025.12.22	00:47:13.518	1.33785				2
2025.12.22	00:47:14.129	1.33786				2
2025.12.22	00:47:14.441	1.33792	1.33969			6
2025.12.22	00:47:25.893	1.33791				2
2025.12.22	00:47:30.207	1.33790				2
2025.12.22	00:47:32.378	1.33782	1.33946			6
2025.12.22	00:47:44.093	1.33784				2
2025.12.22	00:47:44.711	1.33788	1.33889			6
2025.12.22	00:47:45.012	1.33790				2
2025.12.22	00:47:45.935	1.33788				2
2025.12.22	00:47:52.703	1.33793				2
2025.12.22	00:47:53.934	1.33791				2
2025.12.22	00:47:55.791	1.33790				2
2025.12.22	00:47:56.103	1.33789				2
2025.12.22	00:47:57.336	1.33788				2
2025.12.22	00:47:59.192	1.33787				2
2025.12.22	00:47:59.500	1.33799				2
2025.12.22	00:48:00.119	1.33799				2
2025.12.22	00:48:00.428	1.33800				2
2025.12.22	00:48:00.740	1.33799				2
2025.12.22	00:48:01.970	1.33798				2
2025.12.22	00:48:06.919	1.33797				2
2025.12.22	00:48:07.848	1.33795				2
2025.12.22	00:48:09.382	1.33801				2
2025.12.22	00:48:10.311	1.33800				2
2025.12.22	00:48:11.539	1.33801				2
2025.12.22	00:48:13.391	1.33800				2
2025.12.22	00:48:14.927	1.33794				2
2025.12.22	00:48:24.500	1.33797				2
2025.12.22	00:48:27.270	1.33798				2
2025.12.22	00:48:27.578	1.33799				2
2025.12.22	00:48:29.120	1.33800				2
2025.12.22	00:48:30.657	1.33799				2
2025.12.22	00:48:34.349	1.33797				2
2025.12.22	00:48:34.970	1.33795				2
2025.12.22	00:48:39.293	1.33797				2
2025.12.22	00:48:44.831		1.33889			4
2025.12.22	00:48:49.745	1.33794				2
2025.12.22	00:48:53.451	1.33797				2
2025.12.22	00:48:54.689	1.33796				2
2025.12.22	00:48:58.703	1.33795				2
2025.12.22	00:49:00.245	1.33795				2
2025.12.22	00:49:04.567	1.33793				2
2025.12.22	00:49:07.959	1.33792				2
2025.12.22	00:49:09.512	1.33795				2
2025.12.22	00:49:25.243	1.33794				2
2025.12.22	00:49:40.663	1.33793				2
2025.12.22	00:49:45.004		1.33889			4
2025.12.22	00:49:51.793	1.33791				2
2025.12.22	00:49:58.264	1.33790				2
2025.12.22	00:50:00.106	1.33790				2
2025.12.22	00:50:01.338	1.33791				2
2025.12.22	00:50:02.258	1.33790				2
2025.12.22	00:50:03.177	1.33786				2
2025.12.22	00:50:06.876	1.33788				2
2025.12.22	00:50:20.164	1.33789				2
2025.12.22	00:50:22.014	1.33781				2
2025.12.22	00:50:34.069	1.33780				2
2025.12.22	00:50:34.685	1.33781				2
2025.12.22	00:50:34.996	1.33779				2
2025.12.22	00:50:36.857	1.33777				2
2025.12.22	00:50:37.163	1.33779				2
2025.12.22	00:50:37.783	1.33780				2
2025.12.22	00:50:38.401	1.33778				2
2025.12.22	00:50:43.317	1.33779				2
2025.12.22	00:50:43.626	1.33778				2
2025.12.22	00:50:45.168		1.33889			4
2025.12.22	00:50:49.481	1.33777				2
2025.12.22	00:50:49.790	1.33778				2
2025.12.22	00:50:50.406	1.33780				2
2025.12.22	00:50:51.025	1.33778				2
2025.12.22	00:50:51.950	1.33777				2
2025.12.22	00:50:52.258	1.33778				2
2025.12.22	00:50:53.186	1.33779				2
2025.12.22	00:50:53.804	1.33778				2
2025.12.22	00:51:00.295	1.33778				2
2025.12.22	00:51:08.939	1.33779				2
2025.12.22	00:51:11.102	1.33778				2
2025.12.22	00:51:12.340	1.33777				2
2025.12.22	00:51:13.882	1.33768				2
2025.12.22	00:51:20.053	1.33769				2
2025.12.22	00:51:21.295	1.33768				2
2025.12.22	00:51:23.763	1.33767				2
2025.12.22	00:51:24.685	1.33764				2
2025.12.22	00:51:28.999	1.33767				2
2025.12.22	00:51:30.233	1.33768				2
2025.12.22	00:51:35.480	1.33767				2
2025.12.22	00:51:38.879	1.33769				2
2025.12.22	00:51:39.184	1.33770				2
2025.12.22	00:51:39.803	1.33772				2
2025.12.22	00:51:43.197	1.33768				2
2025.12.22	00:51:44.128	1.33769				2
2025.12.22	00:51:45.358	1.33770	1.33889			6
2025.12.22	00:51:46.588	1.33769				2
2025.12.22	00:51:46.897	1.33770				2
2025.12.22	00:51:48.755	1.33769				2
2025.12.22	00:51:49.367	1.33767				2
2025.12.22	00:51:53.384	1.33766				2
2025.12.22	00:51:54.004	1.33775				2
2025.12.22	00:52:00.177	1.33775				2
2025.12.22	00:52:04.197	1.33770				2
2025.12.22	00:52:07.281	1.33769				2
2025.12.22	00:52:09.138	1.33774				2
2025.12.22	00:52:19.326	1.33775				2
2025.12.22	00:52:29.213	1.33769				2
2025.12.22	00:52:34.145	1.33773				2
2025.12.22	00:52:36.306	1.33771				2
2025.12.22	00:52:36.920	1.33766				2
2025.12.22	00:52:42.188	1.33773				2
2025.12.22	00:52:43.429	1.33774				2
2025.12.22	00:52:45.587		1.33889			4
2025.12.22	00:52:48.967	1.33770				2
2025.12.22	00:52:49.281	1.33774				2
2025.12.22	00:52:49.903	1.33775				2
2025.12.22	00:52:50.210	1.33773				2
2025.12.22	00:52:51.145	1.33774				2
2025.12.22	00:52:53.925	1.33775				2
2025.12.22	00:52:55.166	1.33774				2
2025.12.22	00:53:00.104	1.33774				2
2025.12.22	00:53:00.417	1.33775				2
2025.12.22	00:53:05.063	1.33774				2
2025.12.22	00:53:15.603	1.33776				2
2025.12.22	00:53:15.913	1.33780	1.33929			6
2025.12.22	00:53:20.841	1.33778				2
2025.12.22	00:53:23.626	1.33779				2
2025.12.22	00:53:23.938	1.33780				2
2025.12.22	00:53:24.863	1.33782				2
2025.12.22	00:53:39.076	1.33776				2
2025.12.22	00:53:48.965	1.33783				2
2025.12.22	00:53:49.271	1.33784				2
2025.12.22	00:53:51.431	1.33775				2
2025.12.22	00:54:00.077	1.33775				2
2025.12.22	00:54:16.143		1.33929			4
2025.12.22	00:54:37.750	1.33772				2
2025.12.22	00:54:38.673	1.33774				2
2025.12.22	00:54:46.387	1.33772				2
2025.12.22	00:54:49.476	1.33774				2
2025.12.22	00:55:00.287	1.33774				2
2025.12.22	00:55:05.220	1.33775				2
2025.12.22	00:55:14.159	1.33776				2
2025.12.22	00:55:16.325		1.33929			4
2025.12.22	00:55:26.517	1.33770				2
2025.12.22	00:55:37.661	1.33771				2
2025.12.22	00:55:38.577	1.33774	1.33927			6
2025.12.22	00:55:38.887		1.33918			4
2025.12.22	00:55:39.194		1.33921			4
2025.12.22	00:55:39.807		1.33917			4
2025.12.22	00:55:40.117	1.33772				2
2025.12.22	00:55:40.423		1.33916			4
2025.12.22	00:55:41.341		1.33918			4
2025.12.22	00:55:41.649		1.33919			4
2025.12.22	00:55:42.564		1.33927			4
2025.12.22	00:55:42.872		1.33919			4
2025.12.22	00:55:45.644	1.33773	1.33916			6
2025.12.22	00:55:47.497	1.33772	1.33922			6
2025.12.22	00:55:47.811		1.33927			4
2025.12.22	00:55:48.730		1.33914			4
2025.12.22	00:55:49.357		1.33916			4
2025.12.22	00:55:49.663		1.33918			4
2025.12.22	00:55:51.507	1.33780	1.33925			6
2025.12.22	00:55:51.815		1.33924			4
2025.12.22	00:55:52.120		1.33922			4
2025.12.22	00:55:53.038	1.33781				2
2025.12.22	00:55:54.582		1.33920			4
2025.12.22	00:55:55.826		1.33921			4
2025.12.22	00:55:56.443		1.33922			4
2025.12.22	00:55:58.297	1.33774				2
2025.12.22	00:55:58.603		1.33924			4
2025.12.22	00:55:58.911	1.33781	1.33920			6
2025.12.22	00:55:59.828		1.33921			4
2025.12.22	00:56:00.140	1.33781	1.33923			6
2025.12.22	00:56:00.759		1.33921			4
2025.12.22	00:56:01.063		1.33922			4
2025.12.22	00:56:04.756		1.33921			4
2025.12.22	00:56:07.849		1.33920			4
2025.12.22	00:56:08.769	1.33780				2
2025.12.22	00:56:11.551		1.33921			4
2025.12.22	00:56:22.979		1.33919			4
2025.12.22	00:56:26.681		1.33920			4
2025.12.22	00:56:31.621		1.33917			4
2025.12.22	00:56:36.868	1.33781				2
2025.12.22	00:56:46.132		1.33916			4
2025.12.22	00:56:46.447		1.33922			4
2025.12.22	00:56:47.374		1.33940			4
2025.12.22	00:56:47.677		1.33916			4
2025.12.22	00:56:51.997		1.33914			4
2025.12.22	00:56:55.387		1.33915			4
2025.12.22	00:57:00.004	1.33781				2
2025.12.22	00:57:00.621		1.33913			4
2025.12.22	00:57:03.401	1.33786	1.33835			6
2025.12.22	00:57:08.613	1.33788	1.33837			6
2025.12.22	00:57:08.917		1.33848			4
2025.12.22	00:57:24.214	1.33785				2
2025.12.22	00:57:33.721	1.33787	1.33854			6
2025.12.22	00:57:34.027		1.33852			4
2025.12.22	00:57:43.502	1.33785	1.33849			6
2025.12.22	00:57:49.627		1.33845			4
2025.12.22	00:57:54.536		1.33849			4
2025.12.22	00:57:59.132	1.33780				2
2025.12.22	00:58:00.060	1.33780				2
2025.12.22	00:58:08.912		1.33845			4
2025.12.22	00:58:10.452		1.33849			4
2025.12.22	00:58:11.673		1.33843			4
2025.12.22	00:58:17.761		1.33845			4
2025.12.22	00:58:21.136		1.33849			4
2025.12.22	00:58:29.103		1.33842			4
2025.12.22	00:58:29.412		1.33844			4
2025.12.22	00:58:29.717		1.33849			4
2025.12.22	00:58:33.416		1.33845			4
2025.12.22	00:58:46.761		1.33849			4
2025.12.22	00:58:55.157		1.33846			4
2025.12.22	00:59:00.122	1.33780				2
2025.12.22	00:59:00.432		1.33849			4
2025.12.22	00:59:03.516		1.33846			4
2025.12.22	00:59:03.826		1.33843			4
2025.12.22	00:59:04.135		1.33845			4
2025.12.22	00:59:07.534		1.33843			4
2025.12.22	00:59:25.183		1.33849			4
2025.12.22	00:59:29.508		1.33852			4
2025.12.22	00:59:37.538		1.33855			4
2025.12.22	00:59:39.703		1.33856			4
2025.12.22	00:59:40.644		1.33851			4
2025.12.22	00:59:40.953		1.33856			4
2025.12.22	00:59:44.375		1.33855			4
2025.12.22	00:59:48.387		1.33856			4
2025.12.22	00:59:58.327	1.33771	1.33813			6
2025.12.22	00:59:58.952		1.33814			4
2025.12.22	01:00:00.181	1.33744	1.33820			6
2025.12.22	01:00:00.488		1.33826			4
2025.12.22	01:00:00.808	1.33738	1.33825			6
2025.12.22	01:00:01.110		1.33819			4
2025.12.22	01:00:01.422	1.33752	1.33812			6
2025.12.22	01:00:02.027		1.33810			4
2025.12.22	01:00:02.335	1.33741	1.33812			6
2025.12.22	01:00:02.643	1.33744	1.33810			6
2025.12.22	01:00:02.958	1.33739	1.33814			6
2025.12.22	01:00:04.190	1.33740	1.33813			6
2025.12.22	01:00:04.492	1.33738	1.33815			6
2025.12.22	01:00:05.425	1.33737	1.33816			6
2025.12.22	01:00:05.740	1.33742	1.33817			6
2025.12.22	01:00:06.051	1.33739	1.33820			6
2025.12.22	01:00:06.364	1.33743	1.33815			6
2025.12.22	01:00:06.672	1.33741	1.33816			6
2025.12.22	01:00:07.291		1.33817			4
2025.12.22	01:00:07.603	1.33753	1.33803			6
2025.12.22	01:00:07.910	1.33752				2
2025.12.22	01:00:08.212	1.33753	1.33804			6
2025.12.22	01:00:08.517		1.33819			4
2025.12.22	01:00:08.829	1.33754	1.33818			6
2025.12.22	01:00:09.448		1.33816			4
2025.12.22	01:00:09.755		1.33818			4
2025.12.22	01:00:10.379	1.33756	1.33816			6
2025.12.22	01:00:11.306	1.33757	1.33815			6
2025.12.22	01:00:11.608	1.33758	1.33814			6
2025.12.22	01:00:11.927	1.33756	1.33818			6
2025.12.22	01:00:12.546	1.33759	1.33815			6
2025.12.22	01:00:12.852	1.33756	1.33819			6
2025.12.22	01:00:13.470	1.33761	1.33820			6
2025.12.22	01:00:13.777	1.33760	1.33822			6
2025.12.22	01:00:14.089	1.33759	1.33823			6
2025.12.22	01:00:15.015	1.33762	1.33824			6
2025.12.22	01:00:16.252	1.33757	1.33823			6
2025.12.22	01:00:16.870	1.33797	1.33837			6
2025.12.22	01:00:17.177	1.33800	1.33836			6
2025.12.22	01:00:17.794	1.33811				2
2025.12.22	01:00:18.106		1.33831			4
2025.12.22	01:00:18.410	1.33812				2
2025.12.22	01:00:18.715		1.33833			4
2025.12.22	01:00:19.638		1.33831			4
2025.12.22	01:00:19.947		1.33830			4
2025.12.22	01:00:20.558	1.33769	1.33816			6
2025.12.22	01:00:20.864	1.33770	1.33815			6
2025.12.22	01:00:21.786	1.33766	1.33821			6
2025.12.22	01:00:22.092	1.33768	1.33820			6
2025.12.22	01:00:22.400	1.33767	1.33817			6
2025.12.22	01:00:22.705	1.33765				2
2025.12.22	01:00:23.006	1.33766	1.33821			6
2025.12.22	01:00:23.309	1.33767	1.33823			6
2025.12.22	01:00:23.612	1.33771	1.33820			6
2025.12.22	01:00:23.920	1.33772	1.33819			6
2025.12.22	01:00:24.233	1.33762	1.33822			6
2025.12.22	01:00:24.856		1.33831			4
2025.12.22	01:00:25.161		1.33823			4
2025.12.22	01:00:25.474		1.33820			4
2025.12.22	01:00:26.092		1.33824			4
2025.12.22	01:00:26.402	1.33766	1.33825			6
2025.12.22	01:00:27.322	1.33765	1.33820			6
2025.12.22	01:00:27.629		1.33825			4
2025.12.22	01:00:28.250	1.33769	1.33826			6
2025.12.22	01:00:28.865	1.33762	1.33821			6
2025.12.22	01:00:29.170	1.33765	1.33825			6
2025.12.22	01:00:29.486		1.33822			4
2025.12.22	01:00:29.791	1.33767	1.33820			6
2025.12.22	01:00:30.097	1.33769	1.33824			6
2025.12.22	01:00:30.407		1.33818			4
2025.12.22	01:00:30.714		1.33822			4
2025.12.22	01:00:31.021	1.33767	1.33815			6
2025.12.22	01:00:31.326		1.33816			4
2025.12.22	01:00:31.933		1.33818			4
2025.12.22	01:00:32.238	1.33753	1.33815			6
2025.12.22	01:00:32.543		1.33809			4
2025.12.22	01:00:32.859		1.33810			4
2025.12.22	01:00:33.473	1.33766	1.33816			6
2025.12.22	01:00:33.782	1.33762	1.33822			6
2025.12.22	01:00:34.392	1.33760	1.33821			6
2025.12.22	01:00:34.701	1.33764	1.33817			6
2025.12.22	01:00:35.323	1.33765	1.33816			6
2025.12.22	01:00:35.630		1.33817			4
2025.12.22	01:00:36.251	1.33763	1.33819			6
2025.12.22	01:00:36.557	1.33764	1.33817			6
2025.12.22	01:00:36.859	1.33765	1.33816			6
2025.12.22	01:00:37.470		1.33817			4
2025.12.22	01:00:38.397	1.33764				2
2025.12.22	01:00:39.635	1.33766	1.33811			6
2025.12.22	01:00:39.937		1.33817			4
2025.12.22	01:00:41.795		1.33816			4
2025.12.22	01:00:42.416		1.33818			4
2025.12.22	01:00:43.963	1.33767	1.33816			6
2025.12.22	01:00:44.269	1.33765	1.33812			6
2025.12.22	01:00:44.579	1.33759	1.33811			6
2025.12.22	01:00:45.498	1.33766	1.33817			6
2025.12.22	01:00:45.805	1.33768	1.33816			6
2025.12.22	01:00:46.114	1.33767	1.33817			6
2025.12.22	01:00:46.432		1.33813			4
2025.12.22	01:00:46.740	1.33763	1.33814			6
2025.12.22	01:00:47.045	1.33756	1.33820			6
2025.12.22	01:00:47.354	1.33767	1.33816			6
2025.12.22	01:00:47.656	1.33768	1.33815			6
2025.12.22	01:00:49.187	1.33764	1.33820			6
2025.12.22	01:00:49.496	1.33766	1.33816			6
2025.12.22	01:00:49.803	1.33762	1.33820			6
2025.12.22	01:00:50.428	1.33766	1.33814			6
2025.12.22	01:00:50.731	1.33765	1.33818			6
2025.12.22	01:00:51.349	1.33763	1.33819			6
2025.12.22	01:00:51.653	1.33764	1.33817			6
2025.12.22	01:00:51.971	1.33766	1.33812			6
2025.12.22	01:00:52.276	1.33767	1.33813			6
2025.12.22	01:00:52.579	1.33763	1.33809			6
2025.12.22	01:00:52.885	1.33766	1.33818			6
2025.12.22	01:00:53.204		1.33816			4
2025.12.22	01:00:53.516	1.33764	1.33818			6
2025.12.22	01:00:53.820	1.33766	1.33816			6
2025.12.22	01:00:54.436	1.33767	1.33815			6
2025.12.22	01:00:54.744	1.33768				2
2025.12.22	01:00:55.672	1.33767	1.33816			6
2025.12.22	01:00:55.980	1.33763	1.33819			6
2025.12.22	01:00:56.287	1.33758	1.33822			6
2025.12.22	01:00:56.602	1.33765	1.33817			6
2025.12.22	01:00:56.909	1.33767	1.33815			6
2025.12.22	01:00:57.217	1.33766	1.33816			6
2025.12.22	01:00:57.519	1.33765	1.33818			6
2025.12.22	01:00:57.833	1.33760	1.33823			6
2025.12.22	01:00:58.136	1.33765	1.33814			6
2025.12.22	01:00:58.443	1.33766	1.33817			6
2025.12.22	01:00:58.746	1.33760	1.33810			6
2025.12.22	01:00:59.058	1.33765	1.33815			6
2025.12.22	01:00:59.376	1.33764				2
2025.12.22	01:00:59.681	1.33763	1.33819			6
2025.12.22	01:01:00.303	1.33768	1.33811			6
2025.12.22	01:01:00.605	1.33765	1.33815			6
2025.12.22	01:01:00.921	1.33767	1.33817			6
2025.12.22	01:01:01.242	1.33766	1.33819			6
2025.12.22	01:01:01.546	1.33769	1.33811			6
2025.12.22	01:01:01.848		1.33809			4
2025.12.22	01:01:09.536	1.33765	1.33816			6
2025.12.22	01:01:10.160		1.33817			4
2025.12.22	01:01:10.464	1.33763	1.33811			6
2025.12.22	01:01:11.092	1.33769	1.33816			6
2025.12.22	01:01:15.387		1.33815			4
2025.12.22	01:01:17.219		1.33814			4
2025.12.22	01:01:18.138	1.33772				2
2025.12.22	01:01:18.440	1.33780	1.33816			6
2025.12.22	01:01:19.354	1.33795	1.33796			6
2025.12.22	01:01:20.887	1.33781	1.33815			6
2025.12.22	01:01:21.189	1.33782	1.33814			6
2025.12.22	01:01:21.494		1.33815			4
2025.12.22	01:01:21.798	1.33784				2
2025.12.22	01:01:22.102	1.33782	1.33819			6
2025.12.22	01:01:22.708	1.33781				2
2025.12.22	01:01:23.010	1.33783	1.33816			6
2025.12.22	01:01:23.620	1.33780	1.33819			6
2025.12.22	01:01:24.246		1.33820			4
2025.12.22	01:01:25.167		1.33821			4
2025.12.22	01:01:26.410	1.33782				2
2025.12.22	01:01:26.713		1.33819			4
2025.12.22	01:01:27.019	1.33779	1.33821			6
2025.12.22	01:01:27.334		1.33827			4
2025.12.22	01:01:27.642		1.33828			4
2025.12.22	01:01:27.956	1.33769	1.33818			6
2025.12.22	01:01:28.265	1.33781	1.33815			6
2025.12.22	01:01:28.883		1.33816			4
2025.12.22	01:01:29.195	1.33782	1.33815			6
2025.12.22	01:01:29.500	1.33783				2
2025.12.22	01:01:30.416	1.33779				2
2025.12.22	01:01:31.958	1.33780				2
2025.12.22	01:01:32.573		1.33816			4
2025.12.22	01:01:33.499	1.33763	1.33808			6
2025.12.22	01:01:33.803	1.33764	1.33812			6
2025.12.22	01:01:34.108	1.33772	1.33814			6
2025.12.22	01:01:39.044		1.33813			4
2025.12.22	01:01:39.972		1.33811			4
2025.12.22	01:01:40.280	1.33771	1.33809			6
2025.12.22	01:01:41.514	1.33772	1.33812			6
2025.12.22	01:01:42.440		1.33815			4
2025.12.22	01:01:42.744	1.33770	1.33809			6
2025.12.22	01:01:43.054		1.33808			4
2025.12.22	01:01:43.677	1.33769	1.33810			6
2025.12.22	01:01:44.293	1.33768				2
2025.12.22	01:01:44.913	1.33770				2
2025.12.22	01:01:45.218	1.33773	1.33816			6
2025.12.22	01:01:45.524	1.33770	1.33810			6
2025.12.22	01:01:45.833	1.33773	1.33816			6
2025.12.22	01:01:46.136	1.33771	1.33810			6
2025.12.22	01:01:47.376		1.33811			4
2025.12.22	01:01:48.304		1.33808			4
2025.12.22	01:01:49.228		1.33809			4
2025.12.22	01:01:51.698		1.33811			4
2025.12.22	01:01:52.007	1.33772	1.33812			6
2025.12.22	01:01:53.242		1.33813			4
2025.12.22	01:01:54.168		1.33817			4
2025.12.22	01:01:54.471	1.33771	1.33816			6
2025.12.22	01:01:54.790		1.33821			4
2025.12.22	01:01:55.095	1.33774	1.33819			6
2025.12.22	01:01:55.399	1.33773	1.33821			6
2025.12.22	01:01:55.713	1.33772	1.33816			6
2025.12.22	01:01:56.333		1.33815			4
2025.12.22	01:01:57.259	1.33773	1.33824			6
2025.12.22	01:01:57.562		1.33804			4
2025.12.22	01:01:58.177	1.33775	1.33811			6
2025.12.22	01:01:58.483	1.33774	1.33818			6
2025.12.22	01:01:59.718	1.33775	1.33814			6
2025.12.22	01:02:00.030	1.33775				2
2025.12.22	01:02:00.340	1.33773	1.33817			6
2025.12.22	01:02:00.653	1.33771	1.33826			6
2025.12.22	01:02:01.270	1.33774	1.33819			6
2025.12.22	01:02:01.895		1.33821			4
2025.12.22	01:02:02.198	1.33775	1.33820			6
2025.12.22	01:02:02.504	1.33774	1.33819			6
2025.12.22	01:02:02.815		1.33818			4
2025.12.22	01:02:03.435		1.33819			4
2025.12.22	01:02:03.737	1.33775	1.33823			6
2025.12.22	01:02:04.040	1.33774	1.33817			6
2025.12.22	01:02:04.978	1.33775	1.33821			6
2025.12.22	01:02:05.285		1.33819			4
2025.12.22	01:02:05.592	1.33774	1.33817			6
2025.12.22	01:02:06.209	1.33775	1.33821			6
2025.12.22	01:02:06.517		1.33813			4
2025.12.22	01:02:06.819		1.33824			4
2025.12.22	01:02:07.126	1.33776	1.33812			6
2025.12.22	01:02:07.430	1.33775	1.33820			6
2025.12.22	01:02:07.743		1.33825			4
2025.12.22	01:02:08.045	1.33776	1.33815			6
2025.12.22	01:02:08.351		1.33811			4
2025.12.22	01:02:09.281	1.33766	1.33814			6
2025.12.22	01:02:09.587	1.33771	1.33808			6
2025.12.22	01:02:09.902	1.33773	1.33804			6
2025.12.22	01:02:16.038		1.33802			4
2025.12.22	01:02:20.328	1.33766	1.33808			6
2025.12.22	01:02:21.252	1.33771	1.33804			6
2025.12.22	01:02:21.558	1.33765	1.33809			6
2025.12.22	01:02:22.490	1.33772	1.33802			6
2025.12.22	01:02:24.626	1.33766	1.33809			6
2025.12.22	01:02:25.236	1.33784	1.33785			6
2025.12.22	01:02:37.497	1.33774	1.33802			6
2025.12.22	01:02:41.203		1.33803			4
2025.12.22	01:02:42.747		1.33801			4
2025.12.22	01:02:43.051	1.33765	1.33818			6
2025.12.22	01:02:43.354	1.33784	1.33785			6
2025.12.22	01:02:43.660	1.33766	1.33803			6
2025.12.22	01:02:43.977	1.33772	1.33800			6
2025.12.22	01:02:44.283	1.33766	1.33807			6
2025.12.22	01:02:47.686	1.33784	1.33785			6
2025.12.22	01:02:48.292	1.33783	1.33784			6
2025.12.22	01:02:54.129	1.33765	1.33816			6
2025.12.22	01:02:55.366	1.33784	1.33785			6
2025.12.22	01:02:56.278	1.33765	1.33821			6
2025.12.22	01:02:57.191	1.33784	1.33785			6
2025.12.22	01:02:58.116	1.33765	1.33817			6
2025.12.22	01:02:59.981	1.33784	1.33785			6
2025.12.22	01:03:00.288	1.33784				2
2025.12.22	01:03:08.561	1.33768	1.33812			6
2025.12.22	01:03:08.867	1.33783	1.33784			6
2025.12.22	01:03:09.478	1.33767	1.33811			6
2025.12.22	01:03:10.095	1.33783	1.33784			6
2025.12.22	01:03:11.015	1.33775	1.33811			6
2025.12.22	01:03:11.320	1.33786	1.33787			6
2025.12.22	01:03:14.091	1.33784	1.33785			6
2025.12.22	01:03:14.395	1.33776	1.33797			6
2025.12.22	01:03:14.698	1.33785	1.33786			6
2025.12.22	01:03:15.004	1.33783	1.33784			6
2025.12.22	01:03:15.310	1.33784	1.33785			6
2025.12.22	01:03:15.613	1.33782	1.33783			6
2025.12.22	01:03:15.923	1.33784	1.33785			6
2025.12.22	01:03:17.459	1.33782	1.33783			6
2025.12.22	01:03:18.383	1.33783	1.33784			6
2025.12.22	01:03:18.685	1.33784	1.33785			6
2025.12.22	01:03:18.997	1.33786	1.33787			6
2025.12.22	01:03:19.610	1.33784	1.33785			6
2025.12.22	01:03:19.916	1.33786	1.33787			6
2025.12.22	01:03:22.057	1.33784	1.33785			6
2025.12.22	01:03:22.671	1.33786	1.33787			6
2025.12.22	01:03:22.974	1.33784	1.33785			6
2025.12.22	01:03:23.585	1.33785	1.33786			6
2025.12.22	01:03:24.513	1.33784	1.33785			6
2025.12.22	01:03:26.654	1.33785	1.33786			6
2025.12.22	01:03:28.807	1.33782	1.33783			6
2025.12.22	01:03:29.118	1.33784	1.33785			6
2025.12.22	01:03:30.342	1.33785	1.33786			6
2025.12.22	01:03:33.717	1.33787	1.33788			6
2025.12.22	01:03:34.335	1.33786	1.33787			6
2025.12.22	01:03:36.180	1.33785	1.33786			6
2025.12.22	01:03:38.336	1.33786	1.33787			6
2025.12.22	01:03:41.406	1.33793	1.33794			6
2025.12.22	01:03:41.709	1.33792	1.33793			6
2025.12.22	01:03:42.328	1.33793	1.33794			6
2025.12.22	01:03:42.631	1.33794	1.33795			6
2025.12.22	01:03:47.550	1.33795	1.33796			6
2025.12.22	01:03:47.852	1.33793	1.33794			6
2025.12.22	01:03:51.236	1.33795	1.33796			6
2025.12.22	01:03:51.542	1.33798	1.33799			6
2025.12.22	01:03:55.536	1.33800	1.33801			6
2025.12.22	01:03:55.850	1.33801	1.33802			6
2025.12.22	01:03:59.832	1.33804	1.33805			6
2025.12.22	01:04:00.137	1.33800	1.33801			6
2025.12.22	01:04:01.367	1.33797	1.33798			6
2025.12.22	01:04:01.676	1.33798	1.33799			6
2025.12.22	01:04:03.521	1.33799	1.33800			6
2025.12.22	01:04:03.823	1.33800	1.33801			6
2025.12.22	01:04:05.056	1.33799	1.33800			6
2025.12.22	01:04:05.665	1.33797	1.33798			6
2025.12.22	01:04:05.970	1.33796	1.33797			6
2025.12.22	01:04:06.279	1.33795	1.33796			6
2025.12.22	01:04:06.583	1.33796	1.33797			6
2025.12.22	01:04:06.887	1.33795	1.33796			6
2025.12.22	01:04:07.190	1.33799	1.33800			6
2025.12.22	01:04:07.796	1.33800	1.33801			6
2025.12.22	01:04:09.931	1.33796	1.33797			6
2025.12.22	01:04:10.546	1.33797	1.33798			6
2025.12.22	01:04:10.853	1.33796	1.33797			6
2025.12.22	01:04:11.162	1.33791	1.33809			6
2025.12.22	01:04:11.465	1.33799	1.33800			6
2025.12.22	01:04:11.775	1.33798	1.33799			6
2025.12.22	01:04:12.385	1.33796	1.33797			6
2025.12.22	01:04:14.519	1.33800	1.33801			6
2025.12.22	01:04:15.138	1.33797	1.33798			6
2025.12.22	01:04:15.444	1.33796	1.33797			6
2025.12.22	01:04:17.294	1.33798	1.33799			6
2025.12.22	01:04:17.599	1.33797	1.33798			6
2025.12.22	01:04:19.730	1.33786	1.33806			6
2025.12.22	01:04:20.040	1.33796	1.33797			6
2025.12.22	01:04:21.274	1.33782	1.33805			6
2025.12.22	01:04:21.576	1.33795	1.33796			6
2025.12.22	01:04:21.884	1.33796	1.33797			6
2025.12.22	01:04:22.189	1.33784	1.33806			6
2025.12.22	01:04:22.494	1.33797	1.33798			6
2025.12.22	01:04:23.099	1.33796	1.33797			6
2025.12.22	01:04:23.402	1.33795	1.33796			6
2025.12.22	01:04:25.858	1.33777	1.33802			6
2025.12.22	01:04:26.176	1.33779				2
2025.12.22	01:04:26.483		1.33801			4
2025.12.22	01:04:26.784	1.33794	1.33795			6
2025.12.22	01:04:27.089	1.33792	1.33793			6
2025.12.22	01:04:27.392	1.33794	1.33795			6
2025.12.22	01:04:28.623	1.33785	1.33805			6
2025.12.22	01:04:29.533	1.33794	1.33795			6
2025.12.22	01:04:29.835	1.33784	1.33806			6
2025.12.22	01:04:30.139	1.33795	1.33796			6
2025.12.22	01:04:30.444	1.33782	1.33804			6
2025.12.22	01:04:30.756	1.33793	1.33794			6
2025.12.22	01:04:31.371	1.33782	1.33804			6
2025.12.22	01:04:31.677		1.33803			4
2025.12.22	01:04:31.982	1.33781	1.33802			6
2025.12.22	01:04:32.598	1.33783				2
2025.12.22	01:04:36.635	1.33785				2
2025.12.22	01:04:37.562	1.33792	1.33793			6
2025.12.22	01:04:37.871	1.33800	1.33801			6
2025.12.22	01:04:38.180	1.33799	1.33800			6
2025.12.22	01:04:39.089	1.33797	1.33798			6
2025.12.22	01:04:39.996	1.33798	1.33799			6
2025.12.22	01:04:43.972	1.33800	1.33801			6
2025.12.22	01:04:44.587	1.33801	1.33802			6
2025.12.22	01:04:44.892	1.33800	1.33801			6
2025.12.22	01:04:45.200	1.33801	1.33802			6
2025.12.22	01:04:45.503	1.33800	1.33801			6
2025.12.22	01:04:48.273	1.33801	1.33802			6
2025.12.22	01:04:49.817	1.33799	1.33800			6
2025.12.22	01:04:50.125	1.33797	1.33798			6
2025.12.22	01:04:50.429	1.33798	1.33799			6
2025.12.22	01:04:50.731	1.33799	1.33800			6
2025.12.22	01:04:51.033	1.33800	1.33801			6
2025.12.22	01:04:51.335	1.33804	1.33805			6
2025.12.22	01:04:57.475	1.33803	1.33804			6
2025.12.22	01:04:58.092	1.33804	1.33805			6
2025.12.22	01:04:58.406	1.33803	1.33804			6
2025.12.22	01:05:00.241	1.33773	1.33807			6
2025.12.22	01:05:00.544	1.33788	1.33802			6
2025.12.22	01:05:00.850	1.33792	1.33793			6
2025.12.22	01:05:01.462	1.33794	1.33795			6
2025.12.22	01:05:01.765	1.33792	1.33793			6
2025.12.22	01:05:02.069	1.33793	1.33794			6
2025.12.22	01:05:02.380	1.33796	1.33797			6
2025.12.22	01:05:03.303	1.33795	1.33796			6
2025.12.22	01:05:09.433	1.33794	1.33795			6
2025.12.22	01:05:10.656	1.33795	1.33796			6
2025.12.22	01:05:10.961	1.33798	1.33799			6
2025.12.22	01:05:11.275	1.33799	1.33800			6
2025.12.22	01:05:11.577	1.33804	1.33805			6
2025.12.22	01:05:12.189	1.33807	1.33808			6
2025.12.22	01:05:12.498	1.33812	1.33813			6
2025.12.22	01:05:13.416	1.33807	1.33808			6
2025.12.22	01:05:14.344	1.33806	1.33807			6
2025.12.22	01:05:14.650	1.33807	1.33808			6
2025.12.22	01:05:14.955	1.33814	1.33815			6
2025.12.22	01:05:16.797	1.33808	1.33809			6
2025.12.22	01:05:17.415	1.33807	1.33808			6
2025.12.22	01:05:19.562	1.33806	1.33807			6
2025.12.22	01:05:20.777	1.33805	1.33806			6
2025.12.22	01:05:21.089	1.33806	1.33807			6
2025.12.22	01:05:22.005	1.33805	1.33806			6
2025.12.22	01:05:28.136	1.33806	1.33807			6
2025.12.22	01:05:33.658	1.33809	1.33810			6
2025.12.22	01:05:35.198	1.33802	1.33826			6
2025.12.22	01:05:35.500		1.33824			4
2025.12.22	01:05:35.805	1.33806	1.33807			6
2025.12.22	01:05:38.580	1.33803	1.33821			6
2025.12.22	01:05:38.893		1.33820			4
2025.12.22	01:05:39.206	1.33802				2
2025.12.22	01:05:39.513		1.33832			4
2025.12.22	01:05:39.819	1.33810	1.33811			6
2025.12.22	01:05:40.120	1.33809	1.33810			6
2025.12.22	01:05:40.425	1.33807	1.33808			6
2025.12.22	01:05:43.181	1.33808	1.33809			6
2025.12.22	01:05:50.216	1.33810	1.33811			6
2025.12.22	01:05:51.446	1.33802	1.33824			6
2025.12.22	01:05:51.758	1.33804				2
2025.12.22	01:05:52.060	1.33802				2
2025.12.22	01:05:52.990	1.33797	1.33825			6
2025.12.22	01:05:53.302	1.33799	1.33821			6
2025.12.22	01:05:53.610		1.33820			4
2025.12.22	01:05:53.928	1.33803				2
2025.12.22	01:05:54.545		1.33822			4
2025.12.22	01:05:54.850	1.33809	1.33810			6
2025.12.22	01:05:55.459	1.33802	1.33821			6
2025.12.22	01:05:59.192	1.33808	1.33809			6
2025.12.22	01:06:00.109	1.33808				2
2025.12.22	01:06:01.031	1.33803	1.33821			6
2025.12.22	01:06:01.335	1.33810	1.33811			6
2025.12.22	01:06:01.644	1.33804	1.33823			6
2025.12.22	01:06:02.264	1.33800	1.33824			6
2025.12.22	01:06:02.573	1.33799	1.33818			6
2025.12.22	01:06:02.880		1.33822			4
2025.12.22	01:06:03.189		1.33824			4
2025.12.22	01:06:03.499		1.33826			4
2025.12.22	01:06:03.804		1.33819			4
2025.12.22	01:06:05.048		1.33825			4
2025.12.22	01:06:08.433	1.33801				2
2025.12.22	01:06:09.667		1.33822			4
2025.12.22	01:06:15.521	1.33800				2
2025.12.22	01:06:19.536	1.33801	1.33821			6
2025.12.22	01:06:20.155		1.33828			4
2025.12.22	01:06:20.458		1.33832			4
2025.12.22	01:06:24.474	1.33797	1.33833			6
2025.12.22	01:06:24.778	1.33801	1.33824			6
2025.12.22	01:06:25.080	1.33807	1.33808			6
2025.12.22	01:06:25.699	1.33801	1.33819			6
2025.12.22	01:06:30.034	1.33808	1.33809			6
2025.12.22	01:06:33.105	1.33802	1.33822			6
2025.12.22	01:06:33.407	1.33807	1.33830			6
2025.12.22	01:06:33.709	1.33813	1.33814			6
2025.12.22	01:06:34.326	1.33814	1.33815			6
2025.12.22	01:06:35.864	1.33808	1.33823			6
2025.12.22	01:06:37.115	1.33815	1.33816			6
2025.12.22	01:06:37.420	1.33813	1.33814			6
2025.12.22	01:06:38.037	1.33814	1.33815			6
2025.12.22	01:06:40.500	1.33815	1.33816			6
2025.12.22	01:06:40.805	1.33814	1.33815			6
2025.12.22	01:06:47.529	1.33815	1.33816			6
2025.12.22	01:06:50.597	1.33817	1.33818			6
2025.12.22	01:06:50.899	1.33811	1.33832			6
2025.12.22	01:06:51.213	1.33817	1.33818			6
2025.12.22	01:06:51.514	1.33811	1.33831			6
2025.12.22	01:06:51.833		1.33828			4
2025.12.22	01:06:54.936		1.33827			4
2025.12.22	01:06:55.244		1.33828			4
2025.12.22	01:06:55.562	1.33816	1.33817			6
2025.12.22	01:06:55.870	1.33814	1.33815			6
2025.12.22	01:06:56.177	1.33817	1.33818			6
2025.12.22	01:06:56.482	1.33816	1.33817			6
2025.12.22	01:06:57.091	1.33817	1.33818			6
2025.12.22	01:06:58.318	1.33816	1.33817			6
2025.12.22	01:07:00.160	1.33817	1.33818			6
2025.12.22	01:07:00.462	1.33816	1.33817			6
2025.12.22	01:07:01.674	1.33817	1.33818			6
2025.12.22	01:07:01.982	1.33818	1.33819			6
2025.12.22	01:07:02.284	1.33816	1.33817			6
2025.12.22	01:07:02.588	1.33817	1.33818			6
2025.12.22	01:07:02.899	1.33813	1.33828			6
2025.12.22	01:07:03.210	1.33818	1.33819			6
2025.12.22	01:07:05.658	1.33819	1.33820			6
2025.12.22	01:07:05.966	1.33813	1.33829			6
2025.12.22	01:07:06.283		1.33828			4
2025.12.22	01:07:07.206	1.33819	1.33820			6
2025.12.22	01:07:07.825	1.33813	1.33827			6
2025.12.22	01:07:08.437	1.33818	1.33819			6
2025.12.22	01:07:08.740	1.33812	1.33826			6
2025.12.22	01:07:09.052	1.33819	1.33820			6
2025.12.22	01:07:09.357	1.33813	1.33828			6
2025.12.22	01:07:09.988		1.33829			4
2025.12.22	01:07:10.612	1.33818	1.33819			6
2025.12.22	01:07:11.233	1.33819	1.33820			6
2025.12.22	01:07:14.584	1.33818	1.33819			6
2025.12.22	01:07:15.201	1.33806	1.33827			6
2025.12.22	01:07:15.508	1.33818	1.33819			6
2025.12.22	01:07:17.338	1.33819	1.33820			6
2025.12.22	01:07:17.648	1.33820	1.33821			6
2025.12.22	01:07:17.949	1.33812	1.33828			6
2025.12.22	01:07:18.258	1.33813	1.33827			6
2025.12.22	01:07:18.564	1.33821	1.33822			6
2025.12.22	01:07:19.176	1.33820	1.33821			6
2025.12.22	01:07:19.484	1.33819	1.33820			6
2025.12.22	01:07:20.103	1.33818	1.33819			6
2025.12.22	01:07:20.405	1.33819	1.33820			6
2025.12.22	01:07:20.708	1.33813	1.33828			6
2025.12.22	01:07:24.723		1.33829			4
2025.12.22	01:07:25.653	1.33819	1.33820			6
2025.12.22	01:07:25.960	1.33818	1.33819			6
2025.12.22	01:07:26.266	1.33812	1.33827			6
2025.12.22	01:07:26.569	1.33813	1.33826			6
2025.12.22	01:07:27.190	1.33816	1.33817			6
2025.12.22	01:07:27.495	1.33817	1.33818			6
2025.12.22	01:07:27.798	1.33819	1.33820			6
2025.12.22	01:07:28.405	1.33809	1.33826			6
2025.12.22	01:07:28.715	1.33816	1.33817			6
2025.12.22	01:07:29.320	1.33819	1.33820			6
2025.12.22	01:07:36.061	1.33821	1.33822			6
2025.12.22	01:07:36.365	1.33814	1.33831			6
2025.12.22	01:07:36.679	1.33819	1.33820			6
2025.12.22	01:07:37.595	1.33820	1.33821			6
2025.12.22	01:07:38.832	1.33819	1.33820			6
2025.12.22	01:07:40.054	1.33820	1.33821			6
2025.12.22	01:07:44.957	1.33819	1.33820			6
2025.12.22	01:07:45.270	1.33820	1.33821			6
2025.12.22	01:07:46.189	1.33821	1.33822			6
2025.12.22	01:07:46.502	1.33809	1.33827			6
2025.12.22	01:07:47.428	1.33820	1.33821			6
2025.12.22	01:07:48.350	1.33821	1.33822			6
2025.12.22	01:07:48.661	1.33820	1.33821			6
2025.12.22	01:07:50.814	1.33814	1.33829			6
2025.12.22	01:07:52.361		1.33830			4
2025.12.22	01:07:52.985	1.33813				2
2025.12.22	01:07:53.604		1.33831			4
2025.12.22	01:07:55.486		1.33832			4
2025.12.22	01:07:55.792	1.33815				2
2025.12.22	01:07:58.281		1.33831			4
2025.12.22	01:07:58.897	1.33813				2
2025.12.22	01:07:59.821	1.33819	1.33820			6
2025.12.22	01:08:00.126	1.33819				2
2025.12.22	01:08:00.428	1.33818	1.33819			6
2025.12.22	01:08:05.964	1.33813	1.33830			6
2025.12.22	01:08:06.266	1.33816	1.33833			6
2025.12.22	01:08:07.195	1.33820	1.33821			6
2025.12.22	01:08:07.809	1.33814	1.33827			6
2025.12.22	01:08:08.115	1.33812				2
2025.12.22	01:08:09.045		1.33828			4
2025.12.22	01:08:10.607	1.33816	1.33817			6
2025.12.22	01:08:11.526	1.33817	1.33818			6
2025.12.22	01:08:16.758	1.33816	1.33817			6
2025.12.22	01:08:17.065	1.33817	1.33818			6
2025.12.22	01:08:17.982	1.33818	1.33819			6
2025.12.22	01:08:19.203	1.33817	1.33818			6
2025.12.22	01:08:20.740	1.33820	1.33821			6
2025.12.22	01:08:21.042	1.33813	1.33828			6
2025.12.22	01:08:21.653	1.33818	1.33819			6
2025.12.22	01:08:21.956	1.33821	1.33822			6
2025.12.22	01:08:22.571	1.33819	1.33820			6
2025.12.22	01:08:22.873	1.33812	1.33831			6
2025.12.22	01:08:23.190	1.33819	1.33820			6
2025.12.22	01:08:23.500	1.33820	1.33821			6
2025.12.22	01:08:23.811	1.33818	1.33819			6
2025.12.22	01:08:24.430	1.33820	1.33821			6
2025.12.22	01:08:24.741	1.33818	1.33819			6
2025.12.22	01:08:25.043	1.33806	1.33829			6
2025.12.22	01:08:25.351	1.33818	1.33819			6
2025.12.22	01:08:27.197	1.33819	1.33820			6
2025.12.22	01:08:27.801	1.33822	1.33823			6
2025.12.22	01:08:28.415	1.33820	1.33821			6
2025.12.22	01:08:29.955	1.33821	1.33822			6
2025.12.22	01:08:30.562	1.33822	1.33823			6
2025.12.22	01:08:31.774	1.33820	1.33821			6
2025.12.22	01:08:32.393	1.33822	1.33823			6
2025.12.22	01:08:32.701	1.33821	1.33822			6
2025.12.22	01:08:33.008	1.33816	1.33817			6
2025.12.22	01:08:33.309	1.33817	1.33818			6
2025.12.22	01:08:33.618	1.33812	1.33835			6
2025.12.22	01:08:33.938		1.33830			4
2025.12.22	01:08:34.255	1.33818	1.33819			6
2025.12.22	01:08:43.728	1.33812	1.33830			6
2025.12.22	01:08:44.050	1.33815	1.33816			6
2025.12.22	01:08:44.354	1.33818	1.33819			6
2025.12.22	01:08:44.663	1.33816	1.33817			6
2025.12.22	01:08:44.969	1.33818	1.33819			6
2025.12.22	01:08:45.277	1.33820	1.33821			6
2025.12.22	01:08:45.585	1.33819	1.33820			6
2025.12.22	01:08:45.889	1.33824	1.33825			6
2025.12.22	01:08:46.501	1.33817	1.33832			6
2025.12.22	01:08:46.803	1.33820	1.33821			6
2025.12.22	01:08:48.028	1.33819	1.33820			6
2025.12.22	01:08:48.331	1.33821	1.33822			6
2025.12.22	01:08:50.478	1.33818	1.33819			6
2025.12.22	01:08:51.086	1.33820	1.33821			6
2025.12.22	01:08:51.390	1.33819	1.33820			6
2025.12.22	01:08:52.303	1.33821	1.33822			6
2025.12.22	01:08:52.608	1.33820	1.33821			6
2025.12.22	01:08:53.222	1.33819	1.33820			6
2025.12.22	01:08:54.131	1.33818	1.33819			6
2025.12.22	01:08:54.441	1.33817	1.33818			6
2025.12.22	01:08:55.366	1.33816	1.33817			6
2025.12.22	01:08:55.673	1.33817	1.33818			6
2025.12.22	01:08:56.595	1.33816	1.33817			6
2025.12.22	01:08:57.514	1.33818	1.33819			6
2025.12.22	01:08:57.824	1.33817	1.33818			6
2025.12.22	01:08:58.747	1.33818	1.33819			6
2025.12.22	01:09:00.273	1.33818				2
2025.12.22	01:09:06.440	1.33817	1.33818			6
2025.12.22	01:09:09.191	1.33818	1.33819			6
2025.12.22	01:09:10.726	1.33817	1.33818			6
2025.12.22	01:09:11.043	1.33818	1.33819			6
2025.12.22	01:09:11.653	1.33817	1.33818			6
2025.12.22	01:09:12.574	1.33819	1.33820			6
2025.12.22	01:09:12.881	1.33817	1.33818			6
2025.12.22	01:09:13.186	1.33816	1.33817			6
2025.12.22	01:09:13.488	1.33817	1.33818			6
2025.12.22	01:09:13.799	1.33818	1.33819			6
2025.12.22	01:09:14.407	1.33817	1.33818			6
2025.12.22	01:09:15.019	1.33816	1.33817			6
2025.12.22	01:09:15.321	1.33818	1.33819			6
2025.12.22	01:09:16.242	1.33819	1.33820			6
2025.12.22	01:09:16.862	1.33816	1.33817			6
2025.12.22	01:09:18.403	1.33819	1.33820			6
2025.12.22	01:09:18.706	1.33816	1.33817			6
2025.12.22	01:09:19.008	1.33819	1.33820			6
2025.12.22	01:09:19.622	1.33816	1.33817			6
2025.12.22	01:09:19.937	1.33817	1.33818			6
2025.12.22	01:09:22.082	1.33816	1.33817			6
2025.12.22	01:09:23.007	1.33817	1.33818			6
2025.12.22	01:09:23.615	1.33818	1.33819			6
2025.12.22	01:09:23.916	1.33819	1.33820			6
2025.12.22	01:09:25.444	1.33816	1.33817			6
2025.12.22	01:09:25.746	1.33814	1.33815			6
2025.12.22	01:09:26.050	1.33817	1.33818			6
2025.12.22	01:09:28.200	1.33818	1.33819			6
2025.12.22	01:09:28.815	1.33819	1.33820			6
2025.12.22	01:09:29.428	1.33815	1.33848			6
2025.12.22	01:09:29.735	1.33821	1.33822			6
2025.12.22	01:09:31.575	1.33816	1.33841			6
2025.12.22	01:09:33.425	1.33815	1.33840			6
2025.12.22	01:09:34.669	1.33816	1.33841			6
2025.12.22	01:09:34.977		1.33842			4
2025.12.22	01:09:35.290		1.33843			4
2025.12.22	01:09:35.904	1.33815				2
2025.12.22	01:09:36.208	1.33814				2
2025.12.22	01:09:36.519	1.33815	1.33842			6
2025.12.22	01:09:38.996		1.33840			4
2025.12.22	01:09:39.304		1.33842			4
2025.12.22	01:09:40.230	1.33816	1.33845			6
2025.12.22	01:09:41.160		1.33843			4
2025.12.22	01:09:42.718		1.33841			4
2025.12.22	01:09:43.341		1.33842			4
2025.12.22	01:09:43.953		1.33841			4
2025.12.22	01:09:46.735		1.33842			4
2025.12.22	01:09:47.648		1.33841			4
2025.12.22	01:09:50.127	1.33813	1.33838			6
2025.12.22	01:09:50.432	1.33809	1.33840			6
2025.12.22	01:09:50.742		1.33836			4
2025.12.22	01:09:54.148	1.33807				2
2025.12.22	01:09:55.074	1.33806				2
2025.12.22	01:09:58.778		1.33831			4
2025.12.22	01:10:00.014	1.33806				2
2025.12.22	01:10:00.318	1.33808	1.33834			6
2025.12.22	01:10:01.254	1.33811	1.33812			6
2025.12.22	01:10:02.783	1.33806	1.33835			6
2025.12.22	01:10:03.098	1.33807	1.33833			6
2025.12.22	01:10:03.721		1.33834			4
2025.12.22	01:10:06.497		1.33833			4
2025.12.22	01:10:08.662		1.33834			4
2025.12.22	01:10:08.974	1.33806				2
2025.12.22	01:10:09.585	1.33808				2
2025.12.22	01:10:15.158	1.33807				2
2025.12.22	01:10:15.464	1.33804	1.33836			6
2025.12.22	01:10:15.771	1.33806				2
2025.12.22	01:10:20.105	1.33804	1.33835			6
2025.12.22	01:10:20.416	1.33805	1.33832			6
2025.12.22	01:10:22.592	1.33807	1.33834			6
2025.12.22	01:10:24.760	1.33806				2
2025.12.22	01:10:26.001		1.33833			4
2025.12.22	01:10:26.620		1.33835			4
2025.12.22	01:10:27.849		1.33833			4
2025.12.22	01:10:35.253		1.33832			4
2025.12.22	01:10:35.565	1.33808	1.33835			6
2025.12.22	01:10:36.182	1.33806	1.33830			6
2025.12.22	01:10:36.492		1.33834			4
2025.12.22	01:10:40.193		1.33833			4
2025.12.22	01:10:55.640	1.33807	1.33830			6
2025.12.22	01:10:55.945	1.33808	1.33835			6
2025.12.22	01:10:57.802		1.33833			4
2025.12.22	01:10:59.032		1.33834			4
2025.12.22	01:11:00.265	1.33808				2
2025.12.22	01:11:07.369		1.33833			4
2025.12.22	01:11:07.677	1.33806	1.33835			6
2025.12.22	01:11:08.602	1.33798	1.33832			6
2025.12.22	01:11:08.908	1.33801	1.33829			6
2025.12.22	01:11:09.526	1.33800	1.33831			6
2025.12.22	01:11:09.842		1.33828			4
2025.12.22	01:11:10.460	1.33805				2
2025.12.22	01:11:10.767		1.33833			4
2025.12.22	01:11:14.482		1.33832			4
2025.12.22	01:11:14.790	1.33803				2
2025.12.22	01:11:16.027		1.33833			4
2025.12.22	01:11:19.421	1.33806	1.33834			6
2025.12.22	01:11:19.739		1.33832			4
2025.12.22	01:11:26.221	1.33803				2
2025.12.22	01:11:26.527	1.33804	1.33831			6
2025.12.22	01:11:29.620		1.33832			4
2025.12.22	01:11:39.198		1.33830			4
2025.12.22	01:11:40.427		1.33829			4
2025.12.22	01:11:40.740	1.33806	1.33832			6
2025.12.22	01:11:41.045	1.33808	1.33835			6
2025.12.22	01:11:43.534	1.33806	1.33834			6
2025.12.22	01:11:43.845	1.33807				2
2025.12.22	01:11:57.750	1.33808	1.33809			6
2025.12.22	01:11:58.056	1.33806	1.33832			6
2025.12.22	01:11:58.980	1.33805	1.33830			6
2025.12.22	01:12:00.217	1.33805				2
2025.12.22	01:12:19.072	1.33807	1.33834			6
2025.12.22	01:12:24.325	1.33809	1.33835			6
2025.12.22	01:12:24.632		1.33839			4
2025.12.22	01:12:25.248		1.33836			4
2025.12.22	01:12:25.859	1.33810				2
2025.12.22	01:12:27.102	1.33809	1.33838			6
2025.12.22	01:12:27.405		1.33837			4
2025.12.22	01:12:28.027	1.33808	1.33835			6
2025.12.22	01:12:28.342		1.33833			4
2025.12.22	01:12:28.960		1.33834			4
2025.12.22	01:12:29.268	1.33807	1.33833			6
2025.12.22	01:12:29.577		1.33834			4
2025.12.22	01:12:29.888	1.33811	1.33812			6
2025.12.22	01:12:30.500	1.33812	1.33813			6
2025.12.22	01:12:32.651	1.33811	1.33812			6
2025.12.22	01:12:33.262	1.33812	1.33813			6
2025.12.22	01:12:36.946	1.33811	1.33812			6
2025.12.22	01:12:37.253	1.33806	1.33807			6
2025.12.22	01:12:38.175	1.33808	1.33809			6
2025.12.22	01:12:40.929	1.33806	1.33807			6
2025.12.22	01:12:41.232	1.33805	1.33806			6
2025.12.22	01:12:43.377	1.33806	1.33807			6
2025.12.22	01:12:44.603	1.33805	1.33806			6
2025.12.22	01:12:46.145	1.33806	1.33807			6
2025.12.22	01:12:47.374	1.33805	1.33806			6
2025.12.22	01:12:48.592	1.33802	1.33803			6
2025.12.22	01:12:48.905	1.33804	1.33805			6
2025.12.22	01:12:49.217	1.33803	1.33804			6
2025.12.22	01:12:49.524	1.33804	1.33805			6
2025.12.22	01:12:51.674	1.33805	1.33806			6
2025.12.22	01:12:51.978	1.33804	1.33805			6
2025.12.22	01:12:53.828	1.33806	1.33807			6
2025.12.22	01:12:54.129	1.33803	1.33819			6
2025.12.22	01:12:54.439		1.33817			4
2025.12.22	01:12:54.742	1.33807	1.33808			6
2025.12.22	01:12:55.355	1.33805	1.33806			6
2025.12.22	01:12:56.573	1.33806	1.33807			6
2025.12.22	01:12:59.640	1.33804	1.33821			6
2025.12.22	01:12:59.948	1.33806	1.33807			6
2025.12.22	01:13:00.254	1.33805	1.33806			6
2025.12.22	01:13:00.562	1.33807	1.33808			6
2025.12.22	01:13:01.774	1.33806	1.33807			6
2025.12.22	01:13:02.079	1.33807	1.33808			6
2025.12.22	01:13:02.381	1.33806	1.33807			6
2025.12.22	01:13:02.692	1.33807	1.33808			6
2025.12.22	01:13:02.995	1.33806	1.33807			6
2025.12.22	01:13:05.745	1.33807	1.33808			6
2025.12.22	01:13:06.051	1.33808	1.33809			6
2025.12.22	01:13:08.208	1.33807	1.33808			6
2025.12.22	01:13:10.954	1.33808	1.33809			6
2025.12.22	01:13:17.713	1.33807	1.33808			6
2025.12.22	01:13:22.020	1.33808	1.33809			6
2025.12.22	01:13:27.843	1.33803	1.33819			6
2025.12.22	01:13:28.144	1.33808	1.33809			6
2025.12.22	01:13:30.295	1.33806	1.33807			6
2025.12.22	01:13:30.914	1.33807	1.33808			6
2025.12.22	01:13:38.612	1.33806	1.33807			6
2025.12.22	01:13:41.967	1.33805	1.33806			6
2025.12.22	01:13:42.272	1.33807	1.33808			6
2025.12.22	01:13:51.796	1.33806	1.33807			6
2025.12.22	01:13:52.101	1.33807	1.33808			6
2025.12.22	01:13:57.330	1.33806	1.33807			6
2025.12.22	01:14:00.074	1.33806				2
2025.12.22	01:14:03.460	1.33807	1.33808			6
2025.12.22	01:14:03.768	1.33814	1.33815			6
2025.12.22	01:14:04.379	1.33815	1.33816			6
2025.12.22	01:14:04.690	1.33816	1.33817			6
2025.12.22	01:14:04.991	1.33813	1.33831			6
2025.12.22	01:14:05.293	1.33812	1.33833			6
2025.12.22	01:14:05.596	1.33815	1.33816			6
2025.12.22	01:14:07.137	1.33818	1.33819			6
2025.12.22	01:14:07.439	1.33813	1.33843			6
2025.12.22	01:14:07.742		1.33842			4
2025.12.22	01:14:08.044		1.33843			4
2025.12.22	01:14:10.834		1.33842			4
2025.12.22	01:14:11.140	1.33816	1.33817			6
2025.12.22	01:14:11.442	1.33813	1.33841			6
2025.12.22	01:14:12.683		1.33836			4
2025.12.22	01:14:12.984	1.33817	1.33818			6
2025.12.22	01:14:13.296	1.33816	1.33817			6
2025.12.22	01:14:14.825	1.33819	1.33820			6
2025.12.22	01:14:23.117	1.33813	1.33834			6
2025.12.22	01:14:27.152	1.33812	1.33837			6
2025.12.22	01:14:27.453		1.33835			4
2025.12.22	01:14:27.774	1.33817	1.33818			6
2025.12.22	01:14:29.617	1.33813	1.33841			6
2025.12.22	01:14:30.248		1.33833			4
2025.12.22	01:14:30.556	1.33817	1.33818			6
2025.12.22	01:14:32.712	1.33814	1.33837			6
2025.12.22	01:14:33.017	1.33817	1.33818			6
2025.12.22	01:14:33.325	1.33819	1.33820			6
2025.12.22	01:14:33.628	1.33816	1.33817			6
2025.12.22	01:14:36.700	1.33814	1.33835			6
2025.12.22	01:14:37.002	1.33798	1.33837			6
2025.12.22	01:14:37.308	1.33802	1.33819			6
2025.12.22	01:14:37.618	1.33805	1.33822			6
2025.12.22	01:14:37.931	1.33808	1.33809			6
2025.12.22	01:14:38.235	1.33807				2
2025.12.22	01:14:39.161	1.33804	1.33806			6
2025.12.22	01:14:39.773	1.33806	1.33808			6
2025.12.22	01:14:40.392		1.33809			4
2025.12.22	01:14:41.311	1.33808	1.33811			6
2025.12.22	01:14:41.625	1.33809	1.33812			6
2025.12.22	01:14:41.928	1.33806	1.33809			6
2025.12.22	01:14:42.537	1.33808	1.33811			6
2025.12.22	01:14:52.394	1.33805	1.33830			6
2025.12.22	01:14:52.695	1.33804	1.33829			6
2025.12.22	01:14:53.923		1.33825			4
2025.12.22	01:14:55.788		1.33833			4
2025.12.22	01:14:57.652		1.33834			4
2025.12.22	01:15:00.118	1.33804				2
2025.12.22	01:15:00.425		1.33824			4
2025.12.22	01:15:00.733		1.33838			4
2025.12.22	01:15:01.356		1.33837			4
2025.12.22	01:15:01.671		1.33838			4
2025.12.22	01:15:01.974		1.33835			4
2025.12.22	01:15:02.597		1.33834			4
2025.12.22	01:15:03.518		1.33833			4
2025.12.22	01:15:03.832		1.33834			4
2025.12.22	01:15:04.141	1.33806				2
2025.12.22	01:15:04.762		1.33828			4
2025.12.22	01:15:05.688	1.33807	1.33834			6
2025.12.22	01:15:05.993		1.33830			4
2025.12.22	01:15:06.611		1.33834			4
2025.12.22	01:15:06.917	1.33806				2
2025.12.22	01:15:07.846	1.33816	1.33818			6
2025.12.22	01:15:08.148	1.33808	1.33830			6
2025.12.22	01:15:08.759	1.33816	1.33818			6
2025.12.22	01:15:09.061	1.33815	1.33830			6
2025.12.22	01:15:09.363	1.33808	1.33822			6
2025.12.22	01:15:09.676		1.33833			4
2025.12.22	01:15:09.984	1.33807	1.33834			6
2025.12.22	01:15:10.296		1.33830			4
2025.12.22	01:15:10.600	1.33814				2
2025.12.22	01:15:10.906	1.33807				2
2025.12.22	01:15:11.209	1.33816	1.33818			6
2025.12.22	01:15:11.517	1.33806	1.33830			6
2025.12.22	01:15:11.818	1.33803				2
2025.12.22	01:15:13.346	1.33807				2
2025.12.22	01:15:13.657	1.33808				2
2025.12.22	01:15:13.971	1.33816	1.33818			6
2025.12.22	01:15:14.278	1.33813	1.33830			6
2025.12.22	01:15:14.909	1.33807				2
2025.12.22	01:15:15.519	1.33813				2
2025.12.22	01:15:15.826	1.33806				2
2025.12.22	01:15:16.133	1.33811				2
2025.12.22	01:15:16.439	1.33808				2
2025.12.22	01:15:16.754	1.33807				2
2025.12.22	01:15:17.064	1.33808				2
2025.12.22	01:15:17.989	1.33816	1.33818			6
2025.12.22	01:15:18.295	1.33808	1.33830			6
2025.12.22	01:15:18.600	1.33807				2
2025.12.22	01:15:19.225	1.33808				2
2025.12.22	01:15:19.834	1.33815	1.33817			6
2025.12.22	01:15:20.137	1.33816	1.33818			6
2025.12.22	01:15:20.438	1.33817	1.33819			6
2025.12.22	01:15:21.964	1.33803	1.33830			6
2025.12.22	01:15:22.282	1.33813	1.33815			6
2025.12.22	01:15:22.586	1.33804	1.33830			6
2025.12.22	01:15:22.887	1.33803				2
2025.12.22	01:15:23.209	1.33807				2
2025.12.22	01:15:24.127	1.33813	1.33816			6
2025.12.22	01:15:24.433	1.33807	1.33830			6
2025.12.22	01:15:24.745	1.33813	1.33816			6
2025.12.22	01:15:25.046	1.33805	1.33830			6
2025.12.22	01:15:25.973	1.33812	1.33832			6
2025.12.22	01:15:26.278	1.33810	1.33847			6
2025.12.22	01:15:26.589	1.33817	1.33846			6
2025.12.22	01:15:26.900	1.33816	1.33847			6
2025.12.22	01:15:27.206	1.33817	1.33821			6
2025.12.22	01:15:27.515	1.33816	1.33844			6
2025.12.22	01:15:27.819	1.33818	1.33845			6
2025.12.22	01:15:28.139	1.33816				2
2025.12.22	01:15:28.758	1.33817				2
2025.12.22	01:15:31.844	1.33816	1.33844			6
2025.12.22	01:15:33.076	1.33818	1.33839			6
2025.12.22	01:15:36.469	1.33817	1.33821			6
2025.12.22	01:15:36.771	1.33812	1.33816			6
2025.12.22	01:15:37.082	1.33815				2
2025.12.22	01:15:37.383	1.33810	1.33835			6
2025.12.22	01:15:37.689		1.33836			4
2025.12.22	01:15:37.990	1.33815	1.33835			6
2025.12.22	01:15:38.297	1.33816	1.33820			6
2025.12.22	01:15:38.604	1.33817	1.33821			6
2025.12.22	01:15:39.837	1.33816	1.33819			6
2025.12.22	01:15:40.154	1.33817	1.33821			6
2025.12.22	01:15:40.457	1.33816	1.33820			6
2025.12.22	01:15:41.062		1.33818			4
2025.12.22	01:15:41.366	1.33810	1.33814			6
2025.12.22	01:15:41.674	1.33808	1.33827			6
2025.12.22	01:15:41.990	1.33811	1.33815			6
2025.12.22	01:15:42.293	1.33810	1.33814			6
2025.12.22	01:15:42.599	1.33808	1.33827			6
2025.12.22	01:15:42.910	1.33809	1.33813			6
2025.12.22	01:15:43.217	1.33810	1.33814			6
2025.12.22	01:15:43.519	1.33808	1.33827			6
2025.12.22	01:15:43.826	1.33799	1.33800			6
2025.12.22	01:15:44.441	1.33800	1.33804			6
2025.12.22	01:15:45.361		1.33805			4
2025.12.22	01:15:46.277	1.33799	1.33818			6
2025.12.22	01:15:46.580	1.33803	1.33807			6
2025.12.22	01:15:51.490	1.33799	1.33818			6
2025.12.22	01:15:51.798		1.33823			4
2025.12.22	01:15:52.420		1.33818			4
2025.12.22	01:15:52.734		1.33809			4
2025.12.22	01:15:53.042		1.33823			4
2025.12.22	01:15:53.349		1.33818			4
2025.12.22	01:15:53.968		1.33820			4
2025.12.22	01:15:54.281		1.33821			4
2025.12.22	01:15:54.589		1.33818			4
2025.12.22	01:15:54.890	1.33803	1.33807			6
2025.12.22	01:15:56.728	1.33804	1.33808			6
2025.12.22	01:15:57.032	1.33803	1.33807			6
2025.12.22	01:15:58.878	1.33806	1.33810			6
2025.12.22	01:15:59.183	1.33807	1.33819			6
2025.12.22	01:15:59.486	1.33808	1.33812			6
2025.12.22	01:16:00.093	1.33807	1.33818			6
2025.12.22	01:16:00.412	1.33809	1.33813			6
2025.12.22	01:16:00.714	1.33807	1.33811			6
2025.12.22	01:16:01.022	1.33810	1.33814			6
2025.12.22	01:16:01.325	1.33808	1.33812			6
2025.12.22	01:16:01.627	1.33811	1.33815			6
2025.12.22	01:16:01.930	1.33807	1.33834			6
2025.12.22	01:16:02.551		1.33822			4
2025.12.22	01:16:02.858		1.33831			4
2025.12.22	01:16:03.478		1.33822			4
2025.12.22	01:16:03.781		1.33831			4
2025.12.22	01:16:05.646		1.33834			4
2025.12.22	01:16:05.960		1.33831			4
2025.12.22	01:16:06.266		1.33834			4
2025.12.22	01:16:06.887		1.33831			4
2025.12.22	01:16:07.191		1.33833			4
2025.12.22	01:16:07.812		1.33822			4
2025.12.22	01:16:08.117	1.33811	1.33815			6
2025.12.22	01:16:10.273	1.33812				2
2025.12.22	01:16:10.576	1.33811	1.33814			6
2025.12.22	01:16:10.885	1.33812	1.33815			6
2025.12.22	01:16:15.802	1.33810	1.33813			6
2025.12.22	01:16:16.111	1.33811	1.33814			6
2025.12.22	01:16:16.418	1.33810	1.33813			6
2025.12.22	01:16:20.707	1.33807	1.33828			6
2025.12.22	01:16:21.020		1.33824			4
2025.12.22	01:16:21.335	1.33810	1.33813			6
2025.12.22	01:16:21.641	1.33808	1.33811			6
2025.12.22	01:16:27.182		1.33810			4
2025.12.22	01:16:40.365	1.33809				2
2025.12.22	01:16:54.492	1.33810	1.33811			6
2025.12.22	01:17:00.008	1.33810				2
2025.12.22	01:17:07.356	1.33807	1.33808			6
2025.12.22	01:17:07.661	1.33805	1.33806			6
2025.12.22	01:17:07.965	1.33807	1.33808			6
2025.12.22	01:17:08.572	1.33815	1.33816			6
2025.12.22	01:17:08.880	1.33808	1.33809			6
2025.12.22	01:17:09.192	1.33807				2
2025.12.22	01:17:09.503	1.33809	1.33812			6
2025.12.22	01:17:09.810	1.33811	1.33814			6
2025.12.22	01:17:12.892	1.33810	1.33813			6
2025.12.22	01:17:16.582	1.33811	1.33814			6
2025.12.22	01:17:18.118	1.33810	1.33813			6
2025.12.22	01:17:20.273		1.33812			4
2025.12.22	01:17:28.536	1.33811	1.33813			6
2025.12.22	01:17:32.213	1.33812				2
2025.12.22	01:17:32.824	1.33811	1.33812			6
2025.12.22	01:17:38.030	1.33813	1.33814			6
2025.12.22	01:17:39.877	1.33812	1.33813			6
2025.12.22	01:17:44.157	1.33813	1.33814			6
2025.12.22	01:17:46.908	1.33812	1.33813			6
2025.12.22	01:17:48.740	1.33813	1.33814			6
2025.12.22	01:17:51.491	1.33819	1.33820			6
2025.12.22	01:17:52.097	1.33818	1.33819			6
2025.12.22	01:17:52.710	1.33816	1.33817			6
2025.12.22	01:17:53.016	1.33818	1.33819			6
2025.12.22	01:17:53.632	1.33815	1.33816			6
2025.12.22	01:17:53.940	1.33816	1.33817			6
2025.12.22	01:17:54.251	1.33817	1.33818			6
2025.12.22	01:17:54.557	1.33818	1.33819			6
2025.12.22	01:17:54.865	1.33817	1.33818			6
2025.12.22	01:17:55.171	1.33818	1.33819			6
2025.12.22	01:17:55.476	1.33817	1.33818			6
2025.12.22	01:17:55.779	1.33818	1.33819			6
2025.12.22	01:17:56.692	1.33817	1.33818			6
2025.12.22	01:17:56.998	1.33818	1.33819			6
2025.12.22	01:17:57.613	1.33819	1.33820			6
2025.12.22	01:17:59.141	1.33818	1.33819			6
2025.12.22	01:18:00.070	1.33818				2
2025.12.22	01:18:00.681	1.33819	1.33820			6
2025.12.22	01:18:00.988	1.33817	1.33818			6
2025.12.22	01:18:01.291	1.33818	1.33819			6
2025.12.22	01:18:02.210	1.33817	1.33818			6
2025.12.22	01:18:02.512	1.33818	1.33819			6
2025.12.22	01:18:02.819	1.33819	1.33820			6
2025.12.22	01:18:03.122	1.33817	1.33818			6
2025.12.22	01:18:03.429	1.33818	1.33819			6
2025.12.22	01:18:04.046	1.33819	1.33820			6
2025.12.22	01:18:04.357	1.33818	1.33819			6
2025.12.22	01:18:04.961	1.33819	1.33820			6
2025.12.22	01:18:05.264	1.33818	1.33819			6
2025.12.22	01:18:05.880	1.33812	1.33813			6
2025.12.22	01:18:06.493	1.33817	1.33818			6
2025.12.22	01:18:06.797	1.33812	1.33813			6
2025.12.22	01:18:11.398	1.33813	1.33814			6
2025.12.22	01:18:15.996	1.33808	1.33809			6
2025.12.22	01:18:16.301	1.33810	1.33811			6
2025.12.22	01:18:20.912	1.33809	1.33810			6
2025.12.22	01:18:21.216	1.33810	1.33811			6
2025.12.22	01:18:21.518	1.33809	1.33810			6
2025.12.22	01:18:24.284	1.33810	1.33811			6
2025.12.22	01:18:32.564	1.33809	1.33810			6
2025.12.22	01:18:35.329	1.33810	1.33811			6
2025.12.22	01:18:35.640	1.33811	1.33812			6
2025.12.22	01:18:35.951	1.33808	1.33809			6
2025.12.22	01:18:37.178	1.33807	1.33808			6
2025.12.22	01:18:37.785	1.33805	1.33806			6
2025.12.22	01:18:38.087	1.33804	1.33805			6
2025.12.22	01:18:38.400	1.33809	1.33810			6
2025.12.22	01:18:38.702	1.33807	1.33808			6
2025.12.22	01:18:39.011	1.33806	1.33807			6
2025.12.22	01:18:39.620	1.33805	1.33806			6
2025.12.22	01:18:39.925	1.33806	1.33807			6
2025.12.22	01:18:40.226	1.33804	1.33805			6
2025.12.22	01:18:40.843	1.33805	1.33806			6
2025.12.22	01:18:41.146	1.33803	1.33804			6
2025.12.22	01:18:41.449	1.33804	1.33805			6
2025.12.22	01:18:42.363	1.33805	1.33806			6
2025.12.22	01:18:42.666	1.33804	1.33805			6
2025.12.22	01:18:42.975	1.33803	1.33804			6
2025.12.22	01:18:43.282	1.33806	1.33807			6
2025.12.22	01:18:43.586	1.33804	1.33805			6
2025.12.22	01:18:45.421	1.33803	1.33804			6
2025.12.22	01:18:46.651	1.33802	1.33803			6
2025.12.22	01:18:46.956	1.33803	1.33804			6
2025.12.22	01:18:47.264	1.33804	1.33805			6
2025.12.22	01:18:47.566	1.33807	1.33808			6
2025.12.22	01:18:47.872	1.33804	1.33805			6
2025.12.22	01:18:48.174	1.33805	1.33806			6
2025.12.22	01:18:48.787	1.33806	1.33807			6
2025.12.22	01:18:49.093	1.33804	1.33805			6
2025.12.22	01:18:49.397	1.33805	1.33806			6
2025.12.22	01:18:51.233	1.33804	1.33805			6
2025.12.22	01:18:52.150	1.33807	1.33808			6
2025.12.22	01:18:52.454	1.33805	1.33806			6
2025.12.22	01:18:52.759	1.33803	1.33804			6
2025.12.22	01:18:53.066	1.33804	1.33805			6
2025.12.22	01:18:53.370	1.33805	1.33806			6
2025.12.22	01:18:53.672	1.33808	1.33809			6
2025.12.22	01:18:53.978	1.33805	1.33806			6
2025.12.22	01:18:54.287	1.33806	1.33807			6
2025.12.22	01:18:54.594	1.33807	1.33808			6
2025.12.22	01:18:54.899	1.33806	1.33807			6
2025.12.22	01:18:55.202	1.33807	1.33808			6
2025.12.22	01:18:55.506	1.33806	1.33807			6
2025.12.22	01:18:57.050	1.33805	1.33806			6
2025.12.22	01:18:58.285	1.33804	1.33805			6
2025.12.22	01:18:58.593	1.33805	1.33806			6
2025.12.22	01:18:59.208	1.33806	1.33807			6
2025.12.22	01:18:59.510	1.33805	1.33806			6
2025.12.22	01:19:00.123	1.33804	1.33805			6
2025.12.22	01:19:00.744	1.33805	1.33806			6
2025.12.22	01:19:01.354	1.33803	1.33804			6
2025.12.22	01:19:01.971	1.33805	1.33806			6
2025.12.22	01:19:02.883	1.33804	1.33805			6
2025.12.22	01:19:03.191	1.33805	1.33806			6
2025.12.22	01:19:07.183	1.33804	1.33805			6
2025.12.22	01:19:07.488	1.33805	1.33806			6
2025.12.22	01:19:08.093	1.33804	1.33805			6
2025.12.22	01:19:08.402	1.33805	1.33806			6
2025.12.22	01:19:09.015	1.33806	1.33807			6
2025.12.22	01:19:09.326	1.33805	1.33806			6
2025.12.22	01:19:09.632	1.33804	1.33805			6
2025.12.22	01:19:09.940	1.33806	1.33807			6
2025.12.22	01:19:10.241	1.33804	1.33805			6
2025.12.22	01:19:11.161	1.33805	1.33806			6
2025.12.22	01:19:11.467	1.33806	1.33807			6
2025.12.22	01:19:12.082	1.33805	1.33806			6
2025.12.22	01:19:12.390	1.33806	1.33807			6
2025.12.22	01:19:12.995	1.33807	1.33808			6
2025.12.22	01:19:13.915	1.33805	1.33806			6
2025.12.22	01:19:14.220	1.33806	1.33807			6
2025.12.22	01:19:14.524	1.33803	1.33804			6
2025.12.22	01:19:14.826	1.33806	1.33807			6
2025.12.22	01:19:15.440	1.33804	1.33805			6
2025.12.22	01:19:21.259	1.33803	1.33804			6
2025.12.22	01:19:24.655	1.33802	1.33803			6
2025.12.22	01:19:28.020	1.33803	1.33804			6
2025.12.22	01:19:29.550	1.33804	1.33805			6
2025.12.22	01:19:37.830	1.33803	1.33804			6
2025.12.22	01:19:40.919	1.33797	1.33798			6
2025.12.22	01:19:41.224	1.33803	1.33804			6
2025.12.22	01:19:41.529	1.33802	1.33803			6
2025.12.22	01:19:41.837	1.33803	1.33804			6
2025.12.22	01:19:44.302	1.33804	1.33805			6
2025.12.22	01:19:51.360	1.33806	1.33807			6
2025.12.22	01:19:52.276	1.33805	1.33806			6
2025.12.22	01:19:52.887	1.33804	1.33805			6
2025.12.22	01:19:59.933	1.33802	1.33803			6
2025.12.22	01:20:00.241	1.33802				2
2025.12.22	01:20:02.702	1.33803	1.33804			6
2025.12.22	01:20:05.760	1.33804	1.33805			6
2025.12.22	01:20:09.748	1.33803	1.33804			6
2025.12.22	01:20:19.890	1.33804	1.33805			6
2025.12.22	01:20:21.415	1.33803	1.33804			6
2025.12.22	01:20:31.534	1.33804	1.33805			6
2025.12.22	01:20:42.874	1.33803	1.33804			6
2025.12.22	01:20:46.247	1.33804	1.33805			6
2025.12.22	01:21:00.051	1.33804				2
2025.12.22	01:21:23.410	1.33807	1.33808			6
2025.12.22	01:21:29.556	1.33808	1.33809			6
2025.12.22	01:21:29.859	1.33803	1.33804			6
2025.12.22	01:21:30.162	1.33808	1.33809			6
2025.12.22	01:21:30.475	1.33806	1.33807			6
2025.12.22	01:21:30.780	1.33807	1.33808			6
2025.12.22	01:21:31.082	1.33806	1.33807			6
2025.12.22	01:21:31.698	1.33807	1.33808			6
2025.12.22	01:21:32.307	1.33806	1.33807			6
2025.12.22	01:21:34.764	1.33807	1.33808			6
2025.12.22	01:21:35.689	1.33808	1.33809			6
2025.12.22	01:21:36.299	1.33807	1.33808			6
2025.12.22	01:21:36.912	1.33806	1.33807			6
2025.12.22	01:21:37.219	1.33807	1.33808			6
2025.12.22	01:21:37.824	1.33806	1.33807			6
2025.12.22	01:21:38.742	1.33809	1.33810			6
2025.12.22	01:21:39.052	1.33808	1.33809			6
2025.12.22	01:21:39.357	1.33810	1.33811			6
2025.12.22	01:21:39.663	1.33809	1.33810			6
2025.12.22	01:21:40.589	1.33810	1.33811			6
2025.12.22	01:21:40.891	1.33808	1.33809			6
2025.12.22	01:21:41.195	1.33810	1.33811			6
2025.12.22	01:21:41.497	1.33806	1.33807			6
2025.12.22	01:21:42.101	1.33805	1.33806			6
2025.12.22	01:21:42.708	1.33806	1.33807			6
2025.12.22	01:21:45.169	1.33809	1.33810			6
2025.12.22	01:21:46.381	1.33808	1.33809			6
2025.12.22	01:21:47.604	1.33809	1.33810			6
2025.12.22	01:21:48.841	1.33808	1.33809			6
2025.12.22	01:21:49.455	1.33809	1.33810			6
2025.12.22	01:21:49.764	1.33808	1.33809			6
2025.12.22	01:21:50.376	1.33809	1.33810			6
2025.12.22	01:21:50.679	1.33808	1.33809			6
2025.12.22	01:21:50.987	1.33809	1.33810			6
2025.12.22	01:21:51.289	1.33810	1.33811			6
2025.12.22	01:21:51.600	1.33809	1.33810			6
2025.12.22	01:21:53.130	1.33807	1.33808			6
2025.12.22	01:21:53.436	1.33809	1.33810			6
2025.12.22	01:21:54.047	1.33810	1.33811			6
2025.12.22	01:21:54.359	1.33809	1.33810			6
2025.12.22	01:21:54.966	1.33810	1.33811			6
2025.12.22	01:21:55.581	1.33809	1.33810			6
2025.12.22	01:21:57.729	1.33807	1.33808			6
2025.12.22	01:21:58.037	1.33806	1.33807			6
2025.12.22	01:21:58.349	1.33808	1.33809			6
2025.12.22	01:21:58.654	1.33806	1.33807			6
2025.12.22	01:21:59.264	1.33807	1.33808			6
2025.12.22	01:21:59.567	1.33804	1.33805			6
2025.12.22	01:21:59.874	1.33805	1.33806			6
2025.12.22	01:22:00.180	1.33805				2
2025.12.22	01:22:00.786	1.33806	1.33807			6
2025.12.22	01:22:01.400	1.33807	1.33808			6
2025.12.22	01:22:02.617	1.33809	1.33810			6
2025.12.22	01:22:02.920	1.33808	1.33809			6
2025.12.22	01:22:03.232	1.33807	1.33808			6
2025.12.22	01:22:03.839	1.33806	1.33807			6
2025.12.22	01:22:04.146	1.33807	1.33808			6
2025.12.22	01:22:04.448	1.33806	1.33807			6
2025.12.22	01:22:04.758	1.33804	1.33805			6
2025.12.22	01:22:17.935	1.33805	1.33806			6
2025.12.22	01:22:22.540	1.33804	1.33805			6
2025.12.22	01:22:40.647	1.33805	1.33806			6
2025.12.22	01:22:42.793	1.33804	1.33805			6
2025.12.22	01:23:00.291	1.33804				2
2025.12.22	01:23:21.477	1.33805	1.33806			6
2025.12.22	01:23:22.095	1.33804	1.33805			6
2025.12.22	01:23:24.561	1.33805	1.33806			6
2025.12.22	01:23:25.481	1.33804	1.33805			6
2025.12.22	01:23:54.056	1.33812	1.33813			6
2025.12.22	01:24:00.190	1.33812				2
2025.12.22	01:24:09.114	1.33817	1.33818			6
2025.12.22	01:24:09.419	1.33816	1.33817			6
2025.12.22	01:24:09.728	1.33812	1.33813			6
2025.12.22	01:24:19.218	1.33809	1.33810			6
2025.12.22	01:24:19.526	1.33808	1.33809			6
2025.12.22	01:24:30.877	1.33809	1.33810			6
2025.12.22	01:24:32.409	1.33806	1.33807			6
2025.12.22	01:24:44.994	1.33805	1.33806			6
2025.12.22	01:24:45.297	1.33806	1.33807			6
2025.12.22	01:24:53.892	1.33815	1.33816			6
2025.12.22	01:24:54.196	1.33813	1.33814			6
2025.12.22	01:24:56.647	1.33811	1.33812			6
2025.12.22	01:24:59.103	1.33810	1.33811			6
2025.12.22	01:25:00.033	1.33810				2
2025.12.22	01:25:01.571	1.33808	1.33809			6
2025.12.22	01:25:03.095	1.33809	1.33810			6
2025.12.22	01:25:04.939	1.33811	1.33812			6
2025.12.22	01:25:05.247	1.33809	1.33810			6
2025.12.22	01:25:05.551	1.33808	1.33809			6
2025.12.22	01:25:06.472	1.33809	1.33810			6
2025.12.22	01:25:07.087	1.33811	1.33812			6
2025.12.22	01:25:07.389	1.33810	1.33811			6
2025.12.22	01:25:07.997	1.33809	1.33810			6
2025.12.22	01:25:08.299	1.33810	1.33811			6
2025.12.22	01:25:08.906	1.33809	1.33810			6
2025.12.22	01:25:09.215	1.33810	1.33811			6
2025.12.22	01:25:10.143	1.33808	1.33809			6
2025.12.22	01:25:10.446	1.33809	1.33810			6
2025.12.22	01:25:10.753	1.33810	1.33811			6
2025.12.22	01:25:11.063	1.33808	1.33809			6
2025.12.22	01:25:11.369	1.33810	1.33811			6
2025.12.22	01:25:11.992	1.33809	1.33810			6
2025.12.22	01:25:12.298	1.33810	1.33811			6
2025.12.22	01:25:14.434	1.33808	1.33809			6
2025.12.22	01:25:14.743	1.33810	1.33811			6
2025.12.22	01:25:16.589	1.33809	1.33810			6
2025.12.22	01:25:16.893	1.33810	1.33811			6
2025.12.22	01:25:17.202	1.33808	1.33809			6
2025.12.22	01:25:17.511	1.33811	1.33812			6
2025.12.22	01:25:17.818	1.33810	1.33811			6
2025.12.22	01:25:19.054	1.33809	1.33810			6
2025.12.22	01:25:19.357	1.33808	1.33809			6
2025.12.22	01:25:19.662	1.33810	1.33811			6
2025.12.22	01:25:20.282	1.33809	1.33810			6
2025.12.22	01:25:20.587	1.33811	1.33812			6
2025.12.22	01:25:20.891	1.33810	1.33811			6
2025.12.22	01:25:22.435	1.33809	1.33810			6
2025.12.22	01:25:22.741	1.33810	1.33811			6
2025.12.22	01:25:23.354	1.33809	1.33810			6
2025.12.22	01:25:23.664	1.33810	1.33811			6
2025.12.22	01:25:23.972	1.33808	1.33809			6
2025.12.22	01:25:24.581	1.33809	1.33810			6
2025.12.22	01:25:25.196	1.33810	1.33811			6
2025.12.22	01:25:25.501	1.33809	1.33810			6
2025.12.22	01:25:26.725	1.33811	1.33812			6
2025.12.22	01:25:27.032	1.33810	1.33811			6
2025.12.22	01:25:27.647	1.33809	1.33810			6
2025.12.22	01:25:27.949	1.33810	1.33811			6
2025.12.22	01:25:30.082	1.33811	1.33812			6
2025.12.22	01:25:30.389	1.33810	1.33811			6
2025.12.22	01:25:32.832	1.33809	1.33810			6
2025.12.22	01:25:33.143	1.33811	1.33812			6
2025.12.22	01:25:33.445	1.33810	1.33811			6
2025.12.22	01:25:34.060	1.33809	1.33810			6
2025.12.22	01:25:34.362	1.33810	1.33811			6
2025.12.22	01:25:34.972	1.33809	1.33810			6
2025.12.22	01:25:35.274	1.33810	1.33811			6
2025.12.22	01:25:35.581	1.33809	1.33810			6
2025.12.22	01:25:35.894	1.33807	1.33808			6
2025.12.22	01:25:36.199	1.33809	1.33810			6
2025.12.22	01:25:37.421	1.33810	1.33811			6
2025.12.22	01:25:37.723	1.33809	1.33810			6
2025.12.22	01:25:38.338	1.33807	1.33808			6
2025.12.22	01:25:38.643	1.33809	1.33810			6
2025.12.22	01:25:38.945	1.33810	1.33811			6
2025.12.22	01:25:39.253	1.33808	1.33809			6
2025.12.22	01:25:39.558	1.33809	1.33810			6
2025.12.22	01:25:40.174	1.33807	1.33808			6
2025.12.22	01:25:40.478	1.33810	1.33811			6
2025.12.22	01:25:41.093	1.33809	1.33810			6
2025.12.22	01:25:42.007	1.33810	1.33811			6
2025.12.22	01:25:42.310	1.33809	1.33810			6
2025.12.22	01:25:42.928	1.33808	1.33809			6
2025.12.22	01:25:43.236	1.33809	1.33810			6
2025.12.22	01:25:44.771	1.33810	1.33811			6
2025.12.22	01:25:45.076	1.33815	1.33816			6
2025.12.22	01:25:45.388	1.33814	1.33815			6
2025.12.22	01:25:45.994	1.33812	1.33813			6
2025.12.22	01:25:46.920	1.33814	1.33815			6
2025.12.22	01:25:47.224	1.33812	1.33813			6
2025.12.22	01:25:47.848	1.33813	1.33814			6
2025.12.22	01:25:48.468	1.33812	1.33813			6
2025.12.22	01:25:48.771	1.33814	1.33815			6
2025.12.22	01:25:49.081	1.33812	1.33813			6
2025.12.22	01:25:49.391	1.33813	1.33814			6
2025.12.22	01:25:50.010	1.33814	1.33815			6
2025.12.22	01:25:50.318	1.33813	1.33814			6
2025.12.22	01:25:50.624	1.33814	1.33815			6
2025.12.22	01:25:50.936	1.33813	1.33814			6
2025.12.22	01:25:51.240	1.33814	1.33815			6
2025.12.22	01:25:52.169	1.33807	1.33808			6
2025.12.22	01:25:53.093	1.33814	1.33815			6
2025.12.22	01:25:53.406	1.33813	1.33816			6
2025.12.22	01:25:54.332	1.33812				2
2025.12.22	01:25:55.872	1.33811	1.33815			6
2025.12.22	01:25:56.181	1.33812	1.33816			6
2025.12.22	01:25:57.726	1.33811	1.33815			6
2025.12.22	01:25:58.039	1.33813	1.33817			6
2025.12.22	01:25:58.343	1.33811	1.33815			6
2025.12.22	01:25:58.967	1.33805	1.33819			6
2025.12.22	01:25:59.274	1.33811	1.33815			6
2025.12.22	01:25:59.585	1.33812	1.33816			6
2025.12.22	01:25:59.892	1.33811	1.33815			6
2025.12.22	01:26:00.196	1.33812	1.33816			6
2025.12.22	01:26:00.510	1.33811	1.33815			6
2025.12.22	01:26:01.425	1.33812	1.33816			6
2025.12.22	01:26:02.052	1.33806	1.33819			6
2025.12.22	01:26:02.359	1.33811	1.33815			6
2025.12.22	01:26:03.285	1.33813	1.33817			6
2025.12.22	01:26:04.214	1.33812	1.33815			6
2025.12.22	01:26:04.519	1.33813	1.33816			6
2025.12.22	01:26:04.821	1.33812	1.33815			6
