<DATE>	<TIME>	<BID>	<ASK>	<LAST>	<VOLUME>	<FLAGS>
2025.10.21	00:03:30.745	1.34000	1.34078			6
2025.10.21	00:03:38.831	1.34028	1.34155			6
2025.10.21	00:04:00.123	1.34028				2
2025.10.21	00:04:39.004		1.34155			4
2025.10.21	00:05:00.307	1.34035				2
2025.10.21	00:05:00.614	1.34009				2
2025.10.21	00:05:03.712	1.34012	1.34118			6
2025.10.21	00:05:04.631		1.34120			4
2025.10.21	00:05:07.384	1.34011	1.34131			6
2025.10.21	00:05:12.000		1.34133			4
2025.10.21	00:05:12.311	1.34009	1.34145			6
2025.10.21	00:05:18.807	1.34010	1.34144			6
2025.10.21	00:05:25.612	1.34009	1.34145			6
2025.10.21	00:05:26.540		1.34148			4
2025.10.21	00:05:30.562	1.34010	1.34143			6
2025.10.21	00:05:32.720		1.34137			4
2025.10.21	00:05:36.121		1.34142			4
2025.10.21	00:05:38.595		1.34140			4
2025.10.21	00:05:39.219	1.34009	1.34146			6
2025.10.21	00:05:51.571		1.34145			4
2025.10.21	00:06:00.190	1.34009				2
2025.10.21	00:06:10.370	1.34010	1.34143			6
2025.10.21	00:06:11.912	1.34009	1.34155			6
2025.10.21	00:06:46.372	1.34032				2
2025.10.21	00:07:00.230	1.34032				2
2025.10.21	00:07:11.981		1.34155			4
2025.10.21	00:08:00.153	1.34032				2
2025.10.21	00:08:12.266		1.34155			4
2025.10.21	00:08:50.599	1.34033				2
2025.10.21	00:09:00.175	1.34033				2
2025.10.21	00:09:12.549		1.34155			4
2025.10.21	00:10:00.229	1.34033				2
2025.10.21	00:10:11.323	1.34009				2
2025.10.21	00:10:12.555		1.34155			4
2025.10.21	00:11:00.121	1.34009				2
2025.10.21	00:11:04.753	1.34033				2
2025.10.21	00:11:07.535	1.34009				2
2025.10.21	00:11:08.458	1.34033				2
2025.10.21	00:11:12.778		1.34155			4
2025.10.21	00:11:14.323	1.34009				2
2025.10.21	00:11:15.246	1.34033				2
2025.10.21	00:11:21.069	1.34009				2
2025.10.21	00:11:22.304	1.34033				2
2025.10.21	00:11:28.125	1.34009				2
2025.10.21	00:11:29.047	1.34033				2
2025.10.21	00:11:34.878	1.34009				2
2025.10.21	00:11:35.799	1.34033				2
2025.10.21	00:12:00.058	1.34033				2
2025.10.21	00:12:08.345	1.34009				2
2025.10.21	00:12:12.929		1.34155			4
2025.10.21	00:13:00.035	1.34009				2
2025.10.21	00:13:13.001		1.34155			4
2025.10.21	00:14:00.076	1.34009				2
2025.10.21	00:14:13.042		1.34155			4
2025.10.21	00:15:00.307	1.34009				2
2025.10.21	00:15:13.272		1.34155			4
2025.10.21	00:15:44.401	1.34011				2
2025.10.21	00:15:45.631	1.34009				2
2025.10.21	00:16:00.144	1.34009				2
2025.10.21	00:16:06.319	1.34011				2
2025.10.21	00:16:06.626	1.34010				2
2025.10.21	00:16:08.172	1.34009				2
2025.10.21	00:16:10.637	1.34011	1.34093			6
2025.10.21	00:16:10.944	1.34008				2
2025.10.21	00:16:12.256	1.34014				2
2025.10.21	00:16:19.720		1.34091			4
2025.10.21	00:16:30.580		1.34093			4
2025.10.21	00:16:31.532		1.34077			4
2025.10.21	00:16:41.042		1.34071			4
2025.10.21	00:16:42.357	1.34009				2
2025.10.21	00:16:42.901	1.34024	1.34084			6
2025.10.21	00:16:51.587		1.34094			4
2025.10.21	00:16:55.855		1.34084			4
2025.10.21	00:17:00.246	1.34024				2
2025.10.21	00:17:06.524		1.34094			4
2025.10.21	00:17:11.621	1.34018				2
2025.10.21	00:17:12.256	1.34024	1.34093			6
2025.10.21	00:17:12.571		1.34091			4
2025.10.21	00:17:16.998		1.34086			4
2025.10.21	00:17:23.857		1.34093			4
2025.10.21	00:17:54.274		1.34079			4
2025.10.21	00:18:00.326	1.34024	1.34084			6
2025.10.21	00:18:05.431		1.34093			4
2025.10.21	00:18:20.373	1.34011				2
2025.10.21	00:18:20.811	1.34019	1.34094			6
2025.10.21	00:18:22.420	1.34012	1.34093			6
2025.10.21	00:18:22.962	1.34011				2
2025.10.21	00:18:29.755		1.34084			4
2025.10.21	00:18:40.537		1.34093			4
2025.10.21	00:18:43.568		1.34091			4
2025.10.21	00:18:51.621	1.34017				2
2025.10.21	00:18:54.290		1.34093			4
2025.10.21	00:19:00.409	1.34017				2
2025.10.21	00:19:44.257		1.34084			4
2025.10.21	00:19:44.570	1.34023	1.34154			6
2025.10.21	00:19:50.161	1.34025				2
2025.10.21	00:19:50.473	1.34023				2
2025.10.21	00:20:00.039	1.34023				2
2025.10.21	00:20:00.344	1.34017	1.34185			6
2025.10.21	00:20:25.252	1.34016				2
2025.10.21	00:20:42.654	1.34014				2
2025.10.21	00:20:43.336	1.34022				2
2025.10.21	00:20:48.570	1.34018				2
2025.10.21	00:20:53.752	1.34017				2
2025.10.21	00:21:00.374	1.34020	1.34185			6
2025.10.21	00:21:00.836	1.34018				2
2025.10.21	00:21:02.155	1.34017				2
2025.10.21	00:21:20.412	1.34015				2
2025.10.21	00:21:32.730	1.34021				2
2025.10.21	00:21:33.955	1.34020				2
2025.10.21	00:21:55.251	1.34019				2
2025.10.21	00:22:00.052	1.34019				2
2025.10.21	00:22:00.372	1.34020				2
2025.10.21	00:22:01.738	1.34014	1.34185			6
2025.10.21	00:22:02.070	1.34013				2
2025.10.21	00:22:03.564	1.34018				2
2025.10.21	00:22:04.170	1.34012				2
2025.10.21	00:22:04.993	1.34011				2
2025.10.21	00:22:10.415	1.34013				2
2025.10.21	00:22:11.152	1.34012				2
2025.10.21	00:22:12.953	1.34018				2
2025.10.21	00:22:13.943	1.34016				2
2025.10.21	00:22:17.411	1.34020				2
2025.10.21	00:22:26.452	1.34019				2
2025.10.21	00:22:27.414	1.34023				2
2025.10.21	00:22:40.253	1.34017				2
2025.10.21	00:22:41.666	1.34015				2
2025.10.21	00:22:53.938	1.34011	1.34135			6
2025.10.21	00:23:00.377	1.34011				2
2025.10.21	00:23:13.557	1.34012				2
2025.10.21	00:23:16.146	1.34013				2
2025.10.21	00:23:17.958	1.34004				2
2025.10.21	00:23:18.538	1.34005				2
2025.10.21	00:23:20.458	1.34006				2
2025.10.21	00:23:25.722	1.34007				2
2025.10.21	00:23:26.579	1.34006				2
2025.10.21	00:23:26.894	1.34007				2
2025.10.21	00:23:27.960	1.34015				2
2025.10.21	00:23:35.420	1.34009				2
2025.10.21	00:23:42.053	1.34010				2
2025.10.21	00:23:53.937	1.34008				2
2025.10.21	00:23:54.361	1.34007	1.34135			6
2025.10.21	00:24:00.321	1.34007				2
2025.10.21	00:24:25.812	1.34004				2
2025.10.21	00:24:26.218	1.34007				2
2025.10.21	00:24:38.342	1.34009				2
2025.10.21	00:24:43.674	1.34006				2
2025.10.21	00:24:46.253	1.34032	1.34197			6
2025.10.21	00:25:00.074	1.34032				2
2025.10.21	00:25:02.913	1.34019				2
2025.10.21	00:25:15.218	1.34020				2
2025.10.21	00:25:17.152	1.34019				2
2025.10.21	00:25:34.099	1.34020				2
2025.10.21	00:25:36.052	1.34019				2
2025.10.21	00:25:46.561		1.34197			4
2025.10.21	00:26:01.086	1.34019				2
2025.10.21	00:26:02.443	1.34021				2
2025.10.21	00:26:02.766	1.34022				2
2025.10.21	00:26:03.355	1.34021				2
2025.10.21	00:26:03.752	1.34019				2
2025.10.21	00:26:05.453	1.34020				2
2025.10.21	00:26:11.309	1.34019				2
2025.10.21	00:26:39.467		1.34191			4
2025.10.21	00:26:39.780		1.34197			4
2025.10.21	00:26:53.937		1.34198			4
2025.10.21	00:26:56.057		1.34197			4
2025.10.21	00:27:00.076	1.34019				2
2025.10.21	00:27:08.442		1.34198			4
2025.10.21	00:27:24.349	1.34017				2
2025.10.21	00:27:29.451	1.34024				2
2025.10.21	00:27:29.948	1.34022				2
2025.10.21	00:27:31.120	1.34024				2
2025.10.21	00:27:39.442	1.34017	1.34195			6
2025.10.21	00:27:40.670		1.34198			4
2025.10.21	00:27:44.480	1.34020	1.34191			6
2025.10.21	00:27:51.653	1.34018	1.34183			6
2025.10.21	00:27:54.673	1.34023	1.34167			6
2025.10.21	00:27:55.142	1.34014				2
2025.10.21	00:27:59.867	1.34020				2
2025.10.21	00:28:00.403	1.34020				2
2025.10.21	00:28:09.686		1.34198			4
2025.10.21	00:28:19.913	1.34023	1.34138			6
2025.10.21	00:28:22.612	1.34021				2
2025.10.21	00:28:29.447	1.34019				2
2025.10.21	00:28:29.938	1.34024				2
2025.10.21	00:28:30.643	1.34023				2
2025.10.21	00:28:49.962	1.34020				2
2025.10.21	00:28:51.773	1.34023				2
2025.10.21	00:29:00.176	1.34020	1.34195			6
2025.10.21	00:29:20.211	1.34060				2
2025.10.21	00:29:20.608	1.34073	1.34186			6
2025.10.21	00:29:23.835		1.34179			4
2025.10.21	00:29:24.657	1.34062	1.34167			6
2025.10.21	00:29:32.320	1.34060	1.34169			6
2025.10.21	00:29:41.789		1.34158			4
2025.10.21	00:29:49.428	1.34061	1.34150			6
2025.10.21	00:29:52.298	1.34070	1.34148			6
2025.10.21	00:30:00.302	1.34067	1.34151			6
2025.10.21	00:30:19.125	1.34069	1.34150			6
2025.10.21	00:31:00.385	1.34069				2
2025.10.21	00:31:25.707		1.34150			4
2025.10.21	00:31:30.395	1.34065	1.34152			6
2025.10.21	00:31:32.415		1.34146			4
2025.10.21	00:31:34.972	1.34064	1.34149			6
2025.10.21	00:31:40.410	1.34066	1.34151			6
2025.10.21	00:31:55.698		1.34148			4
2025.10.21	00:32:01.350	1.34063	1.34151			6
2025.10.21	00:32:33.010	1.34061	1.34150			6
2025.10.21	00:33:04.253	1.34061				2
2025.10.21	00:33:35.152		1.34153			4
2025.10.21	00:34:00.374	1.34061				2
2025.10.21	00:34:35.420		1.34153			4
2025.10.21	00:34:53.039	1.34060	1.34160			6
2025.10.21	00:34:58.419	1.34056				2
2025.10.21	00:35:01.033	1.34056				2
2025.10.21	00:35:11.850	1.34065				2
2025.10.21	00:35:22.605		1.34165			4
2025.10.21	00:35:44.529		1.34153			4
2025.10.21	00:35:55.537	1.34066	1.34147			6
2025.10.21	00:36:00.128	1.34068	1.34145			6
2025.10.21	00:36:00.530		1.34143			4
2025.10.21	00:36:23.489	1.34070	1.34144			6
2025.10.21	00:36:24.144	1.34062	1.34127			6
2025.10.21	00:36:26.001		1.34122			4
2025.10.21	00:36:32.529		1.34107			4
2025.10.21	00:36:36.650		1.34116			4
2025.10.21	00:36:54.112		1.34127			4
2025.10.21	00:37:00.299	1.34062				2
2025.10.21	00:37:03.084		1.34131			4
2025.10.21	00:37:04.023		1.34127			4
2025.10.21	00:37:20.445		1.34131			4
2025.10.21	00:37:23.714		1.34127			4
2025.10.21	00:37:24.021	1.34055				2
2025.10.21	00:37:24.329	1.34062				2
2025.10.21	00:37:25.263		1.34122			4
2025.10.21	00:37:35.932		1.34127			4
2025.10.21	00:37:36.250		1.34105			4
2025.10.21	00:37:45.985	1.34041	1.34104			6
2025.10.21	00:37:47.042		1.34122			4
2025.10.21	00:37:54.462	1.34036	1.34119			6
2025.10.21	00:37:54.921	1.34038				2
2025.10.21	00:37:55.665		1.34124			4
2025.10.21	00:37:59.088		1.34119			4
2025.10.21	00:38:00.958	1.34038				2
2025.10.21	00:38:05.215	1.34042	1.34115			6
2025.10.21	00:38:10.230		1.34119			4
2025.10.21	00:38:18.896	1.34041				2
2025.10.21	00:38:20.023		1.34115			4
2025.10.21	00:38:24.956		1.34116			4
2025.10.21	00:38:26.806		1.34115			4
2025.10.21	00:38:28.035		1.34114			4
2025.10.21	00:38:33.352		1.34108			4
2025.10.21	00:38:33.658	1.34042				2
2025.10.21	00:38:37.343		1.34107			4
2025.10.21	00:38:39.958		1.34111			4
2025.10.21	00:38:42.070		1.34107			4
2025.10.21	00:38:48.954	1.34041				2
2025.10.21	00:38:53.312		1.34109			4
2025.10.21	00:38:55.307	1.34040	1.34116			6
2025.10.21	00:38:58.470	1.34051	1.34137			6
2025.10.21	00:39:00.364	1.34051				2
2025.10.21	00:39:01.573	1.34052				2
2025.10.21	00:39:03.998	1.34050	1.34141			6
2025.10.21	00:39:04.825		1.34139			4
2025.10.21	00:39:05.822		1.34135			4
2025.10.21	00:39:07.189	1.34049				2
2025.10.21	00:39:10.788	1.34048	1.34133			6
2025.10.21	00:39:15.355	1.34054				2
2025.10.21	00:39:16.295	1.34050				2
2025.10.21	00:39:18.476	1.34047				2
2025.10.21	00:39:23.963		1.34130			4
2025.10.21	00:39:24.342		1.34138			4
2025.10.21	00:39:24.659		1.34130			4
2025.10.21	00:39:36.652	1.34046				2
2025.10.21	00:39:59.446	1.34049				2
2025.10.21	00:40:01.176	1.34049	1.34131			6
2025.10.21	00:40:02.645	1.34050				2
2025.10.21	00:40:04.053	1.34049				2
2025.10.21	00:40:09.442	1.34046	1.34133			6
2025.10.21	00:40:39.524	1.34052				2
2025.10.21	00:40:41.691	1.34053				2
2025.10.21	00:40:44.769	1.34052				2
2025.10.21	00:40:49.405	1.34051				2
2025.10.21	00:40:50.636	1.34052				2
2025.10.21	00:40:59.283	1.34053				2
2025.10.21	00:40:59.899	1.34052				2
2025.10.21	00:41:00.209	1.34052				2
2025.10.21	00:41:00.823	1.34046	1.34140			6
2025.10.21	00:41:09.250	1.34049				2
2025.10.21	00:41:16.455	1.34050				2
2025.10.21	00:41:19.450	1.34048				2
2025.10.21	00:41:28.749	1.34047				2
2025.10.21	00:41:56.958	1.34048				2
2025.10.21	00:42:08.587	1.34048	1.34140			6
2025.10.21	00:42:09.442	1.34050	1.34137			6
2025.10.21	00:42:09.757	1.34049	1.34138			6
2025.10.21	00:42:10.058	1.34051	1.34146			6
2025.10.21	00:42:10.376	1.34041	1.34137			6
2025.10.21	00:42:11.901	1.34044	1.34131			6
2025.10.21	00:42:12.923		1.34133			4
2025.10.21	00:42:15.651	1.34045				2
2025.10.21	00:42:59.449	1.34043				2
2025.10.21	00:43:00.974	1.34045				2
2025.10.21	00:43:04.862		1.34135			4
2025.10.21	00:43:10.353	1.34046	1.34141			6
2025.10.21	00:43:11.610	1.34047				2
2025.10.21	00:43:11.920	1.34053	1.34147			6
2025.10.21	00:43:15.358	1.34050	1.34156			6
2025.10.21	00:43:47.561		1.34153			4
2025.10.21	00:43:49.445	1.34053	1.34150			6
2025.10.21	00:43:59.443	1.34049				2
2025.10.21	00:44:00.376	1.34049				2
2025.10.21	00:44:03.657	1.34050				2
2025.10.21	00:44:10.546	1.34049	1.34144			6
2025.10.21	00:44:20.686		1.34145			4
2025.10.21	00:44:29.442	1.34050	1.34143			6
2025.10.21	00:44:33.654		1.34144			4
2025.10.21	00:44:50.422	1.34049	1.34153			6
2025.10.21	00:44:50.900	1.34050	1.34157			6
2025.10.21	00:44:55.396	1.34051				2
2025.10.21	00:44:57.655	1.34052				2
2025.10.21	00:45:00.393	1.34052				2
2025.10.21	00:45:01.557		1.34153			4
2025.10.21	00:45:03.122	1.34049	1.34158			6
2025.10.21	00:45:06.512	1.34052	1.34153			6
2025.10.21	00:45:11.252	1.34068	1.34137			6
2025.10.21	00:45:22.065	1.34067				2
2025.10.21	00:45:26.397	1.34068				2
2025.10.21	00:45:31.035	1.34069				2
2025.10.21	00:45:40.923	1.34068				2
2025.10.21	00:45:46.175	1.34063	1.34133			6
2025.10.21	00:45:46.479	1.34064	1.34131			6
2025.10.21	00:45:50.509	1.34063	1.34129			6
2025.10.21	00:45:51.435	1.34064				2
2025.10.21	00:46:00.079	1.34064				2
2025.10.21	00:46:09.395	1.34062	1.34127			6
2025.10.21	00:46:09.700	1.34057				2
2025.10.21	00:46:12.193	1.34060				2
2025.10.21	00:46:12.810	1.34061	1.34126			6
2025.10.21	00:46:14.975	1.34054	1.34125			6
2025.10.21	00:46:16.831		1.34124			4
2025.10.21	00:46:30.158	1.34055				2
2025.10.21	00:46:46.547		1.34123			4
2025.10.21	00:46:51.492		1.34124			4
2025.10.21	00:46:59.524		1.34123			4
2025.10.21	00:47:00.146	1.34055				2
2025.10.21	00:47:02.002		1.34124			4
2025.10.21	00:47:02.928	1.34038	1.34128			6
2025.10.21	00:47:04.779	1.34039				2
2025.10.21	00:47:06.632	1.34055	1.34123			6
2025.10.21	00:47:19.923		1.34122			4
2025.10.21	00:47:26.406		1.34123			4
2025.10.21	00:47:33.512		1.34122			4
2025.10.21	00:47:36.602		1.34123			4
2025.10.21	00:47:39.379		1.34121			4
2025.10.21	00:47:40.308	1.34056				2
2025.10.21	00:47:40.925	1.34068				2
2025.10.21	00:47:41.226		1.34104			4
2025.10.21	00:47:50.797	1.34056				2
2025.10.21	00:47:52.645		1.34120			4
2025.10.21	00:47:56.961		1.34121			4
2025.10.21	00:48:00.036	1.34056				2
2025.10.21	00:48:33.642		1.34123			4
2025.10.21	00:48:39.201		1.34122			4
2025.10.21	00:48:47.554		1.34121			4
2025.10.21	00:48:59.276		1.34124			4
2025.10.21	00:49:00.199	1.34056				2
2025.10.21	00:49:09.458		1.34121			4
2025.10.21	00:49:20.895	1.34058				2
2025.10.21	00:49:24.293	1.34057				2
2025.10.21	00:49:36.610		1.34122			4
2025.10.21	00:49:39.374		1.34124			4
2025.10.21	00:49:43.385	1.34056	1.34123			6
2025.10.21	00:49:51.384		1.34122			4
2025.10.21	00:50:00.300	1.34056				2
2025.10.21	00:50:51.486		1.34122			4
2025.10.21	00:51:00.133	1.34056				2
2025.10.21	00:51:06.941		1.34121			4
2025.10.21	00:51:25.196	1.34057	1.34118			6
2025.10.21	00:51:25.511	1.34056	1.34121			6
2025.10.21	00:51:29.210	1.34058	1.34120			6
2025.10.21	00:51:29.519	1.34057				2
2025.10.21	00:51:38.184	1.34058	1.34119			6
2025.10.21	00:51:44.674		1.34104			4
2025.10.21	00:51:55.170	1.34061				2
2025.10.21	00:51:55.481		1.34121			4
2025.10.21	00:51:56.406	1.34060	1.34120			6
2025.10.21	00:51:59.186	1.34058	1.34118			6
2025.10.21	00:52:00.114	1.34058				2
2025.10.21	00:52:10.620		1.34117			4
2025.10.21	00:52:59.459	1.34061	1.34119			6
2025.10.21	00:52:59.773	1.34058				2
2025.10.21	00:53:00.079	1.34058				2
2025.10.21	00:53:03.475		1.34120			4
2025.10.21	00:53:06.877	1.34060				2
2025.10.21	00:53:07.182		1.34117			4
2025.10.21	00:54:00.033	1.34060				2
2025.10.21	00:54:07.443		1.34117			4
2025.10.21	00:55:00.294	1.34060				2
2025.10.21	00:55:02.461		1.34119			4
2025.10.21	00:55:04.929	1.34059				2
2025.10.21	00:55:08.940	1.34060				2
2025.10.21	00:55:20.050		1.34118			4
2025.10.21	00:55:26.218	1.34059	1.34116			6
2025.10.21	00:55:52.482	1.34057	1.34119			6
2025.10.21	00:56:00.223	1.34057				2
2025.10.21	00:56:52.726		1.34119			4
2025.10.21	00:57:00.156	1.34057				2
2025.10.21	00:57:03.878	1.34061	1.34129			6
2025.10.21	00:57:04.180	1.34060				2
2025.10.21	00:57:05.112	1.34061				2
2025.10.21	00:57:05.417	1.34060				2
2025.10.21	00:57:05.729	1.34058	1.34121			6
2025.10.21	00:57:07.880	1.34056	1.34127			6
2025.10.21	00:57:13.115	1.34054	1.34120			6
2025.10.21	00:57:18.646	1.34055	1.34129			6
2025.10.21	00:57:19.571		1.34126			4
2025.10.21	00:57:20.186	1.34054	1.34121			6
2025.10.21	00:57:21.422	1.34053				2
2025.10.21	00:57:24.509	1.34054	1.34127			6
2025.10.21	00:57:26.045	1.34053	1.34121			6
2025.10.21	00:57:32.221		1.34127			4
2025.10.21	00:57:34.387	1.34052	1.34121			6
2025.10.21	00:57:43.653	1.34053				2
2025.10.21	00:57:46.430	1.34052				2
2025.10.21	00:57:46.744	1.34053				2
2025.10.21	00:57:51.989		1.34120			4
2025.10.21	00:57:54.157	1.34052				2
2025.10.21	00:57:59.406	1.34054				2
2025.10.21	00:58:00.025	1.34054				2
2025.10.21	00:58:03.733	1.34053				2
2025.10.21	00:58:04.037	1.34052	1.34128			6
2025.10.21	00:58:06.207	1.34051	1.34137			6
2025.10.21	00:58:18.252	1.34052				2
2025.10.21	00:58:19.177	1.34056				2
2025.10.21	00:58:25.662	1.34055				2
2025.10.21	00:58:29.369	1.34050				2
2025.10.21	00:58:35.239	1.34051				2
2025.10.21	00:58:36.474	1.34050				2
2025.10.21	00:58:42.034	1.34047	1.34125			6
2025.10.21	00:58:42.657		1.34126			4
2025.10.21	00:58:44.196		1.34125			4
2025.10.21	00:58:44.510		1.34126			4
2025.10.21	00:58:44.817		1.34125			4
2025.10.21	00:58:47.284		1.34124			4
2025.10.21	00:58:49.140		1.34125			4
2025.10.21	00:59:00.250	1.34047				2
2025.10.21	00:59:01.169		1.34127			4
2025.10.21	00:59:01.788		1.34124			4
2025.10.21	00:59:02.096		1.34123			4
2025.10.21	00:59:02.408		1.34122			4
2025.10.21	00:59:05.175		1.34121			4
2025.10.21	00:59:19.388		1.34122			4
2025.10.21	00:59:19.690		1.34125			4
2025.10.21	00:59:28.042		1.34126			4
2025.10.21	00:59:29.279		1.34121			4
2025.10.21	00:59:41.939		1.34122			4
2025.10.21	00:59:44.394		1.34121			4
2025.10.21	00:59:46.882		1.34122			4
2025.10.21	00:59:51.487		1.34121			4
2025.10.21	01:00:00.101	1.34047				2
2025.10.21	01:00:00.853	1.34048	1.34119			6
2025.10.21	01:00:01.169	1.34043				2
2025.10.21	01:00:01.479	1.34042	1.34112			6
2025.10.21	01:00:01.797	1.34049	1.34108			6
2025.10.21	01:00:02.103	1.34052	1.34092			6
2025.10.21	01:00:03.336	1.34031	1.34127			6
2025.10.21	01:00:03.652	1.34026	1.34128			6
2025.10.21	01:00:04.893	1.34027				2
2025.10.21	01:00:05.211	1.34026				2
2025.10.21	01:00:05.841	1.34024				2
2025.10.21	01:00:06.779	1.34027				2
2025.10.21	01:00:07.086	1.34052	1.34092			6
2025.10.21	01:00:07.393		1.34101			4
2025.10.21	01:00:08.022	1.34056				2
2025.10.21	01:00:08.327	1.34052				2
2025.10.21	01:00:08.936	1.34050				2
2025.10.21	01:00:09.242	1.34053	1.34102			6
2025.10.21	01:00:14.455	1.34057	1.34101			6
2025.10.21	01:00:15.383	1.34059				2
2025.10.21	01:00:19.995		1.34102			4
2025.10.21	01:00:22.764	1.34064				2
2025.10.21	01:00:24.911	1.34066				2
2025.10.21	01:00:25.214	1.34065				2
2025.10.21	01:00:25.515	1.34064				2
2025.10.21	01:00:25.822	1.34066				2
2025.10.21	01:00:29.193	1.34053				2
2025.10.21	01:00:32.569		1.34104			4
2025.10.21	01:00:32.880	1.34065	1.34094			6
2025.10.21	01:00:33.182	1.34063	1.34096			6
2025.10.21	01:00:33.808	1.34061	1.34112			6
2025.10.21	01:00:34.118		1.34111			4
2025.10.21	01:00:34.424	1.34052	1.34107			6
2025.10.21	01:00:37.183		1.34102			4
2025.10.21	01:00:37.496	1.34057	1.34106			6
2025.10.21	01:00:37.800	1.34052	1.34090			6
2025.10.21	01:00:38.110	1.34053				2
2025.10.21	01:00:38.420	1.34052				2
2025.10.21	01:00:39.041	1.34053	1.34100			6
2025.10.21	01:00:39.656	1.34055				2
2025.10.21	01:00:41.814		1.34099			4
2025.10.21	01:00:42.129	1.34057	1.34094			6
2025.10.21	01:00:42.434		1.34096			4
2025.10.21	01:00:42.745		1.34111			4
2025.10.21	01:00:43.353	1.34059				2
2025.10.21	01:00:43.661	1.34056				2
2025.10.21	01:00:43.978	1.34069	1.34077			6
2025.10.21	01:00:48.317	1.34073	1.34084			6
2025.10.21	01:00:48.618	1.34078	1.34087			6
2025.10.21	01:00:48.937	1.34079				2
2025.10.21	01:00:49.858	1.34080				2
2025.10.21	01:00:50.786		1.34088			4
2025.10.21	01:00:53.563	1.34079	1.34087			6
2025.10.21	01:00:54.185	1.34078	1.34086			6
2025.10.21	01:00:56.349		1.34085			4
2025.10.21	01:01:00.044	1.34078				2
2025.10.21	01:01:00.660	1.34079	1.34083			6
2025.10.21	01:01:04.344	1.34074	1.34086			6
2025.10.21	01:01:05.249		1.34084			4
2025.10.21	01:01:07.399	1.34075	1.34088			6
2025.10.21	01:01:07.710	1.34081	1.34085			6
2025.10.21	01:01:09.249	1.34075	1.34086			6
2025.10.21	01:01:09.551	1.34074	1.34084			6
2025.10.21	01:01:12.606	1.34075	1.34088			6
2025.10.21	01:01:14.760	1.34074				2
2025.10.21	01:01:18.428		1.34085			4
2025.10.21	01:01:24.243		1.34084			4
2025.10.21	01:01:24.551	1.34073	1.34083			6
2025.10.21	01:01:30.992	1.34081				2
2025.10.21	01:01:31.294	1.34073				2
2025.10.21	01:01:32.209		1.34080			4
2025.10.21	01:01:32.518	1.34080	1.34081			6
2025.10.21	01:01:37.110	1.34073	1.34080			6
2025.10.21	01:01:38.644		1.34079			4
2025.10.21	01:01:39.261	1.34074				2
2025.10.21	01:01:39.875	1.34079	1.34080			6
2025.10.21	01:01:40.486	1.34074	1.34079			6
2025.10.21	01:01:42.938	1.34079	1.34080			6
2025.10.21	01:01:43.242	1.34073	1.34079			6
2025.10.21	01:01:43.552	1.34079	1.34080			6
2025.10.21	01:01:44.457	1.34073	1.34079			6
2025.10.21	01:01:44.764	1.34074				2
2025.10.21	01:01:49.356	1.34073				2
2025.10.21	01:01:53.918	1.34074				2
2025.10.21	01:01:59.744	1.34073				2
2025.10.21	01:02:00.054	1.34073				2
2025.10.21	01:02:00.359	1.34076	1.34084			6
2025.10.21	01:02:00.663	1.34075	1.34083			6
2025.10.21	01:02:04.032		1.34084			4
2025.10.21	01:02:05.261		1.34081			4
2025.10.21	01:02:05.563	1.34076				2
2025.10.21	01:02:11.385	1.34081	1.34082			6
2025.10.21	01:02:13.234	1.34077	1.34081			6
2025.10.21	01:02:15.401		1.34083			4
2025.10.21	01:02:16.320	1.34082				2
2025.10.21	01:02:16.928	1.34079				2
2025.10.21	01:02:17.229	1.34082				2
2025.10.21	01:02:19.673	1.34079				2
2025.10.21	01:02:19.981	1.34080				2
2025.10.21	01:02:20.898	1.34079				2
2025.10.21	01:02:22.123	1.34081				2
2025.10.21	01:02:27.946	1.34079				2
2025.10.21	01:02:46.317	1.34082				2
2025.10.21	01:02:50.931	1.34079				2
2025.10.21	01:02:52.170	1.34078				2
2025.10.21	01:02:53.382	1.34082				2
2025.10.21	01:02:54.297	1.34081				2
2025.10.21	01:02:58.284	1.34082				2
2025.10.21	01:03:00.128	1.34082				2
2025.10.21	01:03:00.433	1.34078				2
2025.10.21	01:03:01.357	1.34077				2
2025.10.21	01:03:04.133	1.34078				2
2025.10.21	01:03:06.286		1.34082			4
2025.10.21	01:03:06.898	1.34082	1.34083			6
2025.10.21	01:03:08.120	1.34081				2
2025.10.21	01:03:09.343	1.34077				2
2025.10.21	01:03:11.188	1.34076				2
2025.10.21	01:03:12.110	1.34077				2
2025.10.21	01:03:14.268	1.34078				2
2025.10.21	01:03:16.115		1.34082			4
2025.10.21	01:03:58.100	1.34077	1.34081			6
2025.10.21	01:04:00.242	1.34077				2
2025.10.21	01:04:00.856	1.34078	1.34082			6
2025.10.21	01:04:23.539	1.34083	1.34084			6
2025.10.21	01:04:23.847	1.34078	1.34082			6
2025.10.21	01:04:24.150	1.34077	1.34084			6
2025.10.21	01:04:24.455		1.34083			4
2025.10.21	01:04:32.156	1.34081				2
2025.10.21	01:04:33.403	1.34079				2
2025.10.21	01:04:35.254	1.34080				2
2025.10.21	01:04:37.105	1.34081				2
2025.10.21	01:04:38.340	1.34082				2
2025.10.21	01:04:39.268	1.34077				2
2025.10.21	01:04:43.270		1.34084			4
2025.10.21	01:04:43.574		1.34083			4
2025.10.21	01:04:47.256	1.34078				2
2025.10.21	01:04:49.381		1.34082			4
2025.10.21	01:05:00.091	1.34078				2
2025.10.21	01:05:09.283	1.34083	1.34084			6
2025.10.21	01:05:10.208	1.34080				2
2025.10.21	01:05:11.130	1.34081				2
2025.10.21	01:05:12.376	1.34082				2
2025.10.21	01:05:14.247	1.34083				2
2025.10.21	01:05:15.777	1.34077	1.34082			6
2025.10.21	01:05:16.391		1.34084			4
2025.10.21	01:05:17.001	1.34078				2
2025.10.21	01:05:17.310	1.34077	1.34085			6
2025.10.21	01:05:17.611		1.34084			4
2025.10.21	01:05:18.539	1.34080				2
2025.10.21	01:05:22.240	1.34081				2
2025.10.21	01:05:22.553		1.34085			4
2025.10.21	01:05:22.859	1.34077	1.34084			6
2025.10.21	01:05:27.181	1.34083				2
2025.10.21	01:05:28.121	1.34081				2
2025.10.21	01:05:29.352	1.34082				2
2025.10.21	01:05:30.297	1.34083				2
2025.10.21	01:05:31.215	1.34084	1.34085			6
2025.10.21	01:05:33.056	1.34080	1.34084			6
2025.10.21	01:05:34.278	1.34083				2
2025.10.21	01:05:35.217	1.34080				2
2025.10.21	01:05:35.526	1.34079				2
2025.10.21	01:05:36.146	1.34080				2
2025.10.21	01:05:37.388	1.34081				2
2025.10.21	01:05:38.314	1.34082				2
2025.10.21	01:05:39.239	1.34083				2
2025.10.21	01:05:41.369	1.34084	1.34085			6
2025.10.21	01:06:00.089	1.34084				2
2025.10.21	01:06:13.312	1.34085	1.34086			6
2025.10.21	01:06:24.057	1.34084	1.34085			6
2025.10.21	01:06:29.287	1.34083				2
2025.10.21	01:06:29.895	1.34084				2
2025.10.21	01:06:49.232	1.34085	1.34086			6
2025.10.21	01:06:50.755	1.34084	1.34085			6
2025.10.21	01:06:57.773	1.34083	1.34084			6
2025.10.21	01:07:00.216	1.34083				2
2025.10.21	01:07:57.907		1.34084			4
2025.10.21	01:08:00.065	1.34083				2
2025.10.21	01:08:22.541		1.34086			4
2025.10.21	01:08:31.480	1.34084				2
2025.10.21	01:08:32.097	1.34083				2
2025.10.21	01:08:35.203	1.34084				2
2025.10.21	01:08:59.080	1.34083				2
2025.10.21	01:08:59.389	1.34082				2
2025.10.21	01:09:00.007	1.34082				2
2025.10.21	01:09:02.180	1.34081				2
2025.10.21	01:09:05.277	1.34082				2
2025.10.21	01:09:11.154	1.34083				2
2025.10.21	01:09:21.988		1.34085			4
2025.10.21	01:09:24.159	1.34081				2
2025.10.21	01:09:24.468	1.34082				2
2025.10.21	01:09:25.396	1.34080				2
2025.10.21	01:09:27.255	1.34081				2
2025.10.21	01:09:28.183	1.34082				2
2025.10.21	01:09:30.348	1.34083				2
2025.10.21	01:09:34.063	1.34069	1.34070			6
2025.10.21	01:09:34.369	1.34066	1.34074			6
2025.10.21	01:09:35.302	1.34067				2
2025.10.21	01:09:35.924	1.34066				2
2025.10.21	01:09:38.105	1.34067				2
2025.10.21	01:09:40.292	1.34068				2
2025.10.21	01:09:42.158	1.34069				2
2025.10.21	01:09:44.325	1.34070				2
2025.10.21	01:09:49.258	1.34074	1.34075			6
2025.10.21	01:09:49.564	1.34082	1.34086			6
2025.10.21	01:09:50.183	1.34079				2
2025.10.21	01:09:51.117	1.34080				2
2025.10.21	01:09:52.359	1.34081				2
2025.10.21	01:09:53.594	1.34082				2
2025.10.21	01:09:55.137		1.34087			4
2025.10.21	01:09:56.378	1.34083				2
2025.10.21	01:10:00.080	1.34083				2
2025.10.21	01:10:11.459	1.34082	1.34083			6
2025.10.21	01:10:11.762	1.34083	1.34084			6
2025.10.21	01:10:13.897	1.34081	1.34082			6
2025.10.21	01:10:14.833	1.34080	1.34081			6
2025.10.21	01:10:17.583	1.34083	1.34084			6
2025.10.21	01:10:18.807	1.34082	1.34083			6
2025.10.21	01:10:22.478	1.34081	1.34082			6
2025.10.21	01:10:24.925	1.34080				2
2025.10.21	01:10:26.468	1.34081				2
2025.10.21	01:10:29.225		1.34083			4
2025.10.21	01:10:31.060	1.34078	1.34079			6
2025.10.21	01:10:32.895	1.34073	1.34074			6
2025.10.21	01:10:33.200	1.34072				2
2025.10.21	01:10:33.503	1.34071				2
2025.10.21	01:10:33.806	1.34072				2
2025.10.21	01:10:34.112	1.34069				2
2025.10.21	01:10:35.345	1.34070				2
2025.10.21	01:10:37.195	1.34071				2
2025.10.21	01:10:41.191	1.34072				2
2025.10.21	01:10:43.336	1.34071				2
2025.10.21	01:10:46.108		1.34072			4
2025.10.21	01:10:54.712	1.34082	1.34085			6
2025.10.21	01:10:55.925	1.34072	1.34073			6
2025.10.21	01:10:56.226	1.34068	1.34072			6
2025.10.21	01:10:56.848		1.34074			4
2025.10.21	01:10:57.774	1.34067				2
2025.10.21	01:11:00.252	1.34067				2
2025.10.21	01:11:02.116	1.34068				2
2025.10.21	01:11:03.374	1.34069				2
2025.10.21	01:11:05.243	1.34071				2
2025.10.21	01:11:07.107	1.34072				2
2025.10.21	01:11:12.329	1.34073				2
2025.10.21	01:11:12.632	1.34072				2
2025.10.21	01:11:23.349	1.34073				2
2025.10.21	01:11:25.504	1.34072				2
2025.10.21	01:11:29.788	1.34073				2
2025.10.21	01:11:30.093	1.34078	1.34082			6
2025.10.21	01:11:37.114	1.34079	1.34083			6
2025.10.21	01:11:46.029	1.34078	1.34082			6
2025.10.21	01:11:46.333	1.34079	1.34083			6
2025.10.21	01:11:47.565	1.34078	1.34082			6
2025.10.21	01:11:47.867	1.34079	1.34083			6
2025.10.21	01:11:49.403	1.34080				2
2025.10.21	01:12:00.265	1.34080				2
2025.10.21	01:12:19.100	1.34079				2
2025.10.21	01:12:48.152		1.34083			4
2025.10.21	01:12:57.451	1.34077	1.34078			6
2025.10.21	01:12:58.692	1.34078	1.34079			6
2025.10.21	01:12:59.005	1.34077	1.34078			6
2025.10.21	01:13:00.245	1.34077				2
2025.10.21	01:13:59.284		1.34078			4
2025.10.21	01:14:00.218	1.34077				2
2025.10.21	01:14:05.467	1.34076				2
2025.10.21	01:14:05.776	1.34077				2
2025.10.21	01:14:59.551		1.34078			4
2025.10.21	01:15:00.171	1.34077				2
2025.10.21	01:15:15.339	1.34075				2
2025.10.21	01:15:16.261		1.34079			4
2025.10.21	01:15:18.115	1.34076				2
2025.10.21	01:15:20.278	1.34077				2
2025.10.21	01:15:23.365	1.34078				2
2025.10.21	01:15:28.925		1.34080			4
2025.10.21	01:15:34.190	1.34075				2
2025.10.21	01:15:35.117	1.34076				2
2025.10.21	01:15:36.352	1.34077				2
2025.10.21	01:15:38.201	1.34078				2
2025.10.21	01:15:45.320	1.34074				2
2025.10.21	01:15:46.556	1.34075				2
2025.10.21	01:15:52.129	1.34076				2
2025.10.21	01:15:53.366	1.34077				2
2025.10.21	01:15:54.293	1.34078				2
2025.10.21	01:16:00.148	1.34079				2
2025.10.21	01:16:01.373	1.34076				2
2025.10.21	01:16:09.479	1.34075				2
2025.10.21	01:16:11.035	1.34076				2
2025.10.21	01:16:20.349	1.34077				2
2025.10.21	01:16:24.651	1.34078				2
2025.10.21	01:16:24.959	1.34077				2
2025.10.21	01:16:25.575	1.34078				2
2025.10.21	01:16:27.103	1.34077				2
2025.10.21	01:16:28.946		1.34080			4
2025.10.21	01:16:32.927	1.34078				2
2025.10.21	01:16:34.155	1.34076				2
2025.10.21	01:16:34.766	1.34072	1.34076			6
2025.10.21	01:16:35.086	1.34071				2
2025.10.21	01:16:35.398	1.34068				2
2025.10.21	01:16:35.707	1.34069				2
2025.10.21	01:16:40.066	1.34072	1.34079			6
2025.10.21	01:16:40.689	1.34071				2
2025.10.21	01:16:43.185	1.34072				2
2025.10.21	01:16:45.371	1.34074				2
2025.10.21	01:16:47.258	1.34075				2
2025.10.21	01:16:51.241	1.34076				2
2025.10.21	01:17:00.122	1.34076				2
2025.10.21	01:17:02.882	1.34077				2
2025.10.21	01:17:07.182	1.34081	1.34085			6
2025.10.21	01:17:08.100	1.34077	1.34086			6
2025.10.21	01:17:10.287	1.34078				2
2025.10.21	01:17:11.215	1.34079				2
2025.10.21	01:17:12.140	1.34080				2
2025.10.21	01:17:15.233	1.34081				2
2025.10.21	01:17:16.764	1.34080	1.34085			6
2025.10.21	01:17:17.371		1.34084			4
2025.10.21	01:17:25.330		1.34082			4
2025.10.21	01:17:26.249	1.34079	1.34080			6
2025.10.21	01:17:26.863	1.34080	1.34084			6
2025.10.21	01:17:27.164	1.34081	1.34085			6
2025.10.21	01:17:29.310	1.34083	1.34086			6
2025.10.21	01:17:31.144	1.34082				2
2025.10.21	01:17:32.376	1.34083				2
2025.10.21	01:17:34.851	1.34084				2
2025.10.21	01:17:35.159	1.34083				2
2025.10.21	01:17:37.312		1.34087			4
2025.10.21	01:17:38.847	1.34084	1.34088			6
2025.10.21	01:17:40.074	1.34083	1.34087			6
2025.10.21	01:17:40.376	1.34084	1.34088			6
2025.10.21	01:17:41.299	1.34083	1.34087			6
2025.10.21	01:17:42.218	1.34084	1.34088			6
2025.10.21	01:17:42.833	1.34085	1.34089			6
2025.10.21	01:17:43.135	1.34081				2
2025.10.21	01:17:43.444	1.34079				2
2025.10.21	01:17:46.528	1.34080				2
2025.10.21	01:17:46.831	1.34081				2
2025.10.21	01:17:47.145	1.34080				2
2025.10.21	01:17:51.165	1.34082				2
2025.10.21	01:17:52.091	1.34083				2
2025.10.21	01:17:53.333	1.34084				2
2025.10.21	01:17:53.637	1.34083	1.34088			6
2025.10.21	01:17:54.561	1.34084	1.34089			6
2025.10.21	01:17:55.173		1.34088			4
2025.10.21	01:18:00.076	1.34084				2
2025.10.21	01:18:02.519	1.34083	1.34087			6
2025.10.21	01:18:05.892	1.34084	1.34088			6
2025.10.21	01:18:14.792	1.34083	1.34087			6
2025.10.21	01:18:23.058	1.34084	1.34088			6
2025.10.21	01:18:25.208	1.34083	1.34087			6
2025.10.21	01:18:31.036	1.34084	1.34088			6
2025.10.21	01:18:42.023	1.34083	1.34087			6
2025.10.21	01:18:42.332	1.34084	1.34088			6
2025.10.21	01:18:42.639	1.34082	1.34086			6
2025.10.21	01:18:42.940	1.34080	1.34084			6
2025.10.21	01:18:44.157	1.34077	1.34086			6
2025.10.21	01:18:51.276	1.34078				2
2025.10.21	01:18:52.200		1.34085			4
2025.10.21	01:18:53.132	1.34079				2
2025.10.21	01:18:54.376		1.34084			4
2025.10.21	01:18:56.234	1.34080				2
2025.10.21	01:19:00.219	1.34080				2
2025.10.21	01:19:02.985		1.34083			4
2025.10.21	01:19:09.428	1.34079				2
2025.10.21	01:19:15.874	1.34078	1.34079			6
2025.10.21	01:19:16.788		1.34082			4
2025.10.21	01:19:23.839	1.34079	1.34083			6
2025.10.21	01:19:27.196	1.34075	1.34076			6
2025.10.21	01:19:27.503	1.34076	1.34077			6
2025.10.21	01:19:28.118	1.34075	1.34076			6
2025.10.21	01:19:37.378	1.34076	1.34077			6
2025.10.21	01:19:59.429	1.34079	1.34083			6
2025.10.21	01:20:00.043	1.34079				2
2025.10.21	01:20:00.350	1.34078	1.34082			6
2025.10.21	01:20:00.652	1.34080	1.34081			6
2025.10.21	01:20:01.269	1.34077				2
2025.10.21	01:20:01.885	1.34076				2
2025.10.21	01:20:02.197		1.34082			4
2025.10.21	01:20:05.292	1.34069	1.34075			6
2025.10.21	01:20:10.252	1.34070				2
2025.10.21	01:20:11.180	1.34069				2
2025.10.21	01:20:13.360	1.34070				2
2025.10.21	01:20:15.208	1.34072				2
2025.10.21	01:20:18.908	1.34071				2
2025.10.21	01:20:19.211	1.34072				2
2025.10.21	01:20:20.751	1.34073				2
2025.10.21	01:20:22.272	1.34072				2
2025.10.21	01:20:23.497	1.34073				2
2025.10.21	01:20:32.696	1.34072				2
2025.10.21	01:20:33.601	1.34073				2
2025.10.21	01:20:46.134		1.34074			4
2025.10.21	01:21:00.224	1.34073				2
2025.10.21	01:21:04.214	1.34072				2
2025.10.21	01:21:04.831	1.34073				2
2025.10.21	01:21:14.635	1.34072				2
2025.10.21	01:21:15.249	1.34073				2
2025.10.21	01:21:22.603	1.34072				2
2025.10.21	01:21:23.212	1.34071				2
2025.10.21	01:21:25.390	1.34073				2
2025.10.21	01:21:26.322	1.34069				2
2025.10.21	01:21:26.630	1.34070				2
2025.10.21	01:21:28.187	1.34069				2
2025.10.21	01:21:29.124	1.34068				2
2025.10.21	01:21:29.741	1.34069				2
2025.10.21	01:21:31.329	1.34071				2
2025.10.21	01:21:31.646	1.34070				2
2025.10.21	01:21:32.893	1.34073	1.34075			6
2025.10.21	01:21:33.195	1.34072				2
2025.10.21	01:21:34.136	1.34073				2
2025.10.21	01:21:36.329	1.34075	1.34076			6
2025.10.21	01:21:36.643	1.34077	1.34079			6
2025.10.21	01:21:37.270	1.34076				2
2025.10.21	01:21:38.212	1.34077				2
2025.10.21	01:21:39.156	1.34078				2
2025.10.21	01:21:42.590		1.34080			4
2025.10.21	01:21:49.034	1.34077				2
2025.10.21	01:21:50.251	1.34076				2
2025.10.21	01:21:51.192	1.34077				2
2025.10.21	01:21:53.340	1.34076	1.34079			6
2025.10.21	01:21:53.647	1.34075				2
2025.10.21	01:21:54.257	1.34071				2
2025.10.21	01:21:55.186	1.34072				2
2025.10.21	01:21:56.111	1.34073				2
2025.10.21	01:21:57.357	1.34074				2
2025.10.21	01:21:57.676	1.34073	1.34078			6
2025.10.21	01:21:58.296	1.34074	1.34079			6
2025.10.21	01:21:59.230	1.34072				2
2025.10.21	01:22:00.168	1.34073				2
2025.10.21	01:22:01.109	1.34074				2
2025.10.21	01:22:02.348	1.34075				2
2025.10.21	01:22:03.574	1.34073	1.34077			6
2025.10.21	01:22:04.185	1.34069	1.34080			6
2025.10.21	01:22:06.363	1.34071	1.34078			6
2025.10.21	01:22:07.289	1.34072	1.34077			6
2025.10.21	01:22:08.215	1.34073				2
2025.10.21	01:22:21.381	1.34074	1.34078			6
2025.10.21	01:22:22.293	1.34073	1.34077			6
2025.10.21	01:22:22.900	1.34074	1.34078			6
2025.10.21	01:22:23.514	1.34075	1.34079			6
2025.10.21	01:22:25.351	1.34074	1.34078			6
2025.10.21	01:22:28.736	1.34073	1.34077			6
2025.10.21	01:22:29.349	1.34071	1.34078			6
2025.10.21	01:22:30.270	1.34072	1.34077			6
2025.10.21	01:22:31.198	1.34073				2
2025.10.21	01:22:32.423	1.34072	1.34076			6
2025.10.21	01:22:33.957	1.34073	1.34077			6
2025.10.21	01:22:34.875	1.34072	1.34076			6
2025.10.21	01:22:35.179	1.34073	1.34077			6
2025.10.21	01:22:35.480	1.34072	1.34076			6
2025.10.21	01:22:35.789	1.34073	1.34077			6
2025.10.21	01:22:36.400	1.34071	1.34076			6
2025.10.21	01:22:36.706	1.34072	1.34077			6
2025.10.21	01:22:37.329	1.34069	1.34079			6
2025.10.21	01:22:37.947	1.34071	1.34080			6
2025.10.21	01:22:38.256	1.34073	1.34079			6
2025.10.21	01:22:39.186	1.34069	1.34080			6
2025.10.21	01:22:42.109	1.34070				2
2025.10.21	01:22:43.044	1.34069				2
2025.10.21	01:22:47.375	1.34070				2
2025.10.21	01:22:48.307	1.34071	1.34077			6
2025.10.21	01:22:49.229	1.34070	1.34078			6
2025.10.21	01:22:50.173	1.34071	1.34076			6
2025.10.21	01:22:51.088	1.34072				2
2025.10.21	01:22:51.698	1.34073	1.34077			6
2025.10.21	01:22:52.003	1.34072	1.34076			6
2025.10.21	01:22:55.678	1.34074	1.34078			6
2025.10.21	01:22:56.291	1.34069	1.34080			6
2025.10.21	01:23:00.086	1.34069				2
2025.10.21	01:23:04.784		1.34079			4
2025.10.21	01:23:07.249	1.34070	1.34077			6
2025.10.21	01:23:08.177		1.34076			4
2025.10.21	01:23:08.794	1.34071	1.34077			6
2025.10.21	01:23:09.105	1.34072				2
2025.10.21	01:23:09.411	1.34071	1.34076			6
2025.10.21	01:23:09.721	1.34072	1.34077			6
2025.10.21	01:23:10.331		1.34076			4
2025.10.21	01:23:11.257	1.34071	1.34075			6
2025.10.21	01:23:19.242	1.34070	1.34074			6
2025.10.21	01:23:20.170	1.34072	1.34076			6
2025.10.21	01:23:20.783	1.34071	1.34075			6
2025.10.21	01:23:23.854	1.34070	1.34074			6
2025.10.21	01:23:31.218	1.34073	1.34077			6
2025.10.21	01:23:31.528	1.34072	1.34076			6
2025.10.21	01:23:32.159	1.34068	1.34080			6
2025.10.21	01:23:33.376	1.34060	1.34071			6
2025.10.21	01:23:35.542		1.34068			4
2025.10.21	01:23:44.233		1.34067			4
2025.10.21	01:23:45.156	1.34061				2
2025.10.21	01:23:46.376		1.34066			4
2025.10.21	01:23:46.687	1.34051	1.34056			6
2025.10.21	01:23:46.992	1.34048	1.34053			6
2025.10.21	01:23:47.306	1.34046	1.34055			6
2025.10.21	01:23:49.469		1.34059			4
2025.10.21	01:23:50.702		1.34058			4
2025.10.21	01:23:52.558		1.34057			4
2025.10.21	01:23:53.180	1.34049				2
2025.10.21	01:23:54.120		1.34058			4
2025.10.21	01:23:55.354		1.34056			4
2025.10.21	01:23:55.666		1.34055			4
2025.10.21	01:23:55.971		1.34057			4
2025.10.21	01:23:56.286	1.34050				2
2025.10.21	01:23:57.207		1.34056			4
2025.10.21	01:23:58.119		1.34055			4
2025.10.21	01:23:59.337	1.34049	1.34054			6
2025.10.21	01:24:00.257	1.34049				2
2025.10.21	01:24:01.174	1.34048	1.34050			6
2025.10.21	01:24:01.482		1.34051			4
2025.10.21	01:24:02.402		1.34052			4
2025.10.21	01:24:05.785		1.34051			4
2025.10.21	01:24:06.089		1.34050			4
2025.10.21	01:24:07.000	1.34043	1.34047			6
2025.10.21	01:24:08.223	1.34039	1.34043			6
2025.10.21	01:24:08.836	1.34038	1.34042			6
2025.10.21	01:24:10.362		1.34043			4
2025.10.21	01:24:11.278		1.34042			4
2025.10.21	01:24:14.336	1.34039	1.34043			6
2025.10.21	01:24:17.705	1.34038	1.34042			6
2025.10.21	01:24:19.239	1.34039	1.34043			6
2025.10.21	01:24:20.149	1.34038	1.34042			6
2025.10.21	01:24:21.990	1.34039	1.34043			6
2025.10.21	01:24:25.354	1.34038	1.34042			6
2025.10.21	01:24:30.876	1.34039	1.34043			6
2025.10.21	01:24:49.229		1.34042			4
2025.10.21	01:24:54.122		1.34043			4
2025.10.21	01:25:00.259	1.34039				2
2025.10.21	01:25:05.772	1.34041	1.34045			6
2025.10.21	01:25:06.073	1.34045	1.34046			6
2025.10.21	01:25:14.670	1.34046	1.34047			6
2025.10.21	01:25:17.108	1.34042	1.34046			6
2025.10.21	01:25:28.179	1.34046	1.34047			6
2025.10.21	01:25:38.122	1.34043				2
2025.10.21	01:25:39.364	1.34044	1.34048			6
2025.10.21	01:25:41.569	1.34046	1.34047			6
2025.10.21	01:25:41.882	1.34044				2
2025.10.21	01:25:42.193	1.34043				2
2025.10.21	01:25:42.502	1.34042	1.34046			6
2025.10.21	01:25:44.356	1.34041				2
2025.10.21	01:25:44.666	1.34042	1.34047			6
2025.10.21	01:25:44.970	1.34041	1.34046			6
2025.10.21	01:25:45.278	1.34042				2
2025.10.21	01:25:48.999	1.34043	1.34047			6
2025.10.21	01:25:49.617	1.34042	1.34046			6
2025.10.21	01:25:49.923	1.34043	1.34047			6
2025.10.21	01:25:50.243	1.34042	1.34046			6
2025.10.21	01:25:51.179	1.34043	1.34047			6
2025.10.21	01:25:53.332	1.34039	1.34043			6
2025.10.21	01:25:53.638		1.34042			4
2025.10.21	01:25:53.950	1.34042	1.34046			6
2025.10.21	01:25:54.260	1.34039	1.34047			6
2025.10.21	01:25:57.364	1.34040				2
2025.10.21	01:25:58.915		1.34048			4
2025.10.21	01:26:00.154	1.34040				2
2025.10.21	01:26:01.398		1.34047			4
2025.10.21	01:26:04.177	1.34041				2
2025.10.21	01:26:05.098	1.34042				2
2025.10.21	01:26:07.251		1.34046			4
2025.10.21	01:26:24.112	1.34041	1.34045			6
2025.10.21	01:26:25.940	1.34042	1.34046			6
2025.10.21	01:26:42.234	1.34041	1.34045			6
2025.10.21	01:26:44.091	1.34042	1.34046			6
2025.10.21	01:26:53.398	1.34046	1.34047			6
2025.10.21	01:26:54.014		1.34050			4
2025.10.21	01:26:54.316		1.34049			4
2025.10.21	01:26:55.252		1.34050			4
2025.10.21	01:26:55.570		1.34051			4
2025.10.21	01:27:00.294	1.34046				2
2025.10.21	01:27:05.550	1.34047				2
2025.10.21	01:27:21.471		1.34050			4
2025.10.21	01:27:23.300	1.34046				2
2025.10.21	01:27:25.757	1.34047				2
2025.10.21	01:27:26.061	1.34046				2
2025.10.21	01:27:26.974	1.34047				2
2025.10.21	01:27:27.583		1.34049			4
2025.10.21	01:27:50.645		1.34050			4
2025.10.21	01:27:50.953		1.34049			4
2025.10.21	01:27:52.496	1.34046				2
2025.10.21	01:28:00.229	1.34046				2
2025.10.21	01:28:04.254		1.34048			4
2025.10.21	01:28:04.560	1.34040	1.34044			6
2025.10.21	01:28:05.177	1.34039	1.34045			6
2025.10.21	01:28:16.344		1.34044			4
2025.10.21	01:28:19.140		1.34043			4
2025.10.21	01:28:19.747	1.34038	1.34042			6
2025.10.21	01:28:20.057	1.34041	1.34045			6
2025.10.21	01:28:20.364	1.34040	1.34044			6
2025.10.21	01:28:21.273	1.34039				2
2025.10.21	01:28:23.120	1.34040				2
2025.10.21	01:28:27.403	1.34041	1.34045			6
2025.10.21	01:28:29.856	1.34040	1.34044			6
2025.10.21	01:28:45.512	1.34041	1.34045			6
2025.10.21	01:29:00.243	1.34041				2
2025.10.21	01:29:07.048	1.34040	1.34044			6
2025.10.21	01:29:07.975	1.34041	1.34045			6
2025.10.21	01:29:09.208		1.34046			4
2025.10.21	01:29:11.090		1.34045			4
2025.10.21	01:29:46.139	1.34040	1.34044			6
2025.10.21	01:29:46.762	1.34041	1.34045			6
2025.10.21	01:30:00.094	1.34041				2
2025.10.21	01:30:00.699	1.34040	1.34044			6
2025.10.21	01:30:01.326	1.34038	1.34046			6
2025.10.21	01:30:02.265		1.34045			4
2025.10.21	01:30:03.204	1.34039				2
2025.10.21	01:30:05.379		1.34044			4
2025.10.21	01:30:10.347		1.34043			4
2025.10.21	01:30:11.901	1.34040	1.34044			6
2025.10.21	01:30:12.215	1.34039				2
2025.10.21	01:30:15.296	1.34040				2
2025.10.21	01:30:15.607	1.34041	1.34045			6
2025.10.21	01:30:16.218	1.34040	1.34047			6
2025.10.21	01:30:20.234		1.34046			4
2025.10.21	01:30:23.319		1.34045			4
2025.10.21	01:30:26.138	1.34041				2
2025.10.21	01:30:33.229		1.34046			4
2025.10.21	01:30:34.161	1.34039	1.34047			6
2025.10.21	01:30:37.255	1.34040				2
2025.10.21	01:30:37.882	1.34039	1.34046			6
2025.10.21	01:30:38.188	1.34040				2
2025.10.21	01:30:40.356		1.34045			4
2025.10.21	01:30:42.211	1.34041				2
2025.10.21	01:30:44.035		1.34042			4
2025.10.21	01:30:55.050		1.34045			4
2025.10.21	01:31:00.289	1.34041				2
2025.10.21	01:31:03.389	1.34042	1.34046			6
2025.10.21	01:31:04.320		1.34047			4
2025.10.21	01:31:06.176		1.34046			4
2025.10.21	01:31:08.349	1.34041				2
2025.10.21	01:31:09.273	1.34042				2
2025.10.21	01:31:13.306	1.34041	1.34045			6
2025.10.21	01:31:14.245	1.34038	1.34046			6
2025.10.21	01:31:16.101	1.34039				2
2025.10.21	01:31:17.351	1.34040				2
2025.10.21	01:31:18.276		1.34045			4
2025.10.21	01:31:19.219	1.34041				2
2025.10.21	01:31:34.067	1.34043	1.34047			6
2025.10.21	01:31:34.376	1.34044	1.34048			6
2025.10.21	01:31:35.310	1.34042				2
2025.10.21	01:31:37.495	1.34046	1.34049			6
2025.10.21	01:31:37.797	1.34047	1.34054			6
2025.10.21	01:31:49.345	1.34048				2
2025.10.21	01:31:50.266		1.34053			4
2025.10.21	01:31:50.570	1.34046	1.34050			6
2025.10.21	01:31:50.873	1.34045	1.34048			6
2025.10.21	01:31:51.806	1.34044				2
2025.10.21	01:32:00.169	1.34044				2
2025.10.21	01:32:00.777	1.34046				2
2025.10.21	01:32:01.079	1.34045				2
2025.10.21	01:32:01.692	1.34044				2
2025.10.21	01:32:12.737		1.34047			4
2025.10.21	01:32:16.116		1.34048			4
2025.10.21	01:32:23.172	1.34041	1.34045			6
2025.10.21	01:32:24.094	1.34039	1.34046			6
2025.10.21	01:32:26.259		1.34045			4
2025.10.21	01:32:27.192	1.34040				2
2025.10.21	01:32:29.357		1.34044			4
2025.10.21	01:32:52.927	1.34039	1.34043			6
2025.10.21	01:32:53.235	1.34040	1.34044			6
2025.10.21	01:33:00.282	1.34039	1.34043			6
2025.10.21	01:33:07.055	1.34041	1.34044			6
2025.10.21	01:33:10.757	1.34040				2
2025.10.21	01:33:33.364	1.34041	1.34045			6
2025.10.21	01:33:35.223	1.34040	1.34044			6
2025.10.21	01:34:00.246	1.34040				2
2025.10.21	01:34:07.402	1.34041	1.34045			6
2025.10.21	01:34:13.305	1.34040				2
2025.10.21	01:34:14.845	1.34041	1.34046			6
2025.10.21	01:34:15.156		1.34045			4
2025.10.21	01:34:16.393		1.34046			4
2025.10.21	01:34:17.952	1.34040	1.34045			6
2025.10.21	01:34:18.260	1.34041				2
2025.10.21	01:34:19.197	1.34040	1.34046			6
2025.10.21	01:34:20.131		1.34045			4
2025.10.21	01:34:22.307	1.34041				2
2025.10.21	01:34:31.339	1.34040	1.34044			6
2025.10.21	01:34:31.644	1.34041	1.34045			6
2025.10.21	01:34:32.570	1.34040	1.34044			6
2025.10.21	01:34:33.826	1.34041	1.34045			6
2025.10.21	01:34:34.146	1.34040				2
2025.10.21	01:34:37.255	1.34039				2
2025.10.21	01:34:39.119	1.34040				2
2025.10.21	01:34:41.289	1.34039				2
2025.10.21	01:34:42.223	1.34040				2
2025.10.21	01:34:45.334	1.34041				2
2025.10.21	01:34:47.229	1.34040	1.34044			6
2025.10.21	01:34:48.164		1.34045			4
2025.10.21	01:34:50.363		1.34044			4
2025.10.21	01:34:58.154	1.34041	1.34045			6
2025.10.21	01:35:00.027	1.34041				2
2025.10.21	01:35:03.418	1.34040	1.34044			6
2025.10.21	01:35:04.345		1.34045			4
2025.10.21	01:35:06.223	1.34038	1.34046			6
2025.10.21	01:35:07.156	1.34039				2
2025.10.21	01:35:08.099	1.34040				2
2025.10.21	01:35:09.356		1.34045			4
2025.10.21	01:35:10.306	1.34041				2
2025.10.21	01:35:12.808	1.34040	1.34044			6
2025.10.21	01:35:13.122	1.34039	1.34046			6
2025.10.21	01:35:14.370	1.34040	1.34045			6
2025.10.21	01:35:16.253		1.34044			4
2025.10.21	01:35:16.560	1.34041	1.34045			6
2025.10.21	01:35:17.183	1.34038				2
2025.10.21	01:35:19.650	1.34037	1.34043			6
2025.10.21	01:35:30.846		1.34044			4
2025.10.21	01:35:31.149		1.34043			4
2025.10.21	01:35:33.318		1.34044			4
2025.10.21	01:35:35.189	1.34038				2
2025.10.21	01:35:36.114		1.34043			4
2025.10.21	01:35:37.348	1.34039				2
2025.10.21	01:35:55.473	1.34038	1.34042			6
2025.10.21	01:35:56.083	1.34039	1.34043			6
2025.10.21	01:35:59.448	1.34038	1.34042			6
2025.10.21	01:36:00.067	1.34038				2
2025.10.21	01:36:05.891	1.34040	1.34044			6
2025.10.21	01:36:06.191	1.34038	1.34045			6
2025.10.21	01:36:09.585		1.34046			4
2025.10.21	01:36:14.226	1.34039				2
2025.10.21	01:36:14.856	1.34038				2
2025.10.21	01:36:22.323		1.34045			4
2025.10.21	01:36:23.268	1.34039	1.34044			6
2025.10.21	01:36:25.096		1.34043			4
2025.10.21	01:36:28.764	1.34040	1.34044			6
2025.10.21	01:36:29.987	1.34039	1.34043			6
2025.10.21	01:36:31.822	1.34040	1.34044			6
2025.10.21	01:36:37.040	1.34039	1.34043			6
2025.10.21	01:36:40.404	1.34040	1.34044			6
2025.10.21	01:36:46.549	1.34039	1.34043			6
2025.10.21	01:36:53.907	1.34040	1.34044			6
2025.10.21	01:36:57.591	1.34039	1.34043			6
2025.10.21	01:36:58.828	1.34040	1.34044			6
2025.10.21	01:37:00.193	1.34040				2
2025.10.21	01:37:03.563	1.34039	1.34043			6
2025.10.21	01:37:05.107	1.34041	1.34045			6
2025.10.21	01:37:06.342	1.34038	1.34046			6
2025.10.21	01:37:10.972		1.34045			4
2025.10.21	01:37:13.127	1.34039				2
2025.10.21	01:37:14.361	1.34040				2
2025.10.21	01:37:15.282	1.34041				2
2025.10.21	01:37:16.811	1.34045	1.34049			6
2025.10.21	01:37:18.342		1.34050			4
2025.10.21	01:37:30.079		1.34049			4
2025.10.21	01:37:41.418		1.34048			4
2025.10.21	01:37:50.903		1.34049			4
2025.10.21	01:37:52.744		1.34048			4
2025.10.21	01:37:56.418	1.34044				2
2025.10.21	01:37:59.791	1.34045				2
2025.10.21	01:38:00.092	1.34045	1.34049			6
2025.10.21	01:38:01.312		1.34048			4
2025.10.21	01:38:20.612		1.34047			4
2025.10.21	01:38:21.839		1.34048			4
2025.10.21	01:38:55.437	1.34042	1.34046			6
2025.10.21	01:38:57.308		1.34048			4
2025.10.21	01:38:57.938	1.34043				2
2025.10.21	01:39:00.099	1.34043				2
2025.10.21	01:39:05.358		1.34047			4
2025.10.21	01:39:30.227	1.34046	1.34048			6
2025.10.21	01:39:30.530	1.34045				2
2025.10.21	01:39:32.686		1.34047			4
2025.10.21	01:39:33.309	1.34046				2
2025.10.21	01:39:33.617	1.34045				2
2025.10.21	01:39:34.229		1.34048			4
2025.10.21	01:39:34.539		1.34047			4
2025.10.21	01:39:40.102	1.34044				2
2025.10.21	01:40:00.157	1.34044				2
2025.10.21	01:40:00.464	1.34046	1.34048			6
2025.10.21	01:40:00.780	1.34045	1.34047			6
2025.10.21	01:40:01.089	1.34046	1.34049			6
2025.10.21	01:40:13.116	1.34043	1.34048			6
2025.10.21	01:40:13.428	1.34042	1.34047			6
2025.10.21	01:40:13.738		1.34048			4
2025.10.21	01:40:22.159		1.34047			4
2025.10.21	01:40:25.221		1.34046			4
2025.10.21	01:40:29.811	1.34043	1.34047			6
2025.10.21	01:40:35.632	1.34042	1.34046			6
2025.10.21	01:40:40.218	1.34043				2
2025.10.21	01:40:42.047		1.34047			4
2025.10.21	01:41:00.119	1.34043				2
2025.10.21	01:41:02.261	1.34042	1.34046			6
2025.10.21	01:41:03.185		1.34048			4
2025.10.21	01:41:04.737		1.34047			4
2025.10.21	01:41:05.040	1.34043	1.34049			6
2025.10.21	01:41:05.345		1.34048			4
2025.10.21	01:41:06.285		1.34047			4
2025.10.21	01:41:07.208	1.34042				2
2025.10.21	01:41:09.366		1.34046			4
2025.10.21	01:41:15.179	1.34043				2
2025.10.21	01:41:15.481		1.34047			4
2025.10.21	01:41:18.240	1.34042				2
2025.10.21	01:41:19.174	1.34041	1.34049			6
2025.10.21	01:41:19.480		1.34048			4
2025.10.21	01:41:21.041		1.34049			4
2025.10.21	01:41:24.439		1.34048			4
2025.10.21	01:41:24.743	1.34042				2
2025.10.21	01:41:25.993	1.34043				2
2025.10.21	01:41:26.309		1.34047			4
2025.10.21	01:41:27.242		1.34046			4
2025.10.21	01:41:33.656		1.34047			4
2025.10.21	01:41:43.462		1.34048			4
2025.10.21	01:41:44.380		1.34049			4
2025.10.21	01:41:46.241		1.34048			4
2025.10.21	01:41:47.165		1.34047			4
2025.10.21	01:41:51.149		1.34048			4
2025.10.21	01:41:52.381		1.34049			4
2025.10.21	01:41:54.247		1.34048			4
2025.10.21	01:41:55.179		1.34047			4
2025.10.21	01:42:00.070	1.34043				2
2025.10.21	01:42:09.279	1.34044				2
2025.10.21	01:42:37.182		1.34048			4
2025.10.21	01:42:40.263		1.34047			4
2025.10.21	01:42:41.819	1.34043				2
2025.10.21	01:42:43.361	1.34044	1.34048			6
2025.10.21	01:42:43.670	1.34042				2
2025.10.21	01:42:46.146		1.34047			4
2025.10.21	01:42:47.379	1.34043				2
2025.10.21	01:42:50.156	1.34044				2
2025.10.21	01:42:53.213		1.34048			4
2025.10.21	01:42:53.837	1.34042				2
2025.10.21	01:43:00.092	1.34042				2
2025.10.21	01:43:02.585	1.34046	1.34049			6
2025.10.21	01:43:02.895		1.34052			4
2025.10.21	01:43:05.063		1.34053			4
2025.10.21	01:43:06.914	1.34047				2
2025.10.21	01:43:07.844	1.34049				2
2025.10.21	01:43:08.770	1.34048				2
2025.10.21	01:43:14.321	1.34043	1.34049			6
2025.10.21	01:43:14.623		1.34047			4
2025.10.21	01:43:16.173	1.34042				2
2025.10.21	01:43:16.482	1.34041				2
2025.10.21	01:43:21.417	1.34042				2
2025.10.21	01:43:25.116		1.34046			4
2025.10.21	01:43:25.727	1.34041				2
2025.10.21	01:43:27.261	1.34042				2
2025.10.21	01:43:33.991	1.34043	1.34047			6
2025.10.21	01:43:36.745	1.34042	1.34046			6
2025.10.21	01:43:38.916	1.34041	1.34045			6
2025.10.21	01:43:39.218	1.34046	1.34050			6
2025.10.21	01:43:39.520	1.34050	1.34054			6
2025.10.21	01:43:40.126	1.34049	1.34055			6
2025.10.21	01:43:46.321	1.34050	1.34054			6
2025.10.21	01:43:47.246	1.34051				2
2025.10.21	01:43:48.780		1.34056			4
2025.10.21	01:43:49.085	1.34056	1.34060			6
2025.10.21	01:43:49.388		1.34061			4
2025.10.21	01:43:57.134		1.34060			4
2025.10.21	01:44:00.192	1.34056				2
2025.10.21	01:44:02.042	1.34058	1.34062			6
2025.10.21	01:44:02.654	1.34057	1.34061			6
2025.10.21	01:44:07.858	1.34058				2
2025.10.21	01:44:10.935		1.34062			4
2025.10.21	01:44:21.343	1.34052	1.34056			6
2025.10.21	01:44:22.864	1.34051	1.34055			6
2025.10.21	01:44:23.168	1.34052	1.34056			6
2025.10.21	01:44:29.663	1.34053	1.34057			6
2025.10.21	01:44:30.276		1.34056			4
2025.10.21	01:44:30.581	1.34052				2
2025.10.21	01:44:32.738	1.34053	1.34057			6
2025.10.21	01:44:33.661	1.34054				2
2025.10.21	01:44:33.964	1.34055	1.34059			6
2025.10.21	01:44:43.490	1.34056				2
2025.10.21	01:44:45.020	1.34048	1.34051			6
2025.10.21	01:44:45.323	1.34043	1.34046			6
2025.10.21	01:44:45.629		1.34045			4
2025.10.21	01:44:46.254	1.34041				2
2025.10.21	01:44:46.558		1.34046			4
2025.10.21	01:44:52.112	1.34043	1.34049			6
2025.10.21	01:44:52.423	1.34044	1.34048			6
2025.10.21	01:44:57.046	1.34045	1.34049			6
2025.10.21	01:45:00.105	1.34045				2
2025.10.21	01:45:01.014		1.34048			4
2025.10.21	01:45:01.623	1.34044				2
2025.10.21	01:45:02.239	1.34045	1.34049			6
2025.10.21	01:45:03.780	1.34046	1.34050			6
2025.10.21	01:45:04.395	1.34045	1.34048			6
2025.10.21	01:45:04.696	1.34046	1.34050			6
2025.10.21	01:45:12.038		1.34049			4
2025.10.21	01:45:12.644	1.34045	1.34048			6
2025.10.21	01:45:12.945	1.34044	1.34047			6
2025.10.21	01:45:14.169	1.34043				2
2025.10.21	01:45:15.390		1.34046			4
2025.10.21	01:45:15.698	1.34042				2
2025.10.21	01:45:17.542	1.34041	1.34045			6
2025.10.21	01:45:40.870	1.34043	1.34047			6
2025.10.21	01:45:42.700	1.34044				2
2025.10.21	01:45:47.590	1.34043				2
2025.10.21	01:45:51.268	1.34044				2
2025.10.21	01:45:55.547	1.34046	1.34049			6
2025.10.21	01:45:56.455	1.34045				2
2025.10.21	01:45:56.761	1.34044	1.34047			6
2025.10.21	01:45:57.990		1.34048			4
2025.10.21	01:45:58.297	1.34043	1.34046			6
2025.10.21	01:46:00.146	1.34043				2
2025.10.21	01:46:04.456		1.34047			4
2025.10.21	01:46:04.758		1.34046			4
2025.10.21	01:46:13.707	1.34042				2
2025.10.21	01:46:16.794	1.34043	1.34047			6
2025.10.21	01:46:17.102	1.34047	1.34051			6
2025.10.21	01:46:17.405	1.34048	1.34052			6
2025.10.21	01:46:18.965	1.34049	1.34053			6
2025.10.21	01:46:20.513	1.34048				2
2025.10.21	01:46:20.821	1.34049	1.34054			6
2025.10.21	01:46:21.124	1.34051	1.34055			6
2025.10.21	01:46:21.441		1.34056			4
2025.10.21	01:46:31.318		1.34055			4
2025.10.21	01:46:35.613	1.34052	1.34056			6
2025.10.21	01:46:36.229	1.34051	1.34055			6
2025.10.21	01:46:49.737	1.34050	1.34054			6
2025.10.21	01:46:54.345	1.34051				2
2025.10.21	01:46:54.650	1.34050				2
2025.10.21	01:47:00.160	1.34050				2
2025.10.21	01:47:13.055	1.34051	1.34055			6
2025.10.21	01:47:20.749	1.34050	1.34054			6
2025.10.21	01:47:22.288	1.34051	1.34055			6
2025.10.21	01:47:41.805	1.34050	1.34054			6
2025.10.21	01:47:44.314	1.34051	1.34055			6
2025.10.21	01:47:59.523	1.34050	1.34054			6
2025.10.21	01:48:00.144	1.34046	1.34048			6
2025.10.21	01:48:00.450	1.34045	1.34047			6
2025.10.21	01:48:01.379		1.34048			4
2025.10.21	01:48:13.134		1.34047			4
2025.10.21	01:48:15.282	1.34044				2
2025.10.21	01:48:15.896	1.34045				2
2025.10.21	01:48:20.488	1.34046				2
2025.10.21	01:48:24.495	1.34045				2
2025.10.21	01:48:34.354	1.34046				2
2025.10.21	01:49:00.257	1.34046				2
2025.10.21	01:49:11.062		1.34048			4
2025.10.21	01:49:14.158		1.34047			4
2025.10.21	01:49:32.067		1.34048			4
2025.10.21	01:49:32.368		1.34047			4
2025.10.21	01:50:00.188	1.34046				2
2025.10.21	01:50:19.652	1.34044				2
2025.10.21	01:50:20.587		1.34048			4
2025.10.21	01:50:21.521		1.34047			4
2025.10.21	01:50:21.829		1.34048			4
2025.10.21	01:50:22.144		1.34049			4
2025.10.21	01:50:22.768	1.34046	1.34050			6
2025.10.21	01:50:23.070	1.34047	1.34051			6
2025.10.21	01:50:23.689	1.34046	1.34050			6
2025.10.21	01:50:23.996	1.34060	1.34063			6
2025.10.21	01:50:24.298	1.34062	1.34066			6
2025.10.21	01:50:24.602	1.34064	1.34068			6
2025.10.21	01:50:24.917		1.34067			4
2025.10.21	01:50:28.656	1.34063				2
2025.10.21	01:50:28.960	1.34064				2
2025.10.21	01:50:30.196	1.34061	1.34065			6
2025.10.21	01:50:39.174		1.34064			4
2025.10.21	01:50:40.727	1.34059	1.34062			6
2025.10.21	01:50:41.336	1.34058				2
2025.10.21	01:50:41.946	1.34059				2
2025.10.21	01:50:42.254	1.34058				2
2025.10.21	01:50:53.877	1.34057	1.34061			6
2025.10.21	01:50:54.192	1.34058	1.34062			6
2025.10.21	01:50:54.810	1.34057	1.34061			6
2025.10.21	01:51:00.076	1.34057				2
2025.10.21	01:51:00.683	1.34058				2
2025.10.21	01:51:16.068	1.34057				2
2025.10.21	01:51:17.308	1.34058	1.34062			6
2025.10.21	01:51:18.857	1.34060	1.34064			6
2025.10.21	01:51:19.174	1.34061				2
2025.10.21	01:51:23.837	1.34063				2
2025.10.21	01:51:24.138	1.34064	1.34068			6
2025.10.21	01:51:24.439	1.34065				2
2025.10.21	01:51:24.743		1.34069			4
2025.10.21	01:51:25.667		1.34070			4
2025.10.21	01:51:29.390		1.34069			4
2025.10.21	01:51:41.824	1.34063	1.34067			6
2025.10.21	01:51:43.073	1.34061	1.34064			6
2025.10.21	01:51:44.320	1.34060				2
2025.10.21	01:51:45.861	1.34059	1.34063			6
2025.10.21	01:51:46.478	1.34060				2
2025.10.21	01:51:46.788		1.34064			4
2025.10.21	01:51:53.344	1.34059	1.34060			6
2025.10.21	01:51:53.646	1.34050	1.34054			6
2025.10.21	01:51:54.285	1.34049	1.34056			6
2025.10.21	01:51:54.592	1.34048				2
2025.10.21	01:52:00.196	1.34048				2
2025.10.21	01:52:03.286		1.34055			4
2025.10.21	01:52:04.212	1.34049				2
2025.10.21	01:52:05.142	1.34050				2
2025.10.21	01:52:07.312		1.34054			4
2025.10.21	01:52:22.939	1.34047	1.34051			6
2025.10.21	01:52:26.303	1.34048	1.34052			6
2025.10.21	01:52:38.590	1.34043	1.34046			6
2025.10.21	01:52:38.902	1.34039	1.34043			6
2025.10.21	01:52:39.215	1.34038	1.34045			6
2025.10.21	01:52:40.144	1.34039				2
2025.10.21	01:52:40.455		1.34046			4
2025.10.21	01:52:40.764		1.34045			4
2025.10.21	01:52:42.952	1.34043	1.34048			6
2025.10.21	01:52:43.574		1.34047			4
2025.10.21	01:52:44.501		1.34048			4
2025.10.21	01:52:44.819		1.34047			4
2025.10.21	01:52:49.478	1.34044				2
2025.10.21	01:52:50.094	1.34043				2
2025.10.21	01:52:51.339	1.34044				2
2025.10.21	01:52:53.788		1.34048			4
2025.10.21	01:52:56.884	1.34045				2
2025.10.21	01:52:57.198	1.34044				2
2025.10.21	01:53:00.253	1.34046	1.34049			6
2025.10.21	01:53:34.577		1.34048			4
2025.10.21	01:53:37.967	1.34045				2
2025.10.21	01:53:38.898	1.34046	1.34049			6
2025.10.21	01:53:39.209	1.34045	1.34048			6
2025.10.21	01:53:40.752	1.34046	1.34049			6
2025.10.21	01:53:41.370	1.34045	1.34048			6
2025.10.21	01:53:46.934	1.34046	1.34049			6
2025.10.21	01:54:00.069	1.34046				2
2025.10.21	01:54:21.401	1.34043	1.34046			6
2025.10.21	01:54:21.704		1.34047			4
2025.10.21	01:54:23.892	1.34044	1.34048			6
2025.10.21	01:54:31.618	1.34046	1.34049			6
2025.10.21	01:54:37.822		1.34050			4
2025.10.21	01:54:54.684		1.34049			4
2025.10.21	01:55:00.012	1.34046				2
2025.10.21	01:55:17.444	1.34050	1.34053			6
2025.10.21	01:55:17.745	1.34051	1.34054			6
2025.10.21	01:55:19.917	1.34054	1.34057			6
2025.10.21	01:55:20.539		1.34058			4
2025.10.21	01:55:21.156		1.34057			4
2025.10.21	01:55:25.170		1.34059			4
2025.10.21	01:55:26.398		1.34058			4
2025.10.21	01:55:30.739	1.34052	1.34057			6
2025.10.21	01:55:31.984	1.34054				2
2025.10.21	01:55:34.459	1.34058	1.34059			6
2025.10.21	01:55:36.313	1.34053	1.34057			6
2025.10.21	01:55:36.629		1.34056			4
2025.10.21	01:55:48.345	1.34048	1.34049			6
2025.10.21	01:55:48.652		1.34052			4
2025.10.21	01:55:49.257		1.34051			4
2025.10.21	01:55:55.504		1.34052			4
2025.10.21	01:55:56.129		1.34051			4
2025.10.21	01:56:00.125	1.34048	1.34052			6
2025.10.21	01:56:09.942	1.34049				2
2025.10.21	01:56:10.860		1.34053			4
2025.10.21	01:56:11.479		1.34051			4
2025.10.21	01:56:13.310		1.34053			4
2025.10.21	01:56:15.153		1.34052			4
2025.10.21	01:56:16.076		1.34053			4
2025.10.21	01:56:21.907		1.34052			4
2025.10.21	01:56:27.105		1.34053			4
2025.10.21	01:56:27.408		1.34052			4
2025.10.21	01:56:28.941		1.34051			4
2025.10.21	01:56:39.056	1.34048	1.34049			6
2025.10.21	01:56:40.270		1.34050			4
2025.10.21	01:56:42.432		1.34051			4
2025.10.21	01:56:42.737		1.34052			4
2025.10.21	01:56:44.600	1.34049				2
2025.10.21	01:56:46.135		1.34051			4
2025.10.21	01:56:56.882		1.34052			4
2025.10.21	01:57:00.269	1.34049				2
2025.10.21	01:57:14.336		1.34051			4
2025.10.21	01:57:15.861		1.34052			4
2025.10.21	01:57:16.785		1.34051			4
2025.10.21	01:57:17.398	1.34048				2
2025.10.21	01:57:20.451		1.34052			4
2025.10.21	01:57:22.284		1.34051			4
2025.10.21	01:57:25.346	1.34047	1.34049			6
2025.10.21	01:57:26.589		1.34050			4
2025.10.21	01:57:29.066		1.34049			4
2025.10.21	01:57:29.992		1.34050			4
2025.10.21	01:57:30.607	1.34043	1.34046			6
2025.10.21	01:57:30.915	1.34042				2
2025.10.21	01:57:41.744	1.34043				2
2025.10.21	01:57:42.052	1.34042	1.34047			6
2025.10.21	01:57:46.349		1.34046			4
2025.10.21	01:57:47.263	1.34043				2
2025.10.21	01:57:51.574	1.34044				2
2025.10.21	01:57:54.334		1.34047			4
2025.10.21	01:58:00.165	1.34041	1.34044			6
2025.10.21	01:58:00.467	1.34039	1.34043			6
2025.10.21	01:58:01.377	1.34037	1.34042			6
2025.10.21	01:58:02.937	1.34038				2
2025.10.21	01:58:03.861	1.34037				2
2025.10.21	01:58:05.100		1.34041			4
2025.10.21	01:58:15.256	1.34038				2
2025.10.21	01:58:18.321		1.34042			4
2025.10.21	01:58:31.190	1.34039	1.34043			6
2025.10.21	01:58:40.056		1.34042			4
2025.10.21	01:58:40.363		1.34043			4
2025.10.21	01:58:40.672		1.34042			4
2025.10.21	01:58:41.277	1.34038				2
2025.10.21	01:58:48.002	1.34037	1.34040			6
2025.10.21	01:58:48.311	1.34038				2
2025.10.21	01:58:48.622	1.34037				2
2025.10.21	01:58:49.243	1.34038	1.34042			6
2025.10.21	01:58:49.547		1.34043			4
2025.10.21	01:58:56.307		1.34042			4
2025.10.21	01:58:56.612		1.34041			4
2025.10.21	01:58:58.143		1.34042			4
2025.10.21	01:59:00.291	1.34038	1.34041			6
2025.10.21	01:59:09.787		1.34042			4
2025.10.21	01:59:21.132		1.34041			4
2025.10.21	01:59:24.202		1.34042			4
2025.10.21	01:59:36.508	1.34039	1.34043			6
2025.10.21	01:59:44.221	1.34043	1.34045			6
2025.10.21	01:59:44.524		1.34047			4
2025.10.21	01:59:45.141		1.34048			4
2025.10.21	01:59:49.479		1.34047			4
2025.10.21	01:59:51.342	1.34039	1.34044			6
2025.10.21	01:59:51.966		1.34045			4
2025.10.21	01:59:55.369		1.34046			4
2025.10.21	01:59:55.681		1.34045			4
2025.10.21	01:59:56.290	1.34038	1.34044			6
2025.10.21	02:00:00.007	1.34038				2
2025.10.21	02:00:00.626	1.34039				2
2025.10.21	02:00:00.936	1.34038				2
2025.10.21	02:00:01.245	1.34039				2
2025.10.21	02:00:02.164	1.34040	1.34045			6
2025.10.21	02:00:05.255		1.34044			4
2025.10.21	02:00:06.180	1.34034	1.34038			6
2025.10.21	02:00:07.091	1.34033				2
2025.10.21	02:00:14.225	1.34032				2
2025.10.21	02:00:17.303		1.34037			4
2025.10.21	02:00:19.150		1.34036			4
2025.10.21	02:00:21.596	1.34037	1.34040			6
2025.10.21	02:00:22.210		1.34041			4
2025.10.21	02:00:26.226		1.34040			4
2025.10.21	02:00:28.373		1.34039			4
2025.10.21	02:00:29.294	1.34038	1.34040			6
2025.10.21	02:00:29.599		1.34041			4
2025.10.21	02:00:37.258		1.34042			4
2025.10.21	02:00:40.018	1.34037	1.34041			6
2025.10.21	02:00:40.322	1.34038				2
2025.10.21	02:00:41.544		1.34042			4
2025.10.21	02:00:58.641		1.34041			4
2025.10.21	02:00:58.944		1.34042			4
2025.10.21	02:01:00.182	1.34038				2
2025.10.21	02:01:01.710		1.34041			4
2025.10.21	02:01:02.929		1.34042			4
2025.10.21	02:01:09.991		1.34041			4
2025.10.21	02:01:10.909		1.34042			4
2025.10.21	02:01:11.521		1.34041			4
2025.10.21	02:01:11.830		1.34042			4
2025.10.21	02:01:14.900	1.34037	1.34041			6
2025.10.21	02:01:16.120	1.34038	1.34042			6
2025.10.21	02:01:32.076		1.34040			4
2025.10.21	02:01:33.328		1.34041			4
2025.10.21	02:01:34.875	1.34037				2
2025.10.21	02:01:35.187	1.34034	1.34038			6
2025.10.21	02:01:36.129	1.34033	1.34039			6
2025.10.21	02:01:38.281	1.34035	1.34040			6
2025.10.21	02:01:40.124		1.34037			4
2025.10.21	02:01:40.429	1.34032				2
2025.10.21	02:01:41.356		1.34035			4
2025.10.21	02:01:43.514		1.34036			4
2025.10.21	02:01:50.632		1.34035			4
2025.10.21	02:01:57.688	1.34030	1.34034			6
2025.10.21	02:01:57.993		1.34033			4
2025.10.21	02:01:58.300		1.34034			4
2025.10.21	02:01:59.243		1.34033			4
2025.10.21	02:02:00.158	1.34030				2
2025.10.21	02:02:00.828	1.34032	1.34035			6
2025.10.21	02:02:01.134		1.34037			4
2025.10.21	02:02:01.863	1.34035	1.34038			6
2025.10.21	02:02:02.166		1.34040			4
2025.10.21	02:02:06.218		1.34041			4
2025.10.21	02:02:12.378		1.34040			4
2025.10.21	02:02:14.212	1.34036				2
2025.10.21	02:02:15.436	1.34039	1.34043			6
2025.10.21	02:02:16.356	1.34038	1.34044			6
2025.10.21	02:02:19.140		1.34043			4
2025.10.21	02:02:20.359	1.34039				2
2025.10.21	02:02:26.471	1.34040	1.34044			6
2025.10.21	02:02:27.380	1.34039	1.34043			6
2025.10.21	02:02:29.828	1.34038	1.34042			6
2025.10.21	02:02:35.666	1.34037	1.34041			6
2025.10.21	02:02:35.968	1.34038	1.34042			6
2025.10.21	02:02:39.326	1.34037	1.34041			6
2025.10.21	02:02:39.934	1.34031	1.34032			6
2025.10.21	02:02:40.237	1.34027	1.34031			6
2025.10.21	02:02:41.159		1.34032			4
2025.10.21	02:02:55.082		1.34031			4
2025.10.21	02:03:00.296	1.34027				2
2025.10.21	02:03:02.145	1.34028				2
2025.10.21	02:03:05.822		1.34032			4
2025.10.21	02:03:15.941	1.34029	1.34033			6
2025.10.21	02:03:16.244	1.34028	1.34032			6
2025.10.21	02:03:25.752	1.34029				2
2025.10.21	02:03:26.365	1.34028				2
2025.10.21	02:03:28.512	1.34029				2
2025.10.21	02:03:28.817	1.34028				2
2025.10.21	02:03:37.386	1.34029				2
2025.10.21	02:03:40.749		1.34033			4
2025.10.21	02:03:43.500	1.34030	1.34034			6
2025.10.21	02:03:54.219		1.34033			4
2025.10.21	02:03:55.136		1.34034			4
2025.10.21	02:03:58.215	1.34036	1.34040			6
2025.10.21	02:04:00.089	1.34036				2
2025.10.21	02:04:00.408	1.34038	1.34044			6
2025.10.21	02:04:02.274	1.34039				2
2025.10.21	02:04:03.203	1.34038				2
2025.10.21	02:04:03.508		1.34043			4
2025.10.21	02:04:13.155		1.34042			4
2025.10.21	02:04:13.764	1.34039	1.34043			6
2025.10.21	02:04:14.677	1.34038	1.34042			6
2025.10.21	02:04:15.888	1.34037	1.34041			6
2025.10.21	02:04:17.106	1.34038	1.34042			6
2025.10.21	02:04:21.404	1.34037	1.34041			6
2025.10.21	02:04:22.324	1.34038	1.34042			6
2025.10.21	02:04:26.010	1.34037	1.34041			6
2025.10.21	02:04:26.619	1.34040	1.34044			6
2025.10.21	02:04:26.936	1.34039	1.34043			6
2025.10.21	02:04:29.721	1.34042	1.34046			6
2025.10.21	02:04:30.025	1.34041	1.34044			6
2025.10.21	02:04:30.948		1.34045			4
2025.10.21	02:04:53.065	1.34043	1.34047			6
2025.10.21	02:04:53.367	1.34042				2
2025.10.21	02:04:53.993	1.34043				2
2025.10.21	02:04:54.298	1.34042				2
2025.10.21	02:04:55.230	1.34043				2
2025.10.21	02:04:55.840	1.34044	1.34048			6
2025.10.21	02:04:56.144	1.34043				2
2025.10.21	02:04:56.445	1.34042	1.34047			6
2025.10.21	02:04:57.366	1.34043				2
2025.10.21	02:04:57.670	1.34037	1.34051			6
2025.10.21	02:04:59.250	1.34038				2
2025.10.21	02:04:59.568	1.34036	1.34049			6
2025.10.21	02:04:59.888	1.34037	1.34050			6
2025.10.21	02:05:00.195	1.34039	1.34051			6
2025.10.21	02:05:01.128		1.34050			4
2025.10.21	02:05:01.436	1.34041	1.34046			6
2025.10.21	02:05:02.667	1.34042				2
2025.10.21	02:05:03.275		1.34047			4
2025.10.21	02:05:04.843	1.34041	1.34045			6
2025.10.21	02:05:06.758	1.34040				2
2025.10.21	02:05:08.926		1.34044			4
2025.10.21	02:05:35.294	1.34035	1.34039			6
2025.10.21	02:05:35.600	1.34031	1.34035			6
2025.10.21	02:05:36.211	1.34030				2
2025.10.21	02:05:37.758	1.34029				2
2025.10.21	02:05:49.283		1.34034			4
2025.10.21	02:05:51.135	1.34030				2
2025.10.21	02:05:52.061	1.34031	1.34035			6
2025.10.21	02:06:00.112	1.34031				2
2025.10.21	02:06:07.448	1.34033	1.34037			6
2025.10.21	02:06:08.669	1.34034	1.34038			6
2025.10.21	02:06:26.468	1.34032	1.34036			6
2025.10.21	02:06:26.770	1.34033	1.34037			6
2025.10.21	02:06:28.309	1.34034	1.34038			6
2025.10.21	02:06:29.535	1.34033	1.34037			6
2025.10.21	02:06:30.461	1.34034	1.34038			6
2025.10.21	02:06:38.724	1.34035	1.34039			6
2025.10.21	02:06:42.093	1.34036	1.34040			6
2025.10.21	02:06:51.644	1.34031	1.34035			6
2025.10.21	02:06:53.195	1.34029	1.34036			6
2025.10.21	02:06:55.964	1.34030				2
2025.10.21	02:06:56.894	1.34029				2
2025.10.21	02:07:00.290	1.34029				2
2025.10.21	02:07:02.140		1.34035			4
2025.10.21	02:07:03.370	1.34030				2
2025.10.21	02:07:05.217		1.34034			4
2025.10.21	02:07:15.941	1.34032	1.34035			6
2025.10.21	02:07:17.488		1.34036			4
2025.10.21	02:07:25.773		1.34035			4
2025.10.21	02:07:29.145	1.34031				2
2025.10.21	02:07:33.427	1.34032				2
2025.10.21	02:07:50.050	1.34030	1.34034			6
2025.10.21	02:07:55.280	1.34031	1.34035			6
2025.10.21	02:08:00.190	1.34031				2
2025.10.21	02:08:09.739	1.34036	1.34040			6
2025.10.21	02:08:11.287	1.34035	1.34041			6
2025.10.21	02:08:23.102	1.34036				2
2025.10.21	02:08:25.290		1.34040			4
2025.10.21	02:08:44.906	1.34035	1.34039			6
2025.10.21	02:08:45.212	1.34036	1.34040			6
2025.10.21	02:08:58.734	1.34035	1.34039			6
2025.10.21	02:09:00.090	1.34035				2
2025.10.21	02:09:00.708	1.34036	1.34040			6
2025.10.21	02:09:01.331		1.34039			4
2025.10.21	02:09:09.703	1.34035				2
2025.10.21	02:09:10.323	1.34036				2
2025.10.21	02:09:13.469		1.34040			4
2025.10.21	02:09:23.661	1.34037	1.34041			6
2025.10.21	02:09:41.061	1.34036	1.34040			6
2025.10.21	02:10:00.250	1.34036				2
2025.10.21	02:10:03.349		1.34039			4
2025.10.21	02:10:04.266		1.34040			4
2025.10.21	02:10:06.118		1.34041			4
2025.10.21	02:10:10.122		1.34042			4
2025.10.21	02:10:11.348		1.34041			4
2025.10.21	02:10:15.352		1.34040			4
2025.10.21	02:10:25.255		1.34039			4
2025.10.21	02:10:26.178		1.34040			4
2025.10.21	02:10:27.103		1.34039			4
2025.10.21	02:10:37.026		1.34040			4
2025.10.21	02:10:37.332	1.34037	1.34041			6
2025.10.21	02:10:37.650	1.34036	1.34040			6
2025.10.21	02:10:38.268		1.34042			4
2025.10.21	02:10:38.575	1.34035				2
2025.10.21	02:10:43.217		1.34041			4
2025.10.21	02:10:44.138	1.34036				2
2025.10.21	02:10:46.289		1.34040			4
2025.10.21	02:10:48.141		1.34041			4
2025.10.21	02:10:50.317		1.34042			4
2025.10.21	02:10:56.191	1.34037				2
2025.10.21	02:10:56.509		1.34041			4
2025.10.21	02:10:57.125		1.34043			4
2025.10.21	02:11:00.220	1.34037				2
2025.10.21	02:11:01.142		1.34042			4
2025.10.21	02:11:02.688		1.34041			4
2025.10.21	02:11:03.310		1.34043			4
2025.10.21	02:11:07.307		1.34042			4
2025.10.21	02:11:08.235		1.34041			4
2025.10.21	02:11:45.094	1.34038	1.34042			6
2025.10.21	02:12:00.230	1.34038				2
2025.10.21	02:12:07.316	1.34037	1.34041			6
2025.10.21	02:12:07.938	1.34033	1.34037			6
2025.10.21	02:12:08.245		1.34038			4
2025.10.21	02:12:09.478	1.34034				2
2025.10.21	02:12:12.255	1.34035				2
2025.10.21	02:12:39.604	1.34033	1.34037			6
2025.10.21	02:12:39.909	1.34036	1.34040			6
2025.10.21	02:12:58.621	1.34037	1.34041			6
2025.10.21	02:13:00.156	1.34037				2
2025.10.21	02:13:30.876	1.34036	1.34040			6
2025.10.21	02:13:35.836	1.34037	1.34041			6
2025.10.21	02:13:36.146	1.34035	1.34043			6
2025.10.21	02:13:39.233	1.34036				2
2025.10.21	02:13:40.161		1.34042			4
2025.10.21	02:13:41.090	1.34037				2
2025.10.21	02:13:43.253		1.34041			4
2025.10.21	02:14:00.255	1.34037				2
2025.10.21	02:14:15.480	1.34039	1.34043			6
2025.10.21	02:14:17.341	1.34038	1.34045			6
2025.10.21	02:14:19.195		1.34044			4
2025.10.21	02:14:28.197	1.34039	1.34045			6
2025.10.21	02:14:28.516	1.34038	1.34044			6
2025.10.21	02:14:28.817		1.34045			4
2025.10.21	02:14:29.119		1.34044			4
2025.10.21	02:14:31.286		1.34043			4
2025.10.21	02:14:33.140	1.34039				2
2025.10.21	02:14:39.904	1.34037	1.34041			6
2025.10.21	02:14:41.128	1.34036	1.34043			6
2025.10.21	02:14:46.386		1.34042			4
2025.10.21	02:14:47.316	1.34037				2
2025.10.21	02:14:48.238		1.34041			4
2025.10.21	02:15:00.189	1.34036	1.34040			6
2025.10.21	02:15:00.490	1.34037	1.34041			6
2025.10.21	02:15:01.113	1.34036				2
2025.10.21	02:15:01.732	1.34037	1.34042			6
2025.10.21	02:15:02.356		1.34043			4
2025.10.21	02:15:05.163		1.34042			4
2025.10.21	02:15:07.333		1.34041			4
2025.10.21	02:15:10.689	1.34038	1.34042			6
2025.10.21	02:15:34.263	1.34037	1.34044			6
2025.10.21	02:15:40.759	1.34038				2
2025.10.21	02:15:41.074	1.34037	1.34043			6
2025.10.21	02:15:47.280		1.34042			4
2025.10.21	02:15:48.206	1.34038	1.34043			6
2025.10.21	02:15:50.355		1.34042			4
2025.10.21	02:16:00.344	1.34038				2
2025.10.21	02:16:12.936	1.34043	1.34044			6
2025.10.21	02:16:13.240	1.34044	1.34047			6
2025.10.21	02:16:13.857	1.34041	1.34045			6
2025.10.21	02:16:14.163	1.34040	1.34044			6
2025.10.21	02:16:14.470	1.34037	1.34043			6
2025.10.21	02:16:20.352	1.34038	1.34044			6
2025.10.21	02:16:24.067	1.34037	1.34043			6
2025.10.21	02:16:26.232	1.34038				2
2025.10.21	02:16:27.454		1.34042			4
2025.10.21	02:16:27.755		1.34043			4
2025.10.21	02:16:29.287		1.34042			4
2025.10.21	02:16:31.136	1.34039	1.34043			6
2025.10.21	02:16:45.230	1.34040	1.34044			6
2025.10.21	02:16:49.808	1.34041	1.34045			6
2025.10.21	02:16:50.114	1.34040	1.34044			6
2025.10.21	02:16:50.735	1.34041	1.34045			6
2025.10.21	02:16:52.275	1.34040	1.34044			6
2025.10.21	02:17:00.219	1.34040				2
2025.10.21	02:17:16.148	1.34042	1.34045			6
2025.10.21	02:17:16.450	1.34041				2
2025.10.21	02:17:17.374	1.34042				2
2025.10.21	02:17:17.686		1.34046			4
2025.10.21	02:17:25.971	1.34039	1.34043			6
2025.10.21	02:17:27.208		1.34045			4
2025.10.21	02:17:29.387	1.34030	1.34034			6
2025.10.21	02:17:29.696	1.34029	1.34035			6
2025.10.21	02:17:30.327		1.34034			4
2025.10.21	02:17:37.480	1.34030	1.34035			6
2025.10.21	02:17:37.785	1.34031				2
2025.10.21	02:17:39.936	1.34035	1.34040			6
2025.10.21	02:17:40.560		1.34041			4
2025.10.21	02:17:43.668	1.34036	1.34042			6
2025.10.21	02:17:45.208		1.34041			4
2025.10.21	02:17:46.744		1.34040			4
2025.10.21	02:17:47.660		1.34041			4
2025.10.21	02:17:49.198		1.34040			4
2025.10.21	02:17:49.811	1.34037	1.34041			6
2025.10.21	02:18:00.198	1.34038				2
2025.10.21	02:18:02.030	1.34039	1.34042			6
2025.10.21	02:18:04.473		1.34041			4
2025.10.21	02:18:13.968	1.34038				2
2025.10.21	02:18:15.190		1.34042			4
2025.10.21	02:18:20.708	1.34037	1.34041			6
2025.10.21	02:18:25.591	1.34038				2
2025.10.21	02:18:25.900	1.34036	1.34037			6
2025.10.21	02:18:26.202	1.34033				2
2025.10.21	02:18:28.972	1.34032				2
2025.10.21	02:18:31.137		1.34036			4
2025.10.21	02:18:34.810	1.34031	1.34034			6
2025.10.21	02:18:35.118	1.34030				2
2025.10.21	02:18:36.943	1.34029	1.34033			6
2025.10.21	02:18:37.860	1.34030				2
2025.10.21	02:18:38.776	1.34029				2
2025.10.21	02:18:39.089	1.34030	1.34034			6
2025.10.21	02:18:41.844		1.34033			4
2025.10.21	02:18:43.362	1.34029				2
2025.10.21	02:18:46.119	1.34030				2
2025.10.21	02:18:46.428	1.34029				2
2025.10.21	02:18:49.526	1.34030	1.34034			6
2025.10.21	02:18:51.413	1.34029	1.34033			6
2025.10.21	02:18:51.716	1.34030				2
2025.10.21	02:18:52.327		1.34034			4
2025.10.21	02:19:00.109	1.34030				2
2025.10.21	02:19:02.929	1.34032	1.34036			6
2025.10.21	02:19:03.861	1.34033	1.34037			6
2025.10.21	02:19:04.176	1.34032				2
2025.10.21	02:19:05.115		1.34036			4
2025.10.21	02:19:06.349	1.34031	1.34035			6
2025.10.21	02:19:07.275		1.34036			4
2025.10.21	02:19:09.157	1.34032				2
2025.10.21	02:19:17.853	1.34031	1.34035			6
2025.10.21	02:19:22.513	1.34032	1.34036			6
2025.10.21	02:19:26.280	1.34031	1.34035			6
2025.10.21	02:19:26.899	1.34032				2
2025.10.21	02:19:27.204		1.34036			4
2025.10.21	02:19:28.771	1.34033	1.34037			6
2025.10.21	02:19:33.422	1.34032	1.34036			6
2025.10.21	02:19:36.510	1.34033				2
2025.10.21	02:19:36.818	1.34032				2
2025.10.21	02:19:41.477	1.34033				2
2025.10.21	02:19:43.650	1.34040	1.34043			6
2025.10.21	02:19:43.958	1.34039				2
2025.10.21	02:19:44.262		1.34045			4
2025.10.21	02:19:45.190	1.34040				2
2025.10.21	02:19:45.810	1.34039				2
2025.10.21	02:19:47.359	1.34040				2
2025.10.21	02:19:53.847		1.34044			4
2025.10.21	02:19:54.788	1.34041				2
2025.10.21	02:19:55.104	1.34040				2
2025.10.21	02:19:56.960		1.34045			4
2025.10.21	02:19:57.266		1.34044			4
2025.10.21	02:20:00.043	1.34040				2
2025.10.21	02:20:02.800	1.34042	1.34046			6
2025.10.21	02:20:03.119	1.34040	1.34044			6
2025.10.21	02:20:04.341		1.34045			4
2025.10.21	02:20:06.209		1.34044			4
2025.10.21	02:20:16.334	1.34039	1.34043			6
2025.10.21	02:20:18.795	1.34038	1.34042			6
2025.10.21	02:20:19.709	1.34039				2
2025.10.21	02:20:20.928		1.34043			4
2025.10.21	02:20:25.512	1.34040	1.34044			6
2025.10.21	02:20:25.814	1.34039	1.34043			6
2025.10.21	02:20:45.286	1.34040	1.34044			6
2025.10.21	02:21:00.138	1.34040				2
2025.10.21	02:21:05.368	1.34039	1.34043			6
2025.10.21	02:21:17.715	1.34040	1.34044			6
2025.10.21	02:21:19.890	1.34039	1.34043			6
2025.10.21	02:21:21.151		1.34042			4
2025.10.21	02:21:29.884	1.34038	1.34039			6
2025.10.21	02:21:30.192	1.34033	1.34037			6
2025.10.21	02:21:30.506	1.34032				2
2025.10.21	02:21:34.227	1.34035	1.34039			6
2025.10.21	02:21:34.535		1.34040			4
2025.10.21	02:21:40.093	1.34036				2
2025.10.21	02:21:42.568		1.34041			4
2025.10.21	02:21:46.309	1.34037				2
2025.10.21	02:21:48.148	1.34039	1.34044			6
2025.10.21	02:21:49.390	1.34040				2
2025.10.21	02:22:00.107	1.34040				2
2025.10.21	02:22:08.386	1.34041				2
2025.10.21	02:22:08.996		1.34045			4
2025.10.21	02:22:13.886	1.34043				2
2025.10.21	02:22:14.187	1.34045	1.34048			6
2025.10.21	02:22:20.973	1.34042	1.34046			6
2025.10.21	02:22:21.283	1.34043	1.34047			6
2025.10.21	02:22:23.748	1.34042				2
2025.10.21	02:22:24.050	1.34043				2
2025.10.21	02:22:43.534	1.34044				2
2025.10.21	02:22:49.742		1.34048			4
2025.10.21	02:22:55.307		1.34047			4
2025.10.21	02:23:00.263	1.34044				2
2025.10.21	02:23:03.480		1.34048			4
2025.10.21	02:23:20.096	1.34043				2
2025.10.21	02:23:21.636	1.34044				2
2025.10.21	02:23:24.709	1.34043	1.34047			6
2025.10.21	02:23:25.019	1.34044				2
2025.10.21	02:23:28.095	1.34043				2
2025.10.21	02:23:36.097	1.34044				2
2025.10.21	02:23:36.400	1.34043				2
2025.10.21	02:23:37.930	1.34044				2
2025.10.21	02:23:38.855	1.34043				2
2025.10.21	02:24:00.067	1.34043				2
2025.10.21	02:24:08.088	1.34045				2
2025.10.21	02:24:24.094		1.34048			4
2025.10.21	02:24:45.690	1.34044	1.34047			6
2025.10.21	02:24:53.730	1.34043				2
2025.10.21	02:25:00.192	1.34043				2
2025.10.21	02:25:01.727		1.34046			4
2025.10.21	02:25:02.039		1.34047			4
2025.10.21	02:25:03.290		1.34048			4
2025.10.21	02:25:05.156		1.34047			4
2025.10.21	02:25:19.093		1.34046			4
2025.10.21	02:25:22.155	1.34044	1.34047			6
2025.10.21	02:25:23.380		1.34048			4
2025.10.21	02:25:24.305	1.34045	1.34049			6
2025.10.21	02:25:33.261		1.34048			4
2025.10.21	02:25:34.496	1.34044				2
2025.10.21	02:25:38.226		1.34047			4
2025.10.21	02:25:49.565		1.34048			4
2025.10.21	02:25:51.740	1.34045				2
2025.10.21	02:26:00.023	1.34045				2
2025.10.21	02:26:00.324		1.34049			4
2025.10.21	02:26:03.077		1.34048			4
2025.10.21	02:26:04.304		1.34049			4
2025.10.21	02:26:06.140		1.34048			4
2025.10.21	02:26:13.185	1.34043	1.34047			6
2025.10.21	02:26:26.352	1.34044				2
2025.10.21	02:26:30.675		1.34048			4
2025.10.21	02:26:32.230	1.34045				2
2025.10.21	02:26:33.780	1.34043	1.34047			6
2025.10.21	02:26:34.711	1.34044	1.34048			6
2025.10.21	02:26:35.320	1.34045				2
2025.10.21	02:26:36.879	1.34044	1.34049			6
2025.10.21	02:26:39.351	1.34045	1.34048			6
2025.10.21	02:26:40.270		1.34049			4
2025.10.21	02:26:41.808	1.34044	1.34048			6
2025.10.21	02:26:42.427	1.34045	1.34049			6
2025.10.21	02:26:44.288	1.34044	1.34047			6
2025.10.21	02:26:52.332		1.34048			4
2025.10.21	02:26:53.569	1.34042	1.34046			6
2025.10.21	02:26:56.962		1.34045			4
2025.10.21	02:26:57.587	1.34041				2
2025.10.21	02:27:00.054	1.34041				2
2025.10.21	02:27:02.300	1.34042				2
2025.10.21	02:27:03.229		1.34046			4
2025.10.21	02:27:08.166		1.34045			4
2025.10.21	02:27:17.972	1.34041				2
2025.10.21	02:27:37.621	1.34042				2
2025.10.21	02:27:38.534	1.34041				2
2025.10.21	02:27:40.358	1.34042				2
2025.10.21	02:27:42.196	1.34041				2
2025.10.21	02:27:43.115	1.34042				2
2025.10.21	02:27:49.236	1.34043	1.34046			6
2025.10.21	02:27:51.075	1.34042				2
2025.10.21	02:27:52.321		1.34045			4
2025.10.21	02:27:52.627	1.34041				2
2025.10.21	02:27:58.737	1.34042				2
2025.10.21	02:27:59.039	1.34041				2
2025.10.21	02:28:00.260	1.34041				2
2025.10.21	02:28:05.812	1.34042	1.34046			6
2025.10.21	02:28:08.880	1.34041	1.34045			6
2025.10.21	02:28:09.191		1.34046			4
2025.10.21	02:28:10.120	1.34042				2
2025.10.21	02:28:11.386		1.34047			4
2025.10.21	02:28:13.233		1.34046			4
2025.10.21	02:28:16.336	1.34041	1.34045			6
2025.10.21	02:28:18.166		1.34046			4
2025.10.21	02:28:25.350		1.34045			4
2025.10.21	02:28:37.324	1.34039	1.34042			6
2025.10.21	02:28:39.173		1.34043			4
2025.10.21	02:28:40.109	1.34037	1.34042			6
2025.10.21	02:28:40.418	1.34038				2
2025.10.21	02:28:54.010	1.34037				2
2025.10.21	02:28:54.311	1.34038	1.34041			6
2025.10.21	02:29:00.152	1.34038				2
2025.10.21	02:29:04.130	1.34036	1.34040			6
2025.10.21	02:29:04.437	1.34038	1.34041			6
2025.10.21	02:29:05.665		1.34042			4
2025.10.21	02:29:06.887		1.34041			4
2025.10.21	02:29:08.126		1.34042			4
2025.10.21	02:29:11.498		1.34041			4
2025.10.21	02:29:14.560		1.34042			4
2025.10.21	02:29:16.713		1.34041			4
2025.10.21	02:29:29.310	1.34037				2
2025.10.21	02:29:32.362	1.34038				2
2025.10.21	02:29:32.981	1.34035	1.34039			6
2025.10.21	02:29:33.282	1.34032	1.34036			6
2025.10.21	02:29:34.196		1.34038			4
2025.10.21	02:29:36.363		1.34037			4
2025.10.21	02:29:42.520	1.34031				2
2025.10.21	02:29:43.762	1.34032				2
2025.10.21	02:29:47.136	1.34038	1.34042			6
2025.10.21	02:29:59.233		1.34041			4
2025.10.21	02:29:59.533		1.34042			4
2025.10.21	02:30:00.138	1.34038				2
2025.10.21	02:30:00.442	1.34037	1.34040			6
2025.10.21	02:30:00.744	1.34036	1.34039			6
2025.10.21	02:30:05.947	1.34035				2
2025.10.21	02:30:11.773	1.34036				2
2025.10.21	02:30:17.905	1.34032	1.34036			6
2025.10.21	02:30:19.129	1.34031	1.34037			6
2025.10.21	02:30:21.268	1.34032				2
2025.10.21	02:30:23.438	1.34033				2
2025.10.21	02:30:23.741	1.34036	1.34040			6
2025.10.21	02:30:24.986		1.34039			4
2025.10.21	02:30:25.292		1.34040			4
2025.10.21	02:30:31.167		1.34039			4
2025.10.21	02:30:35.158	1.34032	1.34036			6
2025.10.21	02:30:36.078	1.34031	1.34037			6
2025.10.21	02:30:39.149		1.34036			4
2025.10.21	02:30:40.376	1.34033	1.34037			6
2025.10.21	02:30:43.445	1.34034				2
2025.10.21	02:30:44.978	1.34033				2
2025.10.21	02:30:45.280	1.34038	1.34042			6
2025.10.21	02:30:46.206		1.34044			4
2025.10.21	02:30:51.748		1.34043			4
2025.10.21	02:30:53.289	1.34039				2
2025.10.21	02:30:57.587	1.34038	1.34042			6
2025.10.21	02:30:58.498	1.34039	1.34043			6
2025.10.21	02:31:00.040	1.34039				2
2025.10.21	02:31:04.963	1.34038	1.34042			6
2025.10.21	02:31:06.204		1.34041			4
2025.10.21	02:31:10.792	1.34036	1.34040			6
2025.10.21	02:31:11.099		1.34037			4
2025.10.21	02:31:11.402		1.34040			4
2025.10.21	02:31:11.709	1.34037	1.34041			6
2025.10.21	02:31:14.161	1.34036	1.34040			6
2025.10.21	02:31:15.691	1.34037	1.34041			6
2025.10.21	02:31:17.530		1.34040			4
2025.10.21	02:31:18.148	1.34036				2
2025.10.21	02:31:18.450	1.34034	1.34038			6
2025.10.21	02:31:19.362	1.34033	1.34037			6
2025.10.21	02:31:20.300	1.34036	1.34041			6
2025.10.21	02:31:20.910	1.34037				2
2025.10.21	02:31:21.228	1.34036	1.34043			6
2025.10.21	02:31:21.543	1.34037				2
2025.10.21	02:31:23.397	1.34036				2
2025.10.21	02:31:26.207		1.34042			4
2025.10.21	02:31:27.138		1.34041			4
2025.10.21	02:31:28.676	1.34037				2
2025.10.21	02:31:28.980		1.34042			4
2025.10.21	02:31:29.296		1.34041			4
2025.10.21	02:31:29.603	1.34038				2
2025.10.21	02:31:36.048		1.34042			4
2025.10.21	02:31:36.352	1.34037	1.34041			6
2025.10.21	02:31:42.802	1.34036	1.34040			6
2025.10.21	02:31:43.408	1.34037				2
2025.10.21	02:31:43.718		1.34041			4
2025.10.21	02:31:46.775	1.34040	1.34042			6
2025.10.21	02:31:48.927		1.34043			4
2025.10.21	02:31:50.144		1.34042			4
2025.10.21	02:31:50.755		1.34043			4
2025.10.21	02:31:51.675		1.34042			4
2025.10.21	02:31:53.509	1.34038				2
2025.10.21	02:31:58.711	1.34039	1.34043			6
2025.10.21	02:31:59.019	1.34038	1.34042			6
2025.10.21	02:32:00.248	1.34038				2
2025.10.21	02:32:02.380	1.34039	1.34043			6
2025.10.21	02:32:06.033	1.34040	1.34042			6
2025.10.21	02:32:06.944	1.34041	1.34043			6
2025.10.21	02:32:09.085	1.34042	1.34044			6
2025.10.21	02:32:16.410	1.34040				2
2025.10.21	02:32:16.717	1.34041	1.34045			6
2025.10.21	02:32:17.641	1.34040	1.34044			6
2025.10.21	02:32:29.693	1.34043	1.34047			6
2025.10.21	02:32:58.893	1.34044				2
2025.10.21	02:33:00.116	1.34044				2
2025.10.21	02:33:09.945	1.34043				2
2025.10.21	02:33:18.629		1.34046			4
2025.10.21	02:33:20.158		1.34047			4
2025.10.21	02:33:43.900	1.34044				2
2025.10.21	02:33:53.463	1.34043				2
2025.10.21	02:33:53.774	1.34044	1.34048			6
2025.10.21	02:33:55.310	1.34043				2
2025.10.21	02:33:57.151		1.34047			4
2025.10.21	02:33:57.458	1.34044	1.34049			6
2025.10.21	02:33:57.760		1.34048			4
2025.10.21	02:33:58.681	1.34043	1.34047			6
2025.10.21	02:34:00.207	1.34043				2
2025.10.21	02:34:00.516		1.34048			4
2025.10.21	02:34:05.170	1.34045	1.34050			6
2025.10.21	02:34:07.352		1.34049			4
2025.10.21	02:34:09.206		1.34048			4
2025.10.21	02:34:12.906	1.34044				2
2025.10.21	02:34:15.969		1.34047			4
2025.10.21	02:34:16.586	1.34043				2
2025.10.21	02:34:18.120	1.34044				2
2025.10.21	02:34:22.709	1.34041	1.34044			6
2025.10.21	02:34:23.015	1.34042	1.34045			6
2025.10.21	02:34:23.321		1.34046			4
2025.10.21	02:34:31.329	1.34041	1.34045			6
2025.10.21	02:34:36.564	1.34040	1.34044			6
2025.10.21	02:34:37.171	1.34038	1.34042			6
2025.10.21	02:34:39.639	1.34039	1.34044			6
2025.10.21	02:34:40.562	1.34038	1.34043			6
2025.10.21	02:34:41.790	1.34037				2
2025.10.21	02:34:43.349		1.34042			4
2025.10.21	02:34:44.581	1.34038				2
2025.10.21	02:34:44.887	1.34040	1.34044			6
2025.10.21	02:34:45.200		1.34045			4
2025.10.21	02:34:51.370		1.34044			4
2025.10.21	02:34:54.140		1.34043			4
2025.10.21	02:34:57.200	1.34039				2
2025.10.21	02:34:58.124	1.34040				2
2025.10.21	02:35:00.256	1.34040				2
2025.10.21	02:35:09.138	1.34039				2
2025.10.21	02:35:19.208	1.34038	1.34042			6
2025.10.21	02:35:19.514	1.34039	1.34043			6
2025.10.21	02:35:25.958	1.34038	1.34042			6
2025.10.21	02:35:28.101	1.34039	1.34043			6
2025.10.21	02:35:38.206	1.34040	1.34044			6
2025.10.21	02:35:43.115	1.34039	1.34043			6
2025.10.21	02:36:00.069	1.34039				2
2025.10.21	02:36:05.969	1.34040	1.34044			6
2025.10.21	02:36:09.055	1.34039	1.34043			6
2025.10.21	02:36:10.294	1.34038	1.34042			6
2025.10.21	02:36:11.232		1.34043			4
2025.10.21	02:36:15.871	1.34039				2
2025.10.21	02:36:17.425		1.34042			4
2025.10.21	02:36:18.353		1.34043			4
2025.10.21	02:36:19.286		1.34042			4
2025.10.21	02:36:24.209		1.34043			4
2025.10.21	02:36:26.368		1.34042			4
2025.10.21	02:36:26.984	1.34038				2
2025.10.21	02:36:33.098		1.34043			4
2025.10.21	02:36:35.265		1.34042			4
2025.10.21	02:36:39.903		1.34043			4
2025.10.21	02:36:45.150		1.34042			4
2025.10.21	02:36:46.079		1.34043			4
2025.10.21	02:36:47.626	1.34039	1.34044			6
2025.10.21	02:36:54.112		1.34045			4
2025.10.21	02:36:54.735		1.34044			4
2025.10.21	02:36:58.146	1.34040				2
2025.10.21	02:37:00.279	1.34040				2
2025.10.21	02:37:01.846	1.34041				2
2025.10.21	02:37:10.121		1.34045			4
2025.10.21	02:37:37.642		1.34044			4
2025.10.21	02:37:38.569		1.34045			4
2025.10.21	02:37:49.086	1.34040				2
2025.10.21	02:37:51.250	1.34039				2
2025.10.21	02:37:52.482		1.34044			4
2025.10.21	02:37:58.689	1.34040	1.34045			6
2025.10.21	02:38:00.267	1.34040				2
2025.10.21	02:38:09.259	1.34041				2
2025.10.21	02:38:13.552	1.34043	1.34047			6
2025.10.21	02:38:14.763	1.34044	1.34048			6
2025.10.21	02:38:25.613	1.34043				2
2025.10.21	02:38:28.364	1.34044				2
2025.10.21	02:39:00.213	1.34044				2
2025.10.21	02:39:14.870		1.34048			4
2025.10.21	02:39:36.322	1.34043	1.34047			6
2025.10.21	02:39:37.248		1.34048			4
2025.10.21	02:39:38.182		1.34047			4
2025.10.21	02:40:00.142	1.34043				2
2025.10.21	02:40:36.123	1.34040	1.34044			6
2025.10.21	02:40:36.749	1.34039	1.34043			6
2025.10.21	02:40:37.373	1.34038	1.34044			6
2025.10.21	02:40:41.401		1.34045			4
2025.10.21	02:40:42.023		1.34044			4
2025.10.21	02:40:42.639		1.34045			4
2025.10.21	02:40:43.895		1.34044			4
2025.10.21	02:40:44.509	1.34039	1.34045			6
2025.10.21	02:40:47.596	1.34040				2
2025.10.21	02:40:48.213		1.34044			4
2025.10.21	02:40:53.144		1.34043			4
2025.10.21	02:40:58.958	1.34039				2
2025.10.21	02:41:00.171	1.34039				2
2025.10.21	02:41:03.040	1.34040	1.34044			6
2025.10.21	02:41:33.213	1.34041	1.34045			6
2025.10.21	02:41:33.835	1.34040	1.34044			6
2025.10.21	02:42:00.145	1.34040				2
2025.10.21	02:42:18.458		1.34045			4
2025.10.21	02:42:25.279		1.34044			4
2025.10.21	02:42:35.468	1.34038	1.34043			6
2025.10.21	02:42:36.089	1.34037				2
2025.10.21	02:42:40.409	1.34038				2
2025.10.21	02:42:47.209		1.34042			4
2025.10.21	02:43:00.105	1.34038				2
2025.10.21	02:43:00.416	1.34039				2
2025.10.21	02:43:00.725	1.34038				2
2025.10.21	02:43:02.543	1.34039	1.34043			6
2025.10.21	02:43:05.304	1.34040				2
2025.10.21	02:43:08.980		1.34044			4
2025.10.21	02:43:11.429		1.34041			4
2025.10.21	02:43:12.658		1.34042			4
2025.10.21	02:43:13.576		1.34041			4
2025.10.21	02:43:16.678		1.34042			4
2025.10.21	02:43:22.835		1.34044			4
2025.10.21	02:43:33.030	1.34039	1.34043			6
2025.10.21	02:43:33.341	1.34038	1.34044			6
2025.10.21	02:43:34.889	1.34040	1.34045			6
2025.10.21	02:43:35.509	1.34037	1.34044			6
2025.10.21	02:43:35.816	1.34038				2
2025.10.21	02:43:36.123	1.34040	1.34045			6
2025.10.21	02:43:36.438	1.34039				2
2025.10.21	02:43:36.745	1.34038				2
2025.10.21	02:43:37.673	1.34040				2
2025.10.21	02:43:44.215	1.34039	1.34044			6
2025.10.21	02:43:44.520	1.34038				2
2025.10.21	02:43:47.316	1.34039				2
2025.10.21	02:43:47.618	1.34038				2
2025.10.21	02:43:50.102		1.34043			4
2025.10.21	02:43:50.404	1.34039				2
2025.10.21	02:43:50.710	1.34038				2
2025.10.21	02:43:51.323	1.34039				2
2025.10.21	02:43:53.170	1.34040	1.34045			6
2025.10.21	02:43:57.190		1.34044			4
2025.10.21	02:43:57.492	1.34039				2
2025.10.21	02:43:58.105	1.34038				2
2025.10.21	02:43:59.354	1.34039				2
2025.10.21	02:44:00.276	1.34039	1.34043			6
2025.10.21	02:44:01.507	1.34040				2
2025.10.21	02:44:05.195		1.34044			4
2025.10.21	02:44:38.636	1.34039	1.34043			6
2025.10.21	02:44:39.239	1.34038				2
2025.10.21	02:44:40.168		1.34045			4
2025.10.21	02:44:43.296		1.34043			4
2025.10.21	02:44:51.973	1.34039	1.34045			6
2025.10.21	02:44:53.819	1.34038	1.34044			6
2025.10.21	02:44:54.127	1.34039	1.34045			6
2025.10.21	02:44:54.746	1.34038				2
2025.10.21	02:44:55.054	1.34039				2
2025.10.21	02:44:55.357	1.34038				2
2025.10.21	02:44:57.200		1.34044			4
2025.10.21	02:44:59.349	1.34039				2
2025.10.21	02:44:59.654	1.34038	1.34043			6
2025.10.21	02:44:59.957	1.34039				2
2025.10.21	02:45:00.261	1.34039				2
2025.10.21	02:45:00.568	1.34040	1.34044			6
2025.10.21	02:45:02.103	1.34039				2
2025.10.21	02:45:04.277	1.34040				2
2025.10.21	02:45:12.548	1.34042				2
2025.10.21	02:45:19.909	1.34040				2
2025.10.21	02:45:20.827	1.34038	1.34042			6
2025.10.21	02:45:21.128	1.34039	1.34043			6
2025.10.21	02:45:22.349	1.34038	1.34044			6
2025.10.21	02:45:23.276	1.34040				2
2025.10.21	02:45:23.579	1.34038				2
2025.10.21	02:45:25.115	1.34039				2
2025.10.21	02:45:26.648	1.34038				2
2025.10.21	02:45:26.959	1.34039				2
2025.10.21	02:45:30.368	1.34038				2
2025.10.21	02:45:31.299	1.34037				2
2025.10.21	02:45:31.608	1.34042	1.34048			6
2025.10.21	02:45:43.162	1.34043				2
2025.10.21	02:45:47.145	1.34044				2
2025.10.21	02:45:49.585	1.34041	1.34045			6
2025.10.21	02:45:49.887	1.34040	1.34044			6
2025.10.21	02:45:50.816	1.34038	1.34042			6
2025.10.21	02:45:51.130	1.34037	1.34044			6
2025.10.21	02:45:53.930	1.34039	1.34045			6
2025.10.21	02:45:54.238	1.34038				2
2025.10.21	02:45:54.541	1.34040	1.34046			6
2025.10.21	02:45:59.212	1.34042				2
2025.10.21	02:46:00.140	1.34044	1.34049			6
2025.10.21	02:46:00.457	1.34043	1.34048			6
2025.10.21	02:46:04.822	1.34042				2
2025.10.21	02:46:06.372	1.34043				2
2025.10.21	02:46:06.983	1.34042				2
2025.10.21	02:46:08.216	1.34043				2
2025.10.21	02:46:10.343		1.34047			4
2025.10.21	02:46:17.379	1.34042	1.34046			6
2025.10.21	02:46:21.113	1.34043	1.34047			6
2025.10.21	02:46:26.638	1.34042	1.34046			6
2025.10.21	02:46:30.935	1.34043	1.34047			6
2025.10.21	02:46:31.851	1.34042	1.34046			6
2025.10.21	02:46:32.469	1.34041	1.34042			6
2025.10.21	02:46:35.242	1.34043	1.34044			6
2025.10.21	02:46:35.545	1.34042	1.34043			6
2025.10.21	02:46:37.982	1.34041	1.34042			6
2025.10.21	02:46:40.746	1.34042	1.34043			6
2025.10.21	02:46:41.668		1.34046			4
2025.10.21	02:46:49.033	1.34043	1.34047			6
2025.10.21	02:46:57.609	1.34044				2
2025.10.21	02:46:59.142		1.34048			4
2025.10.21	02:47:00.063	1.34045	1.34049			6
2025.10.21	02:47:00.667	1.34046	1.34050			6
2025.10.21	02:47:02.274	1.34045	1.34049			6
2025.10.21	02:47:02.902	1.34046				2
2025.10.21	02:47:03.207	1.34045				2
2025.10.21	02:47:23.119	1.34044	1.34048			6
2025.10.21	02:47:24.042	1.34043	1.34046			6
2025.10.21	02:47:24.345		1.34047			4
2025.10.21	02:47:24.654	1.34042	1.34046			6
2025.10.21	02:47:25.268		1.34047			4
2025.10.21	02:47:26.192	1.34043				2
2025.10.21	02:47:27.106	1.34042				2
2025.10.21	02:47:29.267	1.34043				2
2025.10.21	02:47:29.876	1.34042	1.34046			6
2025.10.21	02:47:30.484	1.34043	1.34047			6
2025.10.21	02:47:31.100	1.34044	1.34048			6
2025.10.21	02:47:31.414	1.34043	1.34047			6
2025.10.21	02:47:32.638	1.34044				2
2025.10.21	02:47:45.595		1.34048			4
2025.10.21	02:48:00.121	1.34044				2
2025.10.21	02:48:01.042	1.34043	1.34047			6
2025.10.21	02:48:07.267	1.34044	1.34048			6
2025.10.21	02:48:09.122	1.34041	1.34045			6
2025.10.21	02:48:09.427	1.34040	1.34043			6
2025.10.21	02:48:09.748		1.34044			4
2025.10.21	02:48:14.395		1.34045			4
2025.10.21	02:48:14.696		1.34044			4
2025.10.21	02:48:17.480		1.34045			4
2025.10.21	02:48:18.409		1.34044			4
2025.10.21	02:48:21.813		1.34045			4
2025.10.21	02:48:22.119		1.34044			4
2025.10.21	02:48:38.385	1.34042	1.34045			6
2025.10.21	02:48:39.000	1.34041	1.34044			6
2025.10.21	02:48:39.306	1.34040				2
2025.10.21	02:48:41.157		1.34045			4
2025.10.21	02:48:44.248		1.34044			4
2025.10.21	02:48:44.558	1.34039				2
2025.10.21	02:48:45.169	1.34040				2
2025.10.21	02:48:50.987	1.34039	1.34043			6
2025.10.21	02:48:58.039	1.34040	1.34044			6
2025.10.21	02:49:00.184	1.34040				2
2025.10.21	02:49:19.861	1.34039	1.34043			6
2025.10.21	02:49:20.170	1.34037	1.34041			6
2025.10.21	02:49:20.488	1.34038	1.34042			6
2025.10.21	02:49:21.101		1.34043			4
2025.10.21	02:49:21.410	1.34040	1.34044			6
2025.10.21	02:49:22.640	1.34039				2
2025.10.21	02:49:22.946	1.34038				2
2025.10.21	02:49:23.870	1.34040				2
2025.10.21	02:49:26.663	1.34038				2
2025.10.21	02:49:26.980	1.34040				2
2025.10.21	02:49:28.209	1.34039				2
2025.10.21	02:49:30.062	1.34040				2
2025.10.21	02:49:33.774		1.34043			4
2025.10.21	02:49:34.091		1.34044			4
2025.10.21	02:49:37.168		1.34043			4
2025.10.21	02:49:44.520		1.34044			4
2025.10.21	02:50:00.141	1.34039	1.34043			6
2025.10.21	02:50:00.443	1.34040				2
2025.10.21	02:50:00.748	1.34039				2
2025.10.21	02:50:03.189	1.34040	1.34044			6
2025.10.21	02:50:06.246		1.34043			4
2025.10.21	02:50:06.853		1.34044			4
2025.10.21	02:50:12.680	1.34038	1.34042			6
2025.10.21	02:50:16.996	1.34037				2
2025.10.21	02:50:20.379	1.34038				2
2025.10.21	02:50:26.796	1.34036	1.34040			6
2025.10.21	02:50:28.320		1.34042			4
2025.10.21	02:50:31.101		1.34041			4
2025.10.21	02:50:32.645	1.34040				2
2025.10.21	02:50:32.950	1.34039	1.34040			6
2025.10.21	02:50:34.179	1.34041	1.34043			6
2025.10.21	02:50:34.483	1.34042	1.34044			6
2025.10.21	02:50:34.795		1.34043			4
2025.10.21	02:50:40.021	1.34037	1.34042			6
2025.10.21	02:50:42.179	1.34036				2
2025.10.21	02:50:43.403	1.34038				2
2025.10.21	02:50:48.638	1.34037				2
2025.10.21	02:50:49.254	1.34038				2
2025.10.21	02:50:52.327	1.34039	1.34043			6
2025.10.21	02:50:53.845	1.34040				2
2025.10.21	02:50:55.066	1.34039				2
2025.10.21	02:50:56.595	1.34046	1.34048			6
2025.10.21	02:50:56.900		1.34049			4
2025.10.21	02:50:59.374		1.34050			4
2025.10.21	02:50:59.678	1.34043	1.34048			6
2025.10.21	02:51:00.294	1.34043				2
2025.10.21	02:51:05.209		1.34049			4
2025.10.21	02:51:07.355		1.34048			4
2025.10.21	02:51:11.346	1.34044				2
2025.10.21	02:51:29.437	1.34043	1.34047			6
2025.10.21	02:51:41.395	1.34044	1.34048			6
2025.10.21	02:51:43.853	1.34046	1.34049			6
2025.10.21	02:51:44.160		1.34050			4
2025.10.21	02:51:44.775	1.34049	1.34053			6
2025.10.21	02:51:51.559	1.34047				2
2025.10.21	02:51:54.336		1.34052			4
2025.10.21	02:51:55.255	1.34048				2
2025.10.21	02:52:00.165	1.34048				2
2025.10.21	02:52:01.385	1.34047	1.34051			6
2025.10.21	02:52:01.695	1.34048	1.34052			6
2025.10.21	02:52:05.062	1.34047	1.34051			6
2025.10.21	02:52:06.285	1.34048	1.34052			6
2025.10.21	02:52:07.197	1.34047	1.34051			6
2025.10.21	02:52:07.504	1.34048	1.34052			6
2025.10.21	02:52:22.839	1.34047	1.34051			6
2025.10.21	02:52:26.216	1.34045	1.34049			6
2025.10.21	02:52:27.137		1.34050			4
2025.10.21	02:52:29.915	1.34044	1.34047			6
2025.10.21	02:52:30.218	1.34045	1.34050			6
2025.10.21	02:52:31.154	1.34046				2
2025.10.21	02:52:32.377	1.34045	1.34049			6
2025.10.21	02:52:55.120	1.34047	1.34050			6
2025.10.21	02:52:55.739		1.34051			4
2025.10.21	02:53:00.069	1.34047				2
2025.10.21	02:53:01.311		1.34050			4
2025.10.21	02:53:02.238		1.34051			4
2025.10.21	02:53:03.185		1.34050			4
2025.10.21	02:53:03.490		1.34051			4
2025.10.21	02:53:12.135		1.34050			4
2025.10.21	02:53:12.442		1.34051			4
2025.10.21	02:53:13.678	1.34046	1.34050			6
2025.10.21	02:53:22.385	1.34045	1.34049			6
2025.10.21	02:53:22.696	1.34046	1.34050			6
2025.10.21	02:53:23.003		1.34049			4
2025.10.21	02:53:24.860	1.34045	1.34047			6
2025.10.21	02:53:25.165	1.34038	1.34044			6
2025.10.21	02:53:26.098		1.34043			4
2025.10.21	02:53:26.400		1.34042			4
2025.10.21	02:53:27.017	1.34036				2
2025.10.21	02:53:27.330	1.34037				2
2025.10.21	02:53:28.579	1.34038				2
2025.10.21	02:53:29.826	1.34037				2
2025.10.21	02:53:30.133	1.34038				2
2025.10.21	02:53:37.918		1.34043			4
2025.10.21	02:53:38.231		1.34042			4
2025.10.21	02:53:45.923	1.34039	1.34043			6
2025.10.21	02:53:46.225		1.34042			4
2025.10.21	02:53:56.344		1.34043			4
2025.10.21	02:54:00.017	1.34039				2
2025.10.21	02:54:07.800	1.34041	1.34045			6
2025.10.21	02:54:08.719	1.34046	1.34050			6
2025.10.21	02:54:09.336		1.34051			4
2025.10.21	02:54:12.436		1.34050			4
2025.10.21	02:54:19.292	1.34045				2
2025.10.21	02:54:22.357		1.34049			4
2025.10.21	02:54:27.246	1.34046				2
2025.10.21	02:54:27.549	1.34047	1.34050			6
2025.10.21	02:54:27.852	1.34046				2
2025.10.21	02:54:31.216	1.34047	1.34051			6
2025.10.21	02:54:32.129	1.34046	1.34050			6
2025.10.21	02:54:34.575	1.34047	1.34051			6
