<DATE>	<TIME>	<BID>	<ASK>	<LAST>	<VOLUME>	<FLAGS>
2025.11.27	00:03:31.340	1.32362	1.32450			6
2025.11.27	00:03:35.672		1.32452			4
2025.11.27	00:04:00.093	1.32362				2
2025.11.27	00:04:15.540		1.32450			4
2025.11.27	00:04:27.602	1.32366				2
2025.11.27	00:04:46.545		1.32452			4
2025.11.27	00:04:58.601	1.32362				2
2025.11.27	00:05:00.167	1.32362				2
2025.11.27	00:05:12.319		1.32450			4
2025.11.27	00:05:32.730	1.32366				2
2025.11.27	00:05:43.787		1.32452			4
2025.11.27	00:05:51.219		1.32450			4
2025.11.27	00:06:00.316	1.32366				2
2025.11.27	00:06:03.332	1.32362				2
2025.11.27	00:06:21.650		1.32452			4
2025.11.27	00:06:37.766		1.32450			4
2025.11.27	00:06:40.567	1.32366				2
2025.11.27	00:07:00.912	1.32366				2
2025.11.27	00:07:09.333		1.32452			4
2025.11.27	00:07:11.504	1.32362				2
2025.11.27	00:07:11.827	1.32366				2
2025.11.27	00:07:21.151		1.32450			4
2025.11.27	00:07:39.467		1.32440			4
2025.11.27	00:07:39.806	1.32372	1.32450			6
2025.11.27	00:07:40.152	1.32366	1.32440			6
2025.11.27	00:07:40.505	1.32372	1.32450			6
2025.11.27	00:07:40.864	1.32366	1.32440			6
2025.11.27	00:07:41.195	1.32372	1.32450			6
2025.11.27	00:07:41.558	1.32366	1.32440			6
2025.11.27	00:07:41.892	1.32372	1.32450			6
2025.11.27	00:07:42.267	1.32366	1.32440			6
2025.11.27	00:07:42.588	1.32372	1.32450			6
2025.11.27	00:07:42.928	1.32362	1.32440			6
2025.11.27	00:07:43.232	1.32372	1.32450			6
2025.11.27	00:07:43.627	1.32362				2
2025.11.27	00:07:52.044		1.32452			4
2025.11.27	00:08:00.194	1.32362				2
2025.11.27	00:08:15.776	1.32366				2
2025.11.27	00:08:41.007		1.32450			4
2025.11.27	00:08:46.604	1.32362				2
2025.11.27	00:09:00.254	1.32362				2
2025.11.27	00:09:11.725		1.32452			4
2025.11.27	00:09:17.000	1.32366				2
2025.11.27	00:09:47.613	1.32362				2
2025.11.27	00:10:00.267	1.32362				2
2025.11.27	00:10:01.490	1.32363	1.32453			6
2025.11.27	00:10:03.356	1.32362	1.32452			6
2025.11.27	00:10:19.317	1.32363	1.32453			6
2025.11.27	00:10:21.166	1.32362	1.32452			6
2025.11.27	00:10:37.218	1.32364	1.32454			6
2025.11.27	00:10:39.080	1.32362	1.32452			6
2025.11.27	00:10:41.251	1.32364	1.32454			6
2025.11.27	00:10:43.116	1.32362	1.32452			6
2025.11.27	00:10:51.152	1.32364	1.32454			6
2025.11.27	00:10:51.458	1.32362	1.32452			6
2025.11.27	00:11:00.108	1.32362				2
2025.11.27	00:11:09.113		1.32450			4
2025.11.27	00:11:12.236		1.32452			4
2025.11.27	00:11:13.167		1.32450			4
2025.11.27	00:11:18.451		1.32452			4
2025.11.27	00:11:19.380		1.32450			4
2025.11.27	00:11:24.636		1.32452			4
2025.11.27	00:11:25.575		1.32450			4
2025.11.27	00:11:31.159		1.32452			4
2025.11.27	00:11:32.091		1.32450			4
2025.11.27	00:11:39.517		1.32452			4
2025.11.27	00:11:44.164	1.32366				2
2025.11.27	00:12:00.273	1.32366				2
2025.11.27	00:12:15.104	1.32362				2
2025.11.27	00:12:32.726		1.32450			4
2025.11.27	00:12:50.473	1.32366				2
2025.11.27	00:13:00.676	1.32366				2
2025.11.27	00:13:03.074		1.32452			4
2025.11.27	00:13:08.355	1.32361	1.32451			6
2025.11.27	00:14:00.074	1.32365				2
2025.11.27	00:14:02.869	1.32361				2
2025.11.27	00:14:08.478		1.32451			4
2025.11.27	00:14:23.362	1.32364				2
2025.11.27	00:14:23.666	1.32361				2
2025.11.27	00:15:00.177	1.32361				2
2025.11.27	00:15:02.662		1.32445			4
2025.11.27	00:15:03.890		1.32439			4
2025.11.27	00:15:04.205	1.32362	1.32433			6
2025.11.27	00:15:05.802		1.32430			4
2025.11.27	00:18:13.013	1.32370	1.32432			6
2025.11.27	00:18:15.247	1.32369	1.32444			6
2025.11.27	00:18:20.976		1.32438			4
2025.11.27	00:18:32.784	1.32358				2
2025.11.27	00:18:40.522	1.32363				2
2025.11.27	00:18:51.963		1.32446			4
2025.11.27	00:18:55.972	1.32358	1.32444			6
2025.11.27	00:18:57.214		1.32446			4
2025.11.27	00:19:00.308	1.32358				2
2025.11.27	00:19:00.926		1.32438			4
2025.11.27	00:19:07.737		1.32434			4
2025.11.27	00:19:36.336	1.32361				2
2025.11.27	00:20:00.235	1.32372				2
2025.11.27	00:20:07.959		1.32434			4
2025.11.27	00:20:13.208	1.32354				2
2025.11.27	00:20:35.777	1.32353	1.32446			6
2025.11.27	00:20:55.932		1.32438			4
2025.11.27	00:21:00.076	1.32353				2
2025.11.27	00:21:15.246		1.32436			4
2025.11.27	00:21:26.351		1.32446			4
2025.11.27	00:21:39.243	1.32351				2
2025.11.27	00:21:49.406	1.32349				2
2025.11.27	00:22:00.376	1.32349				2
2025.11.27	00:22:11.232		1.32436			4
2025.11.27	00:22:42.607		1.32446			4
2025.11.27	00:22:50.546	1.32353				2
2025.11.27	00:22:55.176		1.32436			4
2025.11.27	00:23:00.075	1.32353				2
2025.11.27	00:23:25.876		1.32437			4
2025.11.27	00:24:00.911	1.32353				2
2025.11.27	00:24:18.123		1.32436			4
2025.11.27	00:24:20.089	1.32349				2
2025.11.27	00:24:24.579	1.32353				2
2025.11.27	00:24:35.867	1.32362				2
2025.11.27	00:24:48.946		1.32437			4
2025.11.27	00:24:49.905	1.32361				2
2025.11.27	00:25:00.338	1.32361				2
2025.11.27	00:25:02.180	1.32373				2
2025.11.27	00:25:34.329		1.32436			4
2025.11.27	00:25:49.899	1.32361				2
2025.11.27	00:26:00.075	1.32361				2
2025.11.27	00:26:00.546	1.32362				2
2025.11.27	00:26:05.120		1.32446			4
2025.11.27	00:27:00.546	1.32362				2
2025.11.27	00:27:05.176		1.32446			4
2025.11.27	00:27:14.243	1.32364	1.32449			6
2025.11.27	00:28:00.975	1.32364				2
2025.11.27	00:28:14.242	1.32372				2
2025.11.27	00:28:14.550	1.32364	1.32449			6
2025.11.27	00:28:19.931	1.32356				2
2025.11.27	00:28:23.332	1.32364				2
2025.11.27	00:28:25.325		1.32445			4
2025.11.27	00:29:00.076	1.32364				2
2025.11.27	00:29:04.777	1.32370				2
2025.11.27	00:29:25.488		1.32445			4
2025.11.27	00:29:35.376	1.32364				2
2025.11.27	00:29:36.552		1.32449			4
2025.11.27	00:29:43.360	1.32356				2
2025.11.27	00:29:43.667	1.32353	1.32445			6
2025.11.27	00:29:46.487	1.32360				2
2025.11.27	00:29:49.097	1.32359				2
2025.11.27	00:30:00.338	1.32359				2
2025.11.27	00:30:05.775		1.32447			4
2025.11.27	00:30:10.432		1.32445			4
2025.11.27	00:30:13.504	1.32370				2
2025.11.27	00:30:14.745	1.32371				2
2025.11.27	00:30:15.983	1.32370				2
2025.11.27	00:30:18.451	1.32371				2
2025.11.27	00:30:18.766	1.32370				2
2025.11.27	00:30:20.619	1.32359				2
2025.11.27	00:30:28.275	1.32370				2
2025.11.27	00:30:32.302	1.32359				2
2025.11.27	00:30:51.932		1.32442			4
2025.11.27	00:30:52.272		1.32430			4
2025.11.27	00:31:00.976	1.32359				2
2025.11.27	00:31:22.576		1.32445			4
2025.11.27	00:31:35.541	1.32369				2
2025.11.27	00:31:35.859		1.32442			4
2025.11.27	00:32:00.271	1.32369				2
2025.11.27	00:32:06.803		1.32445			4
2025.11.27	00:32:08.348	1.32359				2
2025.11.27	00:32:10.275	1.32370	1.32452			6
2025.11.27	00:32:10.577		1.32451			4
2025.11.27	00:32:13.366		1.32445			4
2025.11.27	00:32:14.909	1.32359				2
2025.11.27	00:32:15.676	1.32370				2
2025.11.27	00:32:38.837		1.32452			4
2025.11.27	00:32:40.696		1.32451			4
2025.11.27	00:32:50.897		1.32445			4
2025.11.27	00:32:51.206	1.32359				2
2025.11.27	00:32:57.337		1.32441			4
2025.11.27	00:33:00.376	1.32359				2
2025.11.27	00:33:27.723		1.32445			4
2025.11.27	00:34:00.546	1.32359				2
2025.11.27	00:34:08.676	1.32369				2
2025.11.27	00:34:13.318	1.32359				2
2025.11.27	00:34:21.896		1.32439			4
2025.11.27	00:34:25.707		1.32436			4
2025.11.27	00:34:52.862		1.32445			4
2025.11.27	00:35:00.675	1.32359				2
2025.11.27	00:35:10.821		1.32449			4
2025.11.27	00:35:11.132		1.32448			4
2025.11.27	00:35:11.750	1.32369	1.32451			6
2025.11.27	00:35:12.675		1.32445			4
2025.11.27	00:35:13.295	1.32360				2
2025.11.27	00:35:36.591	1.32373				2
2025.11.27	00:35:36.901		1.32436			4
2025.11.27	00:35:38.138	1.32372				2
2025.11.27	00:35:41.232	1.32373				2
2025.11.27	00:35:55.186	1.32372				2
2025.11.27	00:36:00.164	1.32372				2
2025.11.27	00:36:08.251		1.32445			4
2025.11.27	00:36:11.645	1.32360				2
2025.11.27	00:37:02.402	1.32360	1.32436			6
2025.11.27	00:37:28.951	1.32359				2
2025.11.27	00:37:32.767		1.32445			4
2025.11.27	00:37:47.648		1.32436			4
2025.11.27	00:38:00.666	1.32359				2
2025.11.27	00:38:04.550	1.32372				2
2025.11.27	00:38:05.176	1.32371				2
2025.11.27	00:38:05.797	1.32372				2
2025.11.27	00:38:07.651	1.32360				2
2025.11.27	00:38:16.905	1.32374				2
2025.11.27	00:38:18.451		1.32445			4
2025.11.27	00:38:21.234	1.32372				2
2025.11.27	00:38:44.756		1.32436			4
2025.11.27	00:38:50.308	1.32371				2
2025.11.27	00:39:00.183	1.32371				2
2025.11.27	00:39:01.738	1.32360				2
2025.11.27	00:39:15.676		1.32445			4
2025.11.27	00:40:00.676	1.32360				2
2025.11.27	00:40:06.098	1.32361				2
2025.11.27	00:40:06.514	1.32359				2
2025.11.27	00:40:16.725	1.32360	1.32445			6
2025.11.27	00:40:21.679	1.32364	1.32441			6
2025.11.27	00:40:25.907	1.32360	1.32436			6
2025.11.27	00:40:33.299		1.32445			4
2025.11.27	00:40:54.376	1.32363				2
2025.11.27	00:40:59.412	1.32361				2
2025.11.27	00:41:03.376	1.32361				2
2025.11.27	00:41:19.504	1.32363				2
2025.11.27	00:41:31.876		1.32438			4
2025.11.27	00:42:00.076	1.32363				2
2025.11.27	00:42:02.476		1.32445			4
2025.11.27	00:42:08.907	1.32359				2
2025.11.27	00:42:33.736		1.32438			4
2025.11.27	00:43:00.973	1.32359				2
2025.11.27	00:43:04.361		1.32450			4
2025.11.27	00:43:05.927	1.32362	1.32445			6
2025.11.27	00:43:15.852	1.32364				2
2025.11.27	00:43:17.448		1.32436			4
2025.11.27	00:43:40.546	1.32360				2
2025.11.27	00:43:48.060		1.32445			4
2025.11.27	00:44:00.075	1.32360				2
2025.11.27	00:44:02.726		1.32430			4
2025.11.27	00:44:03.054	1.32381	1.32445			6
2025.11.27	00:44:03.396	1.32360	1.32430			6
2025.11.27	00:44:03.751	1.32381	1.32445			6
2025.11.27	00:44:04.073	1.32360	1.32430			6
2025.11.27	00:44:04.425	1.32381	1.32445			6
2025.11.27	00:44:04.762	1.32360	1.32430			6
2025.11.27	00:44:05.117	1.32381	1.32445			6
2025.11.27	00:44:05.458	1.32360	1.32430			6
2025.11.27	00:44:05.781	1.32381	1.32445			6
2025.11.27	00:44:06.104	1.32360	1.32430			6
2025.11.27	00:44:06.458	1.32381	1.32445			6
2025.11.27	00:44:06.818	1.32360				2
2025.11.27	00:44:12.652		1.32436			4
2025.11.27	00:44:25.963	1.32362				2
2025.11.27	00:44:42.975		1.32445			4
2025.11.27	00:45:02.175	1.32362				2
2025.11.27	00:45:03.167	1.32354	1.32446			6
2025.11.27	00:45:06.607	1.32362	1.32445			6
2025.11.27	00:45:09.037	1.32360				2
2025.11.27	00:45:11.795	1.32376	1.32429			6
2025.11.27	00:45:16.796		1.32430			4
2025.11.27	00:45:19.583		1.32429			4
2025.11.27	00:45:58.303	1.32375				2
2025.11.27	00:46:00.151	1.32375				2
2025.11.27	00:46:19.663		1.32429			4
2025.11.27	00:47:00.194	1.32375				2
2025.11.27	00:47:02.974	1.32371				2
2025.11.27	00:47:06.674	1.32375				2
2025.11.27	00:47:19.676		1.32429			4
2025.11.27	00:47:40.115	1.32376				2
2025.11.27	00:47:52.483		1.32430			4
2025.11.27	00:48:00.209	1.32376				2
2025.11.27	00:48:03.925	1.32375	1.32429			6
2025.11.27	00:48:20.617		1.32430			4
2025.11.27	00:48:26.501		1.32429			4
2025.11.27	00:48:30.511		1.32430			4
2025.11.27	00:48:37.335		1.32431			4
2025.11.27	00:48:44.128		1.32432			4
2025.11.27	00:48:58.650		1.32429			4
2025.11.27	00:49:00.200	1.32375				2
2025.11.27	00:49:02.051		1.32427			4
2025.11.27	00:49:02.977		1.32428			4
2025.11.27	00:49:12.279		1.32427			4
2025.11.27	00:49:18.788	1.32374				2
2025.11.27	00:49:24.967	1.32386	1.32430			6
2025.11.27	00:49:25.274	1.32374	1.32427			6
2025.11.27	00:49:52.524	1.32402				2
2025.11.27	00:50:00.257	1.32402				2
2025.11.27	00:50:23.729	1.32374				2
2025.11.27	00:50:25.576		1.32427			4
2025.11.27	00:50:32.377	1.32376	1.32428			6
2025.11.27	00:50:36.083		1.32427			4
2025.11.27	00:50:52.142	1.32385	1.32431			6
2025.11.27	00:50:52.451	1.32386				2
2025.11.27	00:50:53.687		1.32432			4
2025.11.27	00:50:58.642		1.32433			4
2025.11.27	00:51:00.188	1.32386				2
2025.11.27	00:51:09.157	1.32376	1.32427			6
2025.11.27	00:51:11.017		1.32428			4
2025.11.27	00:51:13.183		1.32427			4
2025.11.27	00:51:14.417		1.32428			4
2025.11.27	00:51:20.287		1.32427			4
2025.11.27	00:52:00.211	1.32376				2
2025.11.27	00:52:12.659	1.32374				2
2025.11.27	00:52:17.132		1.32428			4
2025.11.27	00:52:20.262	1.32375				2
2025.11.27	00:52:20.568		1.32427			4
2025.11.27	00:53:00.298	1.32375				2
2025.11.27	00:53:20.687		1.32427			4
2025.11.27	00:53:52.893		1.32415			4
2025.11.27	00:53:53.205	1.32402	1.32427			6
2025.11.27	00:53:53.517	1.32375	1.32415			6
2025.11.27	00:53:53.821	1.32402	1.32427			6
2025.11.27	00:53:54.128	1.32375	1.32415			6
2025.11.27	00:53:54.443	1.32402	1.32427			6
2025.11.27	00:53:55.053	1.32375	1.32415			6
2025.11.27	00:53:55.366	1.32402	1.32427			6
2025.11.27	00:53:55.674	1.32375	1.32415			6
2025.11.27	00:53:55.985	1.32402	1.32427			6
2025.11.27	00:53:56.289	1.32375	1.32415			6
2025.11.27	00:53:56.600	1.32402	1.32427			6
2025.11.27	00:53:56.912	1.32375				2
2025.11.27	00:54:00.006	1.32375				2
2025.11.27	00:54:38.940	1.32374	1.32423			6
2025.11.27	00:54:44.207		1.32422			4
2025.11.27	00:55:00.267	1.32374				2
2025.11.27	00:55:07.065		1.32423			4
2025.11.27	00:55:07.988	1.32372				2
2025.11.27	00:55:08.295		1.32422			4
2025.11.27	00:55:17.240		1.32421			4
2025.11.27	00:55:18.173		1.32422			4
2025.11.27	00:55:26.521		1.32421			4
2025.11.27	00:55:40.117	1.32371				2
2025.11.27	00:55:59.907		1.32420			4
2025.11.27	00:56:00.213	1.32371				2
2025.11.27	00:56:02.995	1.32372				2
2025.11.27	00:56:18.128		1.32419			4
2025.11.27	00:56:59.504		1.32418			4
2025.11.27	00:57:00.117	1.32372				2
2025.11.27	00:57:09.395	1.32369				2
2025.11.27	00:57:10.022	1.32371				2
2025.11.27	00:57:35.187	1.32375	1.32427			6
2025.11.27	00:57:36.418	1.32373	1.32426			6
2025.11.27	00:58:00.221	1.32373				2
2025.11.27	00:58:27.276		1.32425			4
2025.11.27	00:58:29.446	1.32375				2
2025.11.27	00:58:29.759		1.32426			4
2025.11.27	00:58:35.317		1.32427			4
2025.11.27	00:58:35.932		1.32426			4
2025.11.27	00:58:36.244	1.32376	1.32419			6
2025.11.27	00:58:39.027	1.32375	1.32420			6
2025.11.27	00:58:40.258	1.32376				2
2025.11.27	00:58:40.875	1.32377				2
2025.11.27	00:58:41.802	1.32376				2
2025.11.27	00:58:43.343	1.32375	1.32422			6
2025.11.27	00:58:43.651	1.32376	1.32421			6
2025.11.27	00:58:43.958	1.32375	1.32422			6
2025.11.27	00:58:44.267	1.32374	1.32423			6
2025.11.27	00:58:44.883	1.32375	1.32422			6
2025.11.27	00:58:45.495	1.32376	1.32421			6
2025.11.27	00:58:46.432	1.32375				2
2025.11.27	00:58:47.667		1.32422			4
2025.11.27	00:58:48.903	1.32373	1.32424			6
2025.11.27	00:58:49.830	1.32375	1.32422			6
2025.11.27	00:58:50.759		1.32421			4
2025.11.27	00:58:52.608		1.32422			4
2025.11.27	00:58:53.840	1.32373	1.32424			6
2025.11.27	00:58:55.075	1.32375	1.32422			6
2025.11.27	00:58:55.384	1.32373	1.32423			6
2025.11.27	00:58:56.002		1.32424			4
2025.11.27	00:58:56.610	1.32375	1.32421			6
2025.11.27	00:58:57.531	1.32376				2
2025.11.27	00:58:57.847	1.32368	1.32417			6
2025.11.27	00:59:00.010	1.32368				2
2025.11.27	00:59:00.313		1.32416			4
2025.11.27	00:59:06.205		1.32414			4
2025.11.27	00:59:40.281	1.32367	1.32415			6
2025.11.27	00:59:55.440		1.32416			4
2025.11.27	00:59:57.301		1.32417			4
2025.11.27	01:00:00.085	1.32367	1.32416			6
2025.11.27	01:00:00.390	1.32361	1.32424			6
2025.11.27	01:00:00.708		1.32422			4
2025.11.27	01:00:01.010	1.32391	1.32421			6
2025.11.27	01:00:01.317	1.32361	1.32419			6
2025.11.27	01:00:01.620		1.32421			4
2025.11.27	01:00:01.921		1.32419			4
2025.11.27	01:00:02.224		1.32420			4
2025.11.27	01:00:02.532	1.32363	1.32419			6
2025.11.27	01:00:02.845		1.32421			4
2025.11.27	01:00:03.156	1.32361				2
2025.11.27	01:00:03.459	1.32354	1.32428			6
2025.11.27	01:00:04.083		1.32427			4
2025.11.27	01:00:05.655		1.32428			4
2025.11.27	01:00:07.197	1.32385	1.32423			6
2025.11.27	01:00:11.199		1.32424			4
2025.11.27	01:00:11.823		1.32423			4
2025.11.27	01:00:12.139		1.32425			4
2025.11.27	01:00:15.259	1.32383				2
2025.11.27	01:00:16.820		1.32427			4
2025.11.27	01:00:18.372		1.32428			4
2025.11.27	01:00:20.253	1.32384				2
2025.11.27	01:00:23.673	1.32385				2
2025.11.27	01:00:23.990		1.32429			4
2025.11.27	01:00:24.292		1.32428			4
2025.11.27	01:00:25.212		1.32429			4
2025.11.27	01:00:25.527		1.32428			4
2025.11.27	01:00:30.441	1.32386				2
2025.11.27	01:00:30.758	1.32385	1.32426			6
2025.11.27	01:00:31.367		1.32427			4
2025.11.27	01:00:31.684	1.32386				2
2025.11.27	01:00:32.932	1.32401	1.32414			6
2025.11.27	01:00:33.242	1.32411	1.32426			6
2025.11.27	01:00:33.556		1.32427			4
2025.11.27	01:00:33.859	1.32412				2
2025.11.27	01:00:35.096	1.32413	1.32426			6
2025.11.27	01:00:35.724	1.32414	1.32425			6
2025.11.27	01:00:36.357		1.32426			4
2025.11.27	01:00:37.282		1.32425			4
2025.11.27	01:00:37.591	1.32413				2
2025.11.27	01:00:39.142		1.32424			4
2025.11.27	01:00:39.755		1.32425			4
2025.11.27	01:00:44.442	1.32412				2
2025.11.27	01:00:47.873	1.32413				2
2025.11.27	01:00:52.861	1.32414				2
2025.11.27	01:00:53.468	1.32412	1.32426			6
2025.11.27	01:00:55.935	1.32415	1.32431			6
2025.11.27	01:00:59.310	1.32416				2
2025.11.27	01:00:59.925	1.32420	1.32432			6
2025.11.27	01:01:00.230	1.32425	1.32440			6
2025.11.27	01:01:00.533		1.32441			4
2025.11.27	01:01:01.146	1.32424	1.32442			6
2025.11.27	01:01:02.376	1.32421	1.32444			6
2025.11.27	01:01:03.312	1.32423	1.32446			6
2025.11.27	01:01:03.938	1.32429				2
2025.11.27	01:01:04.255	1.32431				2
2025.11.27	01:01:04.858	1.32433				2
2025.11.27	01:01:06.079	1.32425				2
2025.11.27	01:01:06.381	1.32423				2
2025.11.27	01:01:06.695	1.32422				2
2025.11.27	01:01:07.609	1.32430				2
2025.11.27	01:01:10.436	1.32428				2
2025.11.27	01:01:12.317	1.32430				2
2025.11.27	01:01:19.572	1.32431				2
2025.11.27	01:01:26.719	1.32432				2
2025.11.27	01:01:39.422	1.32431				2
2025.11.27	01:01:50.672	1.32432				2
2025.11.27	01:02:00.031	1.32432				2
2025.11.27	01:02:02.835		1.32442			4
2025.11.27	01:02:08.742	1.32431				2
2025.11.27	01:02:13.656	1.32430				2
2025.11.27	01:02:15.205	1.32431				2
2025.11.27	01:02:22.323		1.32433			4
2025.11.27	01:02:23.242		1.32437			4
2025.11.27	01:02:23.852		1.32436			4
2025.11.27	01:02:24.471		1.32437			4
2025.11.27	01:02:27.237		1.32436			4
2025.11.27	01:02:28.773		1.32437			4
2025.11.27	01:02:29.084		1.32436			4
2025.11.27	01:02:30.307		1.32435			4
2025.11.27	01:02:30.913	1.32429	1.32433			6
2025.11.27	01:02:33.353	1.32428	1.32434			6
2025.11.27	01:02:33.658	1.32429				2
2025.11.27	01:02:35.187		1.32433			4
2025.11.27	01:02:35.792	1.32430				2
2025.11.27	01:02:38.227		1.32432			4
2025.11.27	01:02:41.307	1.32421	1.32440			6
2025.11.27	01:02:42.231	1.32407	1.32442			6
2025.11.27	01:02:45.916	1.32421	1.32440			6
2025.11.27	01:02:49.896	1.32420				2
2025.11.27	01:02:55.762	1.32415				2
2025.11.27	01:03:00.092	1.32415				2
2025.11.27	01:03:00.401	1.32414	1.32416			6
2025.11.27	01:03:01.332	1.32415				2
2025.11.27	01:03:04.711	1.32416	1.32417			6
2025.11.27	01:03:05.944	1.32415	1.32416			6
2025.11.27	01:03:17.441	1.32414	1.32417			6
2025.11.27	01:03:17.743	1.32413	1.32416			6
2025.11.27	01:03:18.047	1.32412	1.32415			6
2025.11.27	01:03:20.515	1.32409	1.32427			6
2025.11.27	01:03:20.815	1.32407				2
2025.11.27	01:03:21.120	1.32411	1.32416			6
2025.11.27	01:03:21.423		1.32415			4
2025.11.27	01:03:22.344		1.32418			4
2025.11.27	01:03:24.179		1.32417			4
2025.11.27	01:03:25.715	1.32402	1.32422			6
2025.11.27	01:03:26.031	1.32404	1.32411			6
2025.11.27	01:03:26.337	1.32403	1.32409			6
2025.11.27	01:03:27.253	1.32401	1.32411			6
2025.11.27	01:03:29.101		1.32410			4
2025.11.27	01:03:30.310	1.32402				2
2025.11.27	01:03:31.228		1.32409			4
2025.11.27	01:03:32.148	1.32403				2
2025.11.27	01:03:33.377		1.32408			4
2025.11.27	01:03:33.680	1.32402	1.32422			6
2025.11.27	01:03:40.540	1.32403				2
2025.11.27	01:03:48.928	1.32404	1.32426			6
2025.11.27	01:03:49.542	1.32407	1.32427			6
2025.11.27	01:03:49.851	1.32405	1.32429			6
2025.11.27	01:03:51.100	1.32407				2
2025.11.27	01:03:55.473	1.32410				2
2025.11.27	01:03:55.781	1.32412				2
2025.11.27	01:03:57.025		1.32420			4
2025.11.27	01:03:57.328	1.32413				2
2025.11.27	01:03:57.640	1.32412	1.32429			6
2025.11.27	01:04:00.126	1.32412				2
2025.11.27	01:04:09.476	1.32415	1.32418			6
2025.11.27	01:04:12.532	1.32412	1.32429			6
2025.11.27	01:04:15.335		1.32428			4
2025.11.27	01:04:22.800	1.32415	1.32418			6
2025.11.27	01:04:26.783	1.32411	1.32429			6
2025.11.27	01:04:36.717	1.32412	1.32432			6
2025.11.27	01:04:37.031	1.32414	1.32433			6
2025.11.27	01:04:37.960	1.32418	1.32421			6
2025.11.27	01:04:39.180	1.32414	1.32433			6
2025.11.27	01:04:49.456	1.32413	1.32432			6
2025.11.27	01:04:49.763	1.32398	1.32437			6
2025.11.27	01:04:52.868	1.32399				2
2025.11.27	01:04:53.490	1.32413	1.32432			6
2025.11.27	01:04:57.506	1.32412				2
2025.11.27	01:05:00.298	1.32412				2
2025.11.27	01:05:04.629	1.32414	1.32434			6
2025.11.27	01:05:04.938		1.32433			4
2025.11.27	01:05:05.252	1.32413	1.32434			6
2025.11.27	01:05:07.100		1.32433			4
2025.11.27	01:05:15.473	1.32418	1.32434			6
2025.11.27	01:05:16.082	1.32417				2
2025.11.27	01:05:18.268		1.32433			4
2025.11.27	01:05:18.886		1.32434			4
2025.11.27	01:05:20.442		1.32433			4
2025.11.27	01:05:21.056		1.32434			4
2025.11.27	01:05:35.327		1.32433			4
2025.11.27	01:05:45.022		1.32432			4
2025.11.27	01:05:49.677		1.32431			4
2025.11.27	01:05:50.305		1.32419			4
2025.11.27	01:06:00.097	1.32417				2
2025.11.27	01:06:01.938		1.32418			4
2025.11.27	01:06:31.041		1.32419			4
2025.11.27	01:06:32.280		1.32420			4
2025.11.27	01:06:33.209		1.32424			4
2025.11.27	01:06:33.518		1.32425			4
2025.11.27	01:06:38.398		1.32424			4
2025.11.27	01:06:40.536	1.32418				2
2025.11.27	01:06:40.838	1.32417				2
2025.11.27	01:06:43.289		1.32423			4
2025.11.27	01:06:45.124	1.32418				2
2025.11.27	01:06:48.188		1.32422			4
2025.11.27	01:06:50.350	1.32419				2
2025.11.27	01:07:00.115	1.32419				2
2025.11.27	01:07:09.909	1.32420	1.32423			6
2025.11.27	01:07:11.131	1.32418	1.32425			6
2025.11.27	01:07:12.363	1.32419				2
2025.11.27	01:07:13.282		1.32424			4
2025.11.27	01:07:15.107	1.32420				2
2025.11.27	01:07:16.338	1.32421				2
2025.11.27	01:07:17.264	1.32420				2
2025.11.27	01:07:19.104	1.32421				2
2025.11.27	01:07:21.236		1.32425			4
2025.11.27	01:07:22.150		1.32424			4
2025.11.27	01:07:22.765	1.32423	1.32426			6
2025.11.27	01:07:24.301	1.32425	1.32435			6
2025.11.27	01:07:24.609	1.32426				2
2025.11.27	01:07:31.143		1.32434			4
2025.11.27	01:07:31.451	1.32428	1.32435			6
2025.11.27	01:07:31.765	1.32431				2
2025.11.27	01:07:32.071	1.32433	1.32439			6
2025.11.27	01:07:33.319		1.32440			4
2025.11.27	01:07:34.567	1.32432				2
2025.11.27	01:07:36.120		1.32439			4
2025.11.27	01:07:36.432		1.32440			4
2025.11.27	01:07:38.302		1.32439			4
2025.11.27	01:07:39.538	1.32433				2
2025.11.27	01:07:39.840	1.32432				2
2025.11.27	01:07:41.061	1.32426	1.32434			6
2025.11.27	01:07:41.367		1.32433			4
2025.11.27	01:07:42.280	1.32425	1.32434			6
2025.11.27	01:07:42.907	1.32426	1.32436			6
2025.11.27	01:07:43.223	1.32427				2
2025.11.27	01:07:44.148	1.32426				2
2025.11.27	01:07:45.382	1.32427				2
2025.11.27	01:07:47.866	1.32426	1.32433			6
2025.11.27	01:07:49.107	1.32425				2
2025.11.27	01:07:52.214		1.32432			4
2025.11.27	01:07:55.258		1.32431			4
2025.11.27	01:07:55.872	1.32429	1.32435			6
2025.11.27	01:07:56.183	1.32430				2
2025.11.27	01:07:57.112	1.32425	1.32432			6
2025.11.27	01:07:58.358		1.32433			4
2025.11.27	01:08:00.239	1.32425	1.32432			6
2025.11.27	01:08:03.322	1.32431	1.32437			6
2025.11.27	01:08:04.245	1.32425	1.32433			6
2025.11.27	01:08:05.171		1.32434			4
2025.11.27	01:08:07.352		1.32433			4
2025.11.27	01:08:10.143		1.32432			4
2025.11.27	01:08:13.222		1.32431			4
2025.11.27	01:08:14.149	1.32426				2
2025.11.27	01:08:15.375		1.32430			4
2025.11.27	01:08:16.303	1.32427				2
2025.11.27	01:08:19.685	1.32421	1.32424			6
2025.11.27	01:08:19.994	1.32418	1.32421			6
2025.11.27	01:08:20.613	1.32416	1.32419			6
2025.11.27	01:08:21.227	1.32413	1.32423			6
2025.11.27	01:08:21.851		1.32422			4
2025.11.27	01:08:22.156	1.32414				2
2025.11.27	01:08:23.084		1.32421			4
2025.11.27	01:08:26.189		1.32420			4
2025.11.27	01:08:29.261	1.32417	1.32422			6
2025.11.27	01:08:30.185	1.32420	1.32421			6
2025.11.27	01:08:30.488	1.32422	1.32428			6
2025.11.27	01:08:31.106	1.32421	1.32430			6
2025.11.27	01:08:31.427	1.32422	1.32431			6
2025.11.27	01:08:31.729	1.32430	1.32435			6
2025.11.27	01:08:32.349	1.32428				2
2025.11.27	01:08:32.657	1.32422	1.32431			6
2025.11.27	01:08:33.281	1.32421	1.32432			6
2025.11.27	01:08:37.320		1.32431			4
2025.11.27	01:08:37.961	1.32429	1.32435			6
2025.11.27	01:08:39.210	1.32422	1.32432			6
2025.11.27	01:08:40.147	1.32421				2
2025.11.27	01:08:40.755	1.32427	1.32433			6
2025.11.27	01:08:41.072	1.32421	1.32432			6
2025.11.27	01:08:42.299		1.32431			4
2025.11.27	01:08:44.167		1.32430			4
2025.11.27	01:08:45.104	1.32422				2
2025.11.27	01:08:46.329		1.32429			4
2025.11.27	01:08:47.257	1.32423				2
2025.11.27	01:08:47.566	1.32429	1.32434			6
2025.11.27	01:08:48.176	1.32428				2
2025.11.27	01:08:50.326	1.32429				2
2025.11.27	01:08:50.633	1.32423	1.32429			6
2025.11.27	01:08:51.239		1.32428			4
2025.11.27	01:08:52.154	1.32422	1.32430			6
2025.11.27	01:08:53.108		1.32429			4
2025.11.27	01:08:54.335	1.32423				2
2025.11.27	01:08:55.252		1.32428			4
2025.11.27	01:08:56.160	1.32424				2
2025.11.27	01:08:57.086	1.32429	1.32433			6
2025.11.27	01:08:57.388		1.32432			4
2025.11.27	01:08:58.304	1.32428	1.32433			6
2025.11.27	01:08:59.221	1.32429				2
2025.11.27	01:08:59.524	1.32424	1.32428			6
2025.11.27	01:09:00.136	1.32423	1.32429			6
2025.11.27	01:09:01.360		1.32428			4
2025.11.27	01:09:02.273	1.32424	1.32427			6
2025.11.27	01:09:05.638	1.32425	1.32428			6
2025.11.27	01:09:10.231	1.32422	1.32425			6
2025.11.27	01:09:10.534	1.32421	1.32424			6
2025.11.27	01:09:15.130	1.32427	1.32429			6
2025.11.27	01:09:15.437	1.32420	1.32423			6
2025.11.27	01:09:16.666	1.32421	1.32424			6
2025.11.27	01:09:39.027	1.32423	1.32426			6
2025.11.27	01:09:40.256	1.32424	1.32427			6
2025.11.27	01:10:00.207	1.32424				2
2025.11.27	01:10:02.044	1.32430	1.32433			6
2025.11.27	01:10:02.350	1.32431	1.32434			6
2025.11.27	01:10:03.258	1.32428	1.32437			6
2025.11.27	01:10:05.128		1.32436			4
2025.11.27	01:10:07.314	1.32429				2
2025.11.27	01:10:09.181		1.32435			4
2025.11.27	01:10:10.118	1.32430				2
2025.11.27	01:10:10.425	1.32434	1.32439			6
2025.11.27	01:10:11.349	1.32432				2
2025.11.27	01:10:12.277	1.32433				2
2025.11.27	01:10:13.205	1.32429	1.32436			6
2025.11.27	01:10:14.140	1.32427	1.32437			6
2025.11.27	01:10:15.384		1.32436			4
2025.11.27	01:10:17.284	1.32428				2
2025.11.27	01:10:18.209		1.32435			4
2025.11.27	01:10:18.824	1.32429	1.32436			6
2025.11.27	01:10:19.139		1.32435			4
2025.11.27	01:10:20.367	1.32430				2
2025.11.27	01:10:21.300		1.32434			4
2025.11.27	01:10:22.213	1.32431				2
2025.11.27	01:10:39.700	1.32435	1.32438			6
2025.11.27	01:10:40.006	1.32431	1.32434			6
2025.11.27	01:10:40.312	1.32429	1.32435			6
2025.11.27	01:10:40.938	1.32430	1.32436			6
2025.11.27	01:10:41.241	1.32428	1.32438			6
2025.11.27	01:10:43.091	1.32429				2
2025.11.27	01:10:45.250		1.32437			4
2025.11.27	01:10:46.172		1.32436			4
2025.11.27	01:10:47.203	1.32430				2
2025.11.27	01:10:48.133		1.32435			4
2025.11.27	01:10:49.367		1.32434			4
2025.11.27	01:10:50.279	1.32431				2
2025.11.27	01:10:56.076	1.32427	1.32438			6
2025.11.27	01:10:58.241	1.32431	1.32439			6
2025.11.27	01:10:59.167	1.32427	1.32434			6
2025.11.27	01:10:59.472	1.32424	1.32433			6
2025.11.27	01:10:59.775	1.32425				2
2025.11.27	01:11:00.078	1.32425				2
2025.11.27	01:11:03.816		1.32432			4
2025.11.27	01:11:04.131	1.32424	1.32434			6
2025.11.27	01:11:05.077	1.32425	1.32432			6
2025.11.27	01:11:05.698	1.32428				2
2025.11.27	01:11:06.017		1.32433			4
2025.11.27	01:11:06.956	1.32425				2
2025.11.27	01:11:07.576	1.32424	1.32434			6
2025.11.27	01:11:09.131	1.32429				2
2025.11.27	01:11:09.437	1.32425				2
2025.11.27	01:11:10.070	1.32429				2
2025.11.27	01:11:10.386	1.32430				2
2025.11.27	01:11:11.311	1.32429				2
2025.11.27	01:11:11.929		1.32433			4
2025.11.27	01:11:12.237	1.32430				2
2025.11.27	01:11:12.556	1.32425				2
2025.11.27	01:11:16.328	1.32426				2
2025.11.27	01:11:17.262		1.32432			4
2025.11.27	01:11:18.189	1.32427				2
2025.11.27	01:11:19.108	1.32428				2
2025.11.27	01:11:20.027	1.32427	1.32431			6
2025.11.27	01:11:20.328	1.32428				2
2025.11.27	01:11:23.086	1.32429	1.32432			6
2025.11.27	01:11:24.310	1.32428	1.32431			6
2025.11.27	01:11:26.467	1.32429	1.32432			6
2025.11.27	01:11:27.687	1.32428	1.32431			6
2025.11.27	01:11:28.299	1.32429	1.32432			6
2025.11.27	01:11:40.870	1.32433	1.32434			6
2025.11.27	01:11:47.578	1.32429	1.32432			6
2025.11.27	01:11:48.197	1.32432	1.32433			6
2025.11.27	01:12:00.150	1.32432				2
2025.11.27	01:12:00.454	1.32429	1.32432			6
2025.11.27	01:12:01.665	1.32433	1.32434			6
2025.11.27	01:12:02.275	1.32432	1.32433			6
2025.11.27	01:12:04.452		1.32434			4
2025.11.27	01:12:06.313	1.32433				2
2025.11.27	01:12:37.553	1.32429	1.32432			6
2025.11.27	01:12:39.083	1.32427	1.32433			6
2025.11.27	01:12:43.125	1.32428				2
2025.11.27	01:12:45.311		1.32432			4
2025.11.27	01:12:46.252	1.32429				2
2025.11.27	01:13:00.067	1.32429				2
2025.11.27	01:13:16.421	1.32428	1.32431			6
2025.11.27	01:13:18.089	1.32429	1.32432			6
2025.11.27	01:13:48.786	1.32427	1.32430			6
2025.11.27	01:13:49.096	1.32426	1.32429			6
2025.11.27	01:13:50.027	1.32430	1.32433			6
2025.11.27	01:13:50.336	1.32427				2
2025.11.27	01:13:51.261	1.32426				2
2025.11.27	01:13:51.878	1.32427				2
2025.11.27	01:13:55.333	1.32424				2
2025.11.27	01:14:00.302	1.32424				2
2025.11.27	01:14:01.225	1.32429				2
2025.11.27	01:14:02.153	1.32427				2
2025.11.27	01:14:04.312	1.32428				2
2025.11.27	01:14:07.115	1.32429				2
2025.11.27	01:14:09.274	1.32430				2
2025.11.27	01:14:12.373	1.32431				2
2025.11.27	01:14:15.164	1.32432				2
2025.11.27	01:14:16.388	1.32428	1.32431			6
2025.11.27	01:14:17.374	1.32426	1.32433			6
2025.11.27	01:14:19.244	1.32427				2
2025.11.27	01:14:19.861	1.32431				2
2025.11.27	01:14:21.112	1.32429				2
2025.11.27	01:14:22.970	1.32425				2
2025.11.27	01:14:23.279	1.32430				2
2025.11.27	01:14:24.223	1.32426				2
2025.11.27	01:14:25.176	1.32425				2
2025.11.27	01:14:25.797	1.32428				2
2025.11.27	01:14:27.337	1.32425				2
2025.11.27	01:14:30.175	1.32426				2
2025.11.27	01:14:32.043		1.32432			4
2025.11.27	01:14:32.350	1.32427				2
2025.11.27	01:14:35.164	1.32415	1.32420			6
2025.11.27	01:14:36.407	1.32414	1.32422			6
2025.11.27	01:14:36.727	1.32413	1.32421			6
2025.11.27	01:14:37.357		1.32420			4
2025.11.27	01:14:38.294		1.32419			4
2025.11.27	01:14:41.127		1.32418			4
2025.11.27	01:14:43.280	1.32414	1.32421			6
2025.11.27	01:14:47.328		1.32420			4
2025.11.27	01:14:48.572	1.32420	1.32422			6
2025.11.27	01:14:49.211	1.32418				2
2025.11.27	01:14:50.152	1.32419				2
2025.11.27	01:14:51.090	1.32414	1.32421			6
2025.11.27	01:14:51.402		1.32420			4
2025.11.27	01:14:52.345		1.32421			4
2025.11.27	01:14:55.165		1.32420			4
2025.11.27	01:14:57.339		1.32419			4
2025.11.27	01:14:58.259	1.32415				2
2025.11.27	01:14:59.175		1.32418			4
2025.11.27	01:15:00.103	1.32415				2
2025.11.27	01:15:15.411	1.32416	1.32419			6
2025.11.27	01:15:19.528	1.32421	1.32423			6
2025.11.27	01:15:20.441	1.32416	1.32419			6
2025.11.27	01:15:21.361	1.32415	1.32422			6
2025.11.27	01:15:23.235		1.32421			4
2025.11.27	01:15:25.101		1.32420			4
2025.11.27	01:15:26.351		1.32419			4
2025.11.27	01:15:27.267	1.32416				2
2025.11.27	01:15:30.941	1.32415	1.32418			6
2025.11.27	01:15:31.250	1.32416	1.32419			6
2025.11.27	01:15:33.107	1.32415	1.32418			6
2025.11.27	01:15:33.415	1.32416	1.32419			6
2025.11.27	01:15:34.338	1.32415	1.32418			6
2025.11.27	01:15:34.640	1.32416	1.32419			6
2025.11.27	01:15:35.856	1.32414	1.32417			6
2025.11.27	01:15:36.161	1.32413	1.32420			6
2025.11.27	01:15:36.772	1.32414	1.32419			6
2025.11.27	01:15:37.089	1.32413	1.32421			6
2025.11.27	01:15:38.960	1.32414				2
2025.11.27	01:15:39.269	1.32413				2
2025.11.27	01:15:41.143	1.32414				2
2025.11.27	01:15:41.445	1.32413				2
2025.11.27	01:15:42.067		1.32420			4
2025.11.27	01:15:43.314	1.32414	1.32419			6
2025.11.27	01:15:43.629		1.32420			4
2025.11.27	01:15:44.251		1.32419			4
2025.11.27	01:15:45.175		1.32418			4
2025.11.27	01:15:47.350		1.32417			4
2025.11.27	01:16:00.236	1.32414				2
2025.11.27	01:16:24.797	1.32416	1.32419			6
2025.11.27	01:16:25.417	1.32414	1.32417			6
2025.11.27	01:16:30.958	1.32416	1.32419			6
2025.11.27	01:16:32.792	1.32414	1.32417			6
2025.11.27	01:16:34.024	1.32416	1.32419			6
2025.11.27	01:16:38.305	1.32420	1.32422			6
2025.11.27	01:16:38.608	1.32414	1.32417			6
2025.11.27	01:16:43.804	1.32416	1.32419			6
2025.11.27	01:16:46.269	1.32421	1.32422			6
2025.11.27	01:16:47.189	1.32418				2
2025.11.27	01:16:48.730	1.32416	1.32421			6
2025.11.27	01:16:49.367	1.32415				2
2025.11.27	01:16:50.297	1.32416				2
2025.11.27	01:16:51.839	1.32413	1.32420			6
2025.11.27	01:16:52.157		1.32421			4
2025.11.27	01:16:54.014	1.32414				2
2025.11.27	01:16:56.189		1.32420			4
2025.11.27	01:16:58.370		1.32419			4
2025.11.27	01:17:00.243	1.32414	1.32418			6
2025.11.27	01:17:01.485	1.32415	1.32419			6
2025.11.27	01:17:01.787	1.32414	1.32418			6
2025.11.27	01:17:02.088		1.32417			4
2025.11.27	01:17:05.167	1.32415	1.32421			6
2025.11.27	01:17:06.103	1.32416				2
2025.11.27	01:17:09.222	1.32417				2
2025.11.27	01:17:10.160	1.32418				2
2025.11.27	01:17:12.020	1.32420	1.32422			6
2025.11.27	01:17:13.274	1.32421				2
2025.11.27	01:17:16.329	1.32416	1.32419			6
2025.11.27	01:17:17.254	1.32414	1.32422			6
2025.11.27	01:17:20.385		1.32421			4
2025.11.27	01:17:22.253	1.32415	1.32420			6
2025.11.27	01:17:23.193		1.32419			4
2025.11.27	01:17:24.099	1.32416				2
2025.11.27	01:17:27.773	1.32414	1.32417			6
2025.11.27	01:17:29.305	1.32416	1.32419			6
2025.11.27	01:17:30.532	1.32420	1.32422			6
2025.11.27	01:17:31.141	1.32416				2
2025.11.27	01:17:32.381	1.32415				2
2025.11.27	01:17:32.688	1.32416				2
2025.11.27	01:17:33.316	1.32417				2
2025.11.27	01:17:34.253	1.32418				2
2025.11.27	01:17:34.560	1.32416	1.32421			6
2025.11.27	01:17:36.121	1.32417				2
2025.11.27	01:17:37.370	1.32418				2
2025.11.27	01:17:38.603	1.32420	1.32422			6
2025.11.27	01:17:39.831	1.32418	1.32421			6
2025.11.27	01:17:40.139	1.32416	1.32422			6
2025.11.27	01:17:40.444	1.32414	1.32419			6
2025.11.27	01:17:41.384		1.32422			4
2025.11.27	01:17:41.701	1.32413				2
2025.11.27	01:17:42.010		1.32421			4
2025.11.27	01:17:42.327		1.32420			4
2025.11.27	01:17:44.178		1.32419			4
2025.11.27	01:17:45.117		1.32418			4
2025.11.27	01:17:46.375	1.32414	1.32417			6
2025.11.27	01:17:50.949	1.32416	1.32419			6
2025.11.27	01:17:55.536	1.32419	1.32422			6
2025.11.27	01:17:57.388	1.32420				2
2025.11.27	01:17:57.693	1.32419				2
2025.11.27	01:17:58.309	1.32420				2
2025.11.27	01:17:58.617	1.32419				2
2025.11.27	01:18:00.141	1.32417	1.32420			6
2025.11.27	01:18:00.445	1.32418	1.32421			6
2025.11.27	01:18:01.385	1.32417	1.32420			6
2025.11.27	01:18:01.694	1.32420	1.32423			6
2025.11.27	01:18:02.304	1.32415				2
2025.11.27	01:18:03.238	1.32414	1.32422			6
2025.11.27	01:18:03.542		1.32421			4
2025.11.27	01:18:05.082		1.32422			4
2025.11.27	01:18:11.306	1.32404	1.32412			6
2025.11.27	01:18:11.620		1.32411			4
2025.11.27	01:18:12.873		1.32412			4
2025.11.27	01:18:21.282	1.32405				2
2025.11.27	01:18:22.211		1.32411			4
2025.11.27	01:18:23.145	1.32406				2
2025.11.27	01:18:24.371	1.32407	1.32410			6
2025.11.27	01:18:34.452	1.32410	1.32412			6
2025.11.27	01:18:35.376	1.32407	1.32410			6
2025.11.27	01:18:43.350	1.32406	1.32407			6
2025.11.27	01:18:43.656	1.32407	1.32410			6
2025.11.27	01:18:43.963	1.32406	1.32407			6
2025.11.27	01:18:44.265	1.32407	1.32410			6
2025.11.27	01:18:44.566	1.32406	1.32407			6
2025.11.27	01:18:44.877	1.32407	1.32410			6
2025.11.27	01:18:45.181	1.32406	1.32407			6
2025.11.27	01:18:45.488	1.32407	1.32410			6
2025.11.27	01:18:45.793	1.32406	1.32407			6
2025.11.27	01:18:46.097	1.32407	1.32409			6
2025.11.27	01:18:46.402	1.32406	1.32407			6
2025.11.27	01:18:46.710	1.32407	1.32409			6
2025.11.27	01:18:47.017	1.32406				2
2025.11.27	01:18:54.081	1.32407	1.32410			6
2025.11.27	01:19:00.221	1.32407				2
2025.11.27	01:19:01.747	1.32406	1.32409			6
2025.11.27	01:19:13.076	1.32410	1.32413			6
2025.11.27	01:19:14.307	1.32409				2
2025.11.27	01:19:14.625	1.32408				2
2025.11.27	01:19:15.252	1.32409				2
2025.11.27	01:19:18.375	1.32410				2
2025.11.27	01:19:51.827	1.32406	1.32409			6
2025.11.27	01:19:52.131	1.32405	1.32408			6
2025.11.27	01:19:53.363	1.32404	1.32412			6
2025.11.27	01:19:58.358		1.32411			4
2025.11.27	01:20:00.235	1.32408	1.32413			6
2025.11.27	01:20:00.544	1.32409				2
2025.11.27	01:20:01.186	1.32407				2
2025.11.27	01:20:01.491	1.32406				2
2025.11.27	01:20:02.132	1.32407				2
2025.11.27	01:20:02.451	1.32406				2
2025.11.27	01:20:02.766		1.32412			4
2025.11.27	01:20:04.317	1.32407				2
2025.11.27	01:20:05.255	1.32408				2
2025.11.27	01:20:05.563	1.32407				2
2025.11.27	01:20:06.186	1.32408				2
2025.11.27	01:20:09.269	1.32410				2
2025.11.27	01:20:09.578	1.32409				2
2025.11.27	01:20:11.121	1.32410				2
2025.11.27	01:20:12.366	1.32411				2
2025.11.27	01:20:12.685	1.32410				2
2025.11.27	01:20:13.307	1.32411				2
2025.11.27	01:20:14.221	1.32412	1.32413			6
2025.11.27	01:20:14.531	1.32411	1.32412			6
2025.11.27	01:20:15.453	1.32412	1.32413			6
2025.11.27	01:20:15.755	1.32411	1.32412			6
2025.11.27	01:20:16.367	1.32405	1.32408			6
2025.11.27	01:20:16.675	1.32406	1.32409			6
2025.11.27	01:20:17.284	1.32404	1.32413			6
2025.11.27	01:20:20.095		1.32412			4
2025.11.27	01:20:20.716	1.32408	1.32413			6
2025.11.27	01:20:21.019	1.32407				2
2025.11.27	01:20:21.333	1.32408				2
2025.11.27	01:20:22.264	1.32407				2
2025.11.27	01:20:26.304	1.32408				2
2025.11.27	01:20:29.091	1.32409				2
2025.11.27	01:20:31.260	1.32410				2
2025.11.27	01:20:32.197	1.32411				2
2025.11.27	01:20:32.507	1.32410				2
2025.11.27	01:20:32.811	1.32411				2
2025.11.27	01:20:34.976	1.32412				2
2025.11.27	01:20:35.284	1.32411				2
2025.11.27	01:20:35.904	1.32412				2
2025.11.27	01:20:36.205	1.32411				2
2025.11.27	01:20:38.034	1.32412				2
2025.11.27	01:20:38.340	1.32411				2
2025.11.27	01:20:40.178	1.32412				2
2025.11.27	01:20:41.405	1.32411				2
2025.11.27	01:20:43.228	1.32412				2
2025.11.27	01:20:43.534	1.32411				2
2025.11.27	01:20:46.293	1.32412				2
2025.11.27	01:20:46.603	1.32411				2
2025.11.27	01:20:49.376	1.32412				2
2025.11.27	01:20:49.679	1.32411				2
2025.11.27	01:20:50.605	1.32412				2
2025.11.27	01:20:51.837	1.32411				2
2025.11.27	01:20:54.597	1.32412				2
2025.11.27	01:20:54.906	1.32411				2
2025.11.27	01:20:59.501	1.32412				2
2025.11.27	01:20:59.811	1.32411				2
2025.11.27	01:21:00.112	1.32411				2
2025.11.27	01:21:01.037		1.32414			4
2025.11.27	01:21:03.167	1.32419	1.32422			6
2025.11.27	01:21:03.780	1.32420	1.32423			6
2025.11.27	01:21:04.085	1.32415				2
2025.11.27	01:21:05.342	1.32416				2
2025.11.27	01:21:06.886	1.32415				2
2025.11.27	01:21:07.207	1.32416				2
2025.11.27	01:21:07.512	1.32415				2
2025.11.27	01:21:09.361	1.32416				2
2025.11.27	01:21:09.670	1.32415				2
2025.11.27	01:21:09.979	1.32416				2
2025.11.27	01:21:11.216	1.32417				2
2025.11.27	01:21:12.445	1.32415	1.32419			6
2025.11.27	01:21:12.751	1.32413	1.32418			6
2025.11.27	01:21:13.381	1.32412				2
2025.11.27	01:21:15.250	1.32413				2
2025.11.27	01:21:17.105	1.32414				2
2025.11.27	01:21:18.956	1.32417	1.32420			6
2025.11.27	01:21:24.795	1.32419	1.32422			6
2025.11.27	01:21:25.098	1.32420				2
2025.11.27	01:21:27.848	1.32419				2
2025.11.27	01:21:28.157	1.32420	1.32423			6
2025.11.27	01:21:29.990	1.32419	1.32422			6
2025.11.27	01:21:30.298	1.32420	1.32423			6
2025.11.27	01:21:33.681	1.32417	1.32418			6
2025.11.27	01:21:34.296	1.32418	1.32419			6
2025.11.27	01:21:36.135	1.32417	1.32418			6
2025.11.27	01:21:36.435	1.32418	1.32419			6
2025.11.27	01:21:44.394	1.32417	1.32418			6
2025.11.27	01:21:48.671	1.32418	1.32419			6
2025.11.27	01:21:49.593	1.32417	1.32418			6
2025.11.27	01:21:50.816	1.32418	1.32419			6
2025.11.27	01:21:51.738	1.32417	1.32418			6
2025.11.27	01:21:52.040	1.32418	1.32419			6
2025.11.27	01:21:54.801	1.32417	1.32418			6
2025.11.27	01:21:55.109	1.32418	1.32419			6
2025.11.27	01:21:57.871	1.32417	1.32418			6
2025.11.27	01:21:58.172	1.32418	1.32419			6
2025.11.27	01:22:00.013	1.32417	1.32418			6
2025.11.27	01:22:00.315	1.32418	1.32419			6
2025.11.27	01:22:04.616	1.32421	1.32423			6
2025.11.27	01:22:05.839	1.32420				2
2025.11.27	01:22:08.895	1.32419	1.32422			6
2025.11.27	01:22:09.204	1.32420	1.32423			6
2025.11.27	01:22:11.046	1.32419	1.32422			6
2025.11.27	01:22:11.357	1.32420	1.32423			6
2025.11.27	01:22:13.805	1.32419	1.32422			6
2025.11.27	01:22:14.113	1.32420				2
2025.11.27	01:22:15.961	1.32419				2
2025.11.27	01:22:16.278	1.32420				2
2025.11.27	01:22:16.892	1.32419				2
2025.11.27	01:22:17.197	1.32420				2
2025.11.27	01:22:19.037	1.32419				2
2025.11.27	01:22:19.339	1.32420				2
2025.11.27	01:22:22.102	1.32419				2
2025.11.27	01:22:22.404	1.32420				2
2025.11.27	01:22:24.249	1.32419				2
2025.11.27	01:22:24.551	1.32420				2
2025.11.27	01:22:27.309	1.32419				2
2025.11.27	01:22:27.614	1.32420				2
2025.11.27	01:22:30.388	1.32419				2
2025.11.27	01:22:30.691	1.32420				2
2025.11.27	01:22:32.534	1.32419				2
2025.11.27	01:22:32.840	1.32420				2
2025.11.27	01:22:35.608	1.32419				2
2025.11.27	01:22:35.912	1.32420				2
2025.11.27	01:22:38.669	1.32419				2
2025.11.27	01:22:38.970	1.32420				2
2025.11.27	01:22:40.803	1.32419				2
2025.11.27	01:22:41.107	1.32420				2
2025.11.27	01:22:43.869	1.32419				2
2025.11.27	01:22:44.183	1.32420				2
2025.11.27	01:22:46.971	1.32419				2
2025.11.27	01:22:47.281	1.32420				2
2025.11.27	01:22:49.141	1.32419				2
2025.11.27	01:22:49.448	1.32420				2
2025.11.27	01:22:50.072	1.32419				2
2025.11.27	01:22:50.375	1.32420				2
2025.11.27	01:22:52.231	1.32419				2
2025.11.27	01:22:52.540	1.32420				2
2025.11.27	01:22:53.161	1.32419				2
2025.11.27	01:22:53.479	1.32420				2
2025.11.27	01:22:55.339	1.32419				2
2025.11.27	01:22:55.649	1.32420	1.32423			6
2025.11.27	01:22:56.263	1.32419	1.32422			6
2025.11.27	01:22:56.576	1.32420	1.32423			6
2025.11.27	01:22:58.449	1.32419	1.32422			6
2025.11.27	01:22:58.758	1.32420	1.32423			6
2025.11.27	01:23:00.300	1.32420				2
2025.11.27	01:23:01.548	1.32419	1.32422			6
2025.11.27	01:23:01.865	1.32420	1.32423			6
2025.11.27	01:23:02.484	1.32419	1.32422			6
2025.11.27	01:23:02.792	1.32420	1.32423			6
2025.11.27	01:23:04.646	1.32419	1.32422			6
2025.11.27	01:23:04.964	1.32420	1.32423			6
2025.11.27	01:23:07.752	1.32419	1.32422			6
2025.11.27	01:23:08.061	1.32420	1.32423			6
2025.11.27	01:23:08.376		1.32422			4
2025.11.27	01:23:10.861	1.32419				2
2025.11.27	01:23:11.169	1.32420				2
2025.11.27	01:23:13.972	1.32419				2
2025.11.27	01:23:14.278	1.32420				2
2025.11.27	01:23:17.064	1.32419				2
2025.11.27	01:23:17.372	1.32420				2
2025.11.27	01:23:20.154	1.32419				2
2025.11.27	01:23:20.462	1.32420				2
2025.11.27	01:23:23.257	1.32419				2
2025.11.27	01:23:23.569	1.32420				2
2025.11.27	01:23:26.347	1.32419				2
2025.11.27	01:23:32.571	1.32416	1.32419			6
2025.11.27	01:23:33.192	1.32411				2
2025.11.27	01:23:33.508		1.32418			4
2025.11.27	01:23:37.267	1.32412				2
2025.11.27	01:23:39.136	1.32413				2
2025.11.27	01:23:40.990	1.32414				2
2025.11.27	01:23:45.380	1.32415				2
2025.11.27	01:23:46.638		1.32419			4
2025.11.27	01:23:46.946		1.32418			4
2025.11.27	01:23:48.207	1.32416				2
2025.11.27	01:23:49.775		1.32419			4
2025.11.27	01:23:50.085	1.32417				2
2025.11.27	01:24:00.225	1.32417				2
2025.11.27	01:24:01.143		1.32418			4
2025.11.27	01:24:03.579		1.32419			4
2025.11.27	01:24:18.937		1.32420			4
2025.11.27	01:24:29.325		1.32419			4
2025.11.27	01:24:30.256		1.32420			4
2025.11.27	01:24:33.927		1.32419			4
2025.11.27	01:24:40.403		1.32420			4
2025.11.27	01:24:43.203		1.32419			4
2025.11.27	01:24:45.376		1.32420			4
2025.11.27	01:24:45.996		1.32419			4
2025.11.27	01:24:47.550		1.32420			4
2025.11.27	01:24:48.168	1.32416	1.32419			6
2025.11.27	01:24:49.094	1.32414				2
2025.11.27	01:24:51.264	1.32415				2
2025.11.27	01:24:53.449		1.32418			4
2025.11.27	01:24:54.075		1.32419			4
2025.11.27	01:24:54.376	1.32414				2
2025.11.27	01:24:56.262	1.32415				2
2025.11.27	01:24:56.579	1.32413	1.32414			6
2025.11.27	01:24:56.883	1.32412				2
2025.11.27	01:24:58.123	1.32408				2
2025.11.27	01:25:00.281	1.32408				2
2025.11.27	01:25:01.207		1.32412			4
2025.11.27	01:25:01.519		1.32413			4
2025.11.27	01:25:02.141		1.32412			4
2025.11.27	01:25:02.771	1.32407				2
2025.11.27	01:25:04.336	1.32408				2
2025.11.27	01:25:04.654		1.32413			4
2025.11.27	01:25:05.280	1.32409				2
2025.11.27	01:25:06.199	1.32408				2
2025.11.27	01:25:06.508	1.32409	1.32412			6
2025.11.27	01:25:06.808		1.32413			4
2025.11.27	01:25:07.740		1.32414			4
2025.11.27	01:25:08.045	1.32406	1.32412			6
2025.11.27	01:25:08.349	1.32407				2
2025.11.27	01:25:09.279	1.32404				2
2025.11.27	01:25:09.898	1.32405				2
2025.11.27	01:25:12.083	1.32406				2
2025.11.27	01:25:12.401	1.32405				2
2025.11.27	01:25:13.028	1.32406				2
2025.11.27	01:25:15.521	1.32407	1.32411			6
2025.11.27	01:25:15.825	1.32406				2
2025.11.27	01:25:16.143	1.32407				2
2025.11.27	01:25:16.454		1.32412			4
2025.11.27	01:25:16.760	1.32406	1.32411			6
2025.11.27	01:25:17.386	1.32407				2
2025.11.27	01:25:17.694		1.32412			4
2025.11.27	01:25:18.008	1.32408				2
2025.11.27	01:25:18.312	1.32409				2
2025.11.27	01:25:18.937	1.32408				2
2025.11.27	01:25:19.254	1.32411	1.32417			6
2025.11.27	01:25:19.561	1.32412				2
2025.11.27	01:25:20.181	1.32411	1.32418			6
2025.11.27	01:25:20.484	1.32413	1.32420			6
2025.11.27	01:25:22.032		1.32419			4
2025.11.27	01:25:24.190	1.32414				2
2025.11.27	01:25:25.121	1.32418	1.32423			6
2025.11.27	01:25:25.739		1.32422			4
2025.11.27	01:25:26.040	1.32419				2
2025.11.27	01:25:26.344	1.32417				2
2025.11.27	01:25:26.665	1.32416				2
2025.11.27	01:25:26.967	1.32415	1.32420			6
2025.11.27	01:25:27.278	1.32414				2
2025.11.27	01:25:27.592		1.32419			4
2025.11.27	01:25:28.211	1.32413				2
2025.11.27	01:25:28.529	1.32412				2
2025.11.27	01:25:30.394	1.32413				2
2025.11.27	01:25:33.827		1.32418			4
2025.11.27	01:25:35.086		1.32419			4
2025.11.27	01:25:35.395	1.32414				2
2025.11.27	01:25:35.716	1.32413	1.32418			6
2025.11.27	01:25:36.343	1.32414				2
2025.11.27	01:25:38.186	1.32415				2
2025.11.27	01:25:38.802	1.32414				2
2025.11.27	01:25:40.346	1.32415				2
2025.11.27	01:25:41.262	1.32416	1.32419			6
2025.11.27	01:25:53.552	1.32417				2
2025.11.27	01:25:54.476	1.32416				2
2025.11.27	01:25:56.625	1.32419	1.32421			6
2025.11.27	01:25:59.078	1.32418				2
2025.11.27	01:26:00.008	1.32418				2
2025.11.27	01:26:00.620	1.32419	1.32422			6
2025.11.27	01:26:01.249		1.32423			4
2025.11.27	01:26:01.559		1.32422			4
2025.11.27	01:26:02.172	1.32420	1.32423			6
2025.11.27	01:26:03.395		1.32422			4
2025.11.27	01:26:03.696	1.32419				2
2025.11.27	01:26:04.918	1.32421	1.32423			6
2025.11.27	01:26:05.222	1.32420				2
2025.11.27	01:26:06.135		1.32422			4
2025.11.27	01:26:06.745	1.32421	1.32423			6
2025.11.27	01:26:08.904	1.32420				2
2025.11.27	01:26:10.733	1.32421				2
2025.11.27	01:26:11.041	1.32420				2
2025.11.27	01:26:11.663	1.32425	1.32428			6
2025.11.27	01:26:11.983	1.32426				2
2025.11.27	01:26:12.288		1.32429			4
2025.11.27	01:26:12.593		1.32428			4
2025.11.27	01:26:13.208	1.32422				2
2025.11.27	01:26:13.510		1.32429			4
2025.11.27	01:26:14.119		1.32428			4
2025.11.27	01:26:15.375	1.32423	1.32429			6
2025.11.27	01:26:18.189	1.32424				2
2025.11.27	01:26:22.228	1.32425				2
2025.11.27	01:26:23.149	1.32426				2
2025.11.27	01:26:36.307	1.32427	1.32430			6
2025.11.27	01:26:36.612	1.32426	1.32429			6
2025.11.27	01:27:00.180	1.32426				2
2025.11.27	01:27:00.788	1.32425	1.32428			6
2025.11.27	01:27:02.026	1.32424	1.32427			6
2025.11.27	01:27:15.203		1.32426			4
2025.11.27	01:27:17.472	1.32423				2
2025.11.27	01:27:18.690	1.32418	1.32420			6
2025.11.27	01:27:18.996		1.32419			4
2025.11.27	01:27:19.308	1.32414				2
2025.11.27	01:27:19.932	1.32413				2
2025.11.27	01:27:20.861	1.32412				2
2025.11.27	01:27:21.172	1.32413				2
2025.11.27	01:27:21.787	1.32412	1.32420			6
2025.11.27	01:27:22.097	1.32413				2
2025.11.27	01:27:23.950	1.32412				2
2025.11.27	01:27:24.260	1.32413				2
2025.11.27	01:27:25.196	1.32414				2
2025.11.27	01:27:27.059	1.32413				2
2025.11.27	01:27:27.367	1.32414				2
2025.11.27	01:27:27.982	1.32413	1.32414			6
2025.11.27	01:27:28.295	1.32415	1.32420			6
2025.11.27	01:27:28.603	1.32413	1.32414			6
2025.11.27	01:27:28.909	1.32415	1.32420			6
2025.11.27	01:27:29.227	1.32414	1.32415			6
2025.11.27	01:27:29.533	1.32415	1.32420			6
2025.11.27	01:27:29.840	1.32414	1.32415			6
2025.11.27	01:27:30.143	1.32415	1.32420			6
2025.11.27	01:27:30.449	1.32414	1.32415			6
2025.11.27	01:27:30.752	1.32415	1.32420			6
2025.11.27	01:27:31.073	1.32414	1.32415			6
2025.11.27	01:27:31.381	1.32415	1.32419			6
2025.11.27	01:27:33.567	1.32416	1.32420			6
2025.11.27	01:27:35.124	1.32417				2
2025.11.27	01:27:48.598	1.32416	1.32419			6
2025.11.27	01:27:51.707	1.32417	1.32420			6
2025.11.27	01:27:52.011	1.32416	1.32418			6
2025.11.27	01:27:52.316	1.32415				2
2025.11.27	01:27:52.927	1.32416	1.32419			6
2025.11.27	01:27:54.155	1.32415	1.32418			6
2025.11.27	01:28:00.283	1.32415				2
2025.11.27	01:28:08.254	1.32416	1.32419			6
2025.11.27	01:28:19.281	1.32415	1.32418			6
2025.11.27	01:28:21.122	1.32416	1.32419			6
2025.11.27	01:28:45.140	1.32417	1.32420			6
2025.11.27	01:28:49.496	1.32416	1.32419			6
2025.11.27	01:28:50.125	1.32415	1.32420			6
2025.11.27	01:28:52.289	1.32416				2
2025.11.27	01:28:52.909	1.32419	1.32422			6
2025.11.27	01:28:53.212	1.32416	1.32423			6
2025.11.27	01:28:53.513	1.32415				2
2025.11.27	01:28:53.830	1.32416				2
2025.11.27	01:28:54.760	1.32418	1.32422			6
2025.11.27	01:28:55.078	1.32417				2
2025.11.27	01:29:00.093	1.32418				2
2025.11.27	01:29:00.396	1.32417				2
2025.11.27	01:29:00.712	1.32418	1.32423			6
2025.11.27	01:29:06.308	1.32419				2
2025.11.27	01:29:06.925	1.32418				2
2025.11.27	01:29:07.232	1.32419				2
2025.11.27	01:29:10.002	1.32418				2
2025.11.27	01:29:10.323	1.32419				2
2025.11.27	01:29:10.933	1.32420				2
2025.11.27	01:29:11.251	1.32419				2
2025.11.27	01:29:11.557	1.32420				2
2025.11.27	01:29:11.874	1.32419				2
2025.11.27	01:29:12.181	1.32420				2
2025.11.27	01:29:13.726	1.32421				2
2025.11.27	01:29:14.037	1.32420				2
2025.11.27	01:29:14.347	1.32421				2
2025.11.27	01:29:17.128	1.32422				2
2025.11.27	01:29:17.436	1.32421				2
2025.11.27	01:29:18.670	1.32422				2
2025.11.27	01:29:19.898	1.32421				2
2025.11.27	01:29:20.202	1.32422				2
2025.11.27	01:29:20.820	1.32421				2
2025.11.27	01:29:31.542	1.32420				2
2025.11.27	01:29:31.849	1.32422				2
2025.11.27	01:29:32.767	1.32421				2
2025.11.27	01:29:33.070	1.32422				2
2025.11.27	01:29:33.676	1.32421				2
2025.11.27	01:29:36.457	1.32422	1.32424			6
2025.11.27	01:29:37.981	1.32421	1.32423			6
2025.11.27	01:29:38.591	1.32422				2
2025.11.27	01:29:53.331		1.32424			4
2025.11.27	01:29:57.329	1.32423				2
2025.11.27	01:29:57.630	1.32422				2
2025.11.27	01:29:59.467	1.32421				2
2025.11.27	01:29:59.777	1.32423				2
2025.11.27	01:30:00.080	1.32420	1.32423			6
2025.11.27	01:30:00.698		1.32422			4
2025.11.27	01:30:01.010	1.32419				2
2025.11.27	01:30:01.313	1.32415				2
2025.11.27	01:30:03.163		1.32426			4
2025.11.27	01:30:04.095		1.32425			4
2025.11.27	01:30:05.329	1.32424	1.32433			6
2025.11.27	01:30:05.953	1.32427	1.32436			6
2025.11.27	01:30:06.276	1.32425				2
2025.11.27	01:30:06.899		1.32431			4
2025.11.27	01:30:10.027	1.32424				2
2025.11.27	01:30:13.175	1.32425				2
2025.11.27	01:30:14.098	1.32424				2
2025.11.27	01:30:14.417	1.32425				2
2025.11.27	01:30:18.159	1.32426				2
2025.11.27	01:30:21.251	1.32427				2
2025.11.27	01:30:23.757	1.32430	1.32433			6
2025.11.27	01:30:24.060	1.32431	1.32434			6
2025.11.27	01:30:24.370	1.32432				2
2025.11.27	01:30:24.674	1.32431	1.32432			6
2025.11.27	01:30:25.287	1.32429				2
2025.11.27	01:30:27.437	1.32428				2
2025.11.27	01:30:28.058	1.32432	1.32435			6
2025.11.27	01:30:28.364		1.32436			4
2025.11.27	01:30:28.684	1.32433	1.32438			6
2025.11.27	01:30:29.301	1.32431	1.32437			6
2025.11.27	01:30:29.611	1.32432	1.32438			6
2025.11.27	01:30:32.393	1.32433				2
2025.11.27	01:30:33.654		1.32437			4
2025.11.27	01:30:35.206	1.32434				2
2025.11.27	01:30:35.510		1.32438			4
2025.11.27	01:30:35.818	1.32433	1.32437			6
2025.11.27	01:30:36.121	1.32434				2
2025.11.27	01:30:38.564	1.32433	1.32436			6
2025.11.27	01:30:39.784	1.32434	1.32437			6
2025.11.27	01:30:54.529	1.32435				2
2025.11.27	01:30:59.448	1.32434				2
2025.11.27	01:31:00.062	1.32435				2
2025.11.27	01:31:00.669	1.32434				2
2025.11.27	01:31:07.719	1.32435				2
2025.11.27	01:31:08.332	1.32434				2
2025.11.27	01:31:10.787	1.32435				2
2025.11.27	01:31:13.249	1.32434				2
2025.11.27	01:31:14.160	1.32435				2
2025.11.27	01:31:14.466	1.32434				2
2025.11.27	01:31:15.379	1.32435				2
2025.11.27	01:31:19.655	1.32434				2
2025.11.27	01:31:20.877	1.32433	1.32436			6
2025.11.27	01:31:35.938	1.32432	1.32435			6
2025.11.27	01:31:41.485	1.32431	1.32433			6
2025.11.27	01:31:41.799		1.32434			4
2025.11.27	01:31:42.104	1.32432	1.32435			6
2025.11.27	01:31:43.950	1.32433	1.32436			6
2025.11.27	01:31:44.263	1.32432	1.32435			6
2025.11.27	01:31:45.804	1.32433	1.32436			6
2025.11.27	01:31:52.858	1.32434	1.32437			6
2025.11.27	01:31:54.123	1.32436	1.32439			6
2025.11.27	01:31:54.443	1.32435	1.32440			6
2025.11.27	01:31:55.367	1.32433				2
2025.11.27	01:31:57.857	1.32435	1.32437			6
2025.11.27	01:31:58.166	1.32431				2
2025.11.27	01:31:59.094	1.32430				2
2025.11.27	01:32:00.019	1.32430				2
2025.11.27	01:32:02.207	1.32431				2
2025.11.27	01:32:06.849	1.32432				2
2025.11.27	01:32:07.471	1.32433				2
2025.11.27	01:32:08.715	1.32432				2
2025.11.27	01:32:12.145	1.32433				2
2025.11.27	01:32:14.330	1.32434				2
2025.11.27	01:32:24.710	1.32436	1.32439			6
2025.11.27	01:32:26.242	1.32434				2
2025.11.27	01:32:26.863	1.32436				2
2025.11.27	01:32:27.172	1.32434				2
2025.11.27	01:32:29.048	1.32435				2
2025.11.27	01:32:30.305	1.32436				2
2025.11.27	01:32:34.620	1.32437	1.32440			6
2025.11.27	01:32:35.228	1.32430	1.32433			6
2025.11.27	01:32:36.146	1.32427				2
2025.11.27	01:32:46.377	1.32428				2
2025.11.27	01:32:47.300		1.32432			4
2025.11.27	01:32:47.602		1.32433			4
2025.11.27	01:32:47.909		1.32432			4
2025.11.27	01:32:48.212	1.32429				2
2025.11.27	01:32:49.775	1.32430				2
2025.11.27	01:32:50.088	1.32429				2
2025.11.27	01:32:50.395	1.32430				2
2025.11.27	01:32:52.851	1.32429				2
2025.11.27	01:32:53.469	1.32428	1.32431			6
2025.11.27	01:32:54.086	1.32429	1.32432			6
2025.11.27	01:32:55.623	1.32430				2
2025.11.27	01:32:55.929	1.32429				2
2025.11.27	01:32:59.607	1.32430				2
2025.11.27	01:33:00.222	1.32429				2
2025.11.27	01:33:00.838	1.32428	1.32431			6
2025.11.27	01:33:01.760	1.32429	1.32432			6
2025.11.27	01:33:02.061	1.32430				2
2025.11.27	01:33:03.287	1.32428				2
2025.11.27	01:33:05.153	1.32429				2
2025.11.27	01:33:05.765	1.32434	1.32437			6
2025.11.27	01:33:06.385	1.32430				2
2025.11.27	01:33:08.576	1.32429				2
2025.11.27	01:33:09.190	1.32430				2
2025.11.27	01:33:11.370	1.32431				2
2025.11.27	01:33:13.222	1.32433	1.32439			6
2025.11.27	01:33:13.840		1.32437			4
2025.11.27	01:33:14.146	1.32432	1.32438			6
2025.11.27	01:33:14.758	1.32433	1.32437			6
2025.11.27	01:33:16.316	1.32434				2
2025.11.27	01:33:21.859	1.32435	1.32438			6
2025.11.27	01:33:22.473	1.32437	1.32440			6
2025.11.27	01:33:23.387	1.32435	1.32438			6
2025.11.27	01:33:23.696	1.32434	1.32437			6
2025.11.27	01:33:24.317	1.32431				2
2025.11.27	01:33:24.620	1.32432				2
2025.11.27	01:33:24.924	1.32431				2
2025.11.27	01:33:25.240	1.32432				2
2025.11.27	01:33:25.547	1.32433				2
2025.11.27	01:33:25.859	1.32432				2
2025.11.27	01:33:26.181	1.32433				2
2025.11.27	01:33:28.373	1.32434				2
2025.11.27	01:33:29.315	1.32435				2
2025.11.27	01:33:29.927	1.32434				2
2025.11.27	01:33:37.577	1.32435				2
2025.11.27	01:33:37.881	1.32434				2
2025.11.27	01:33:44.316	1.32433	1.32436			6
2025.11.27	01:33:49.207	1.32434	1.32437			6
2025.11.27	01:33:51.664	1.32433	1.32436			6
2025.11.27	01:33:51.971	1.32435	1.32437			6
2025.11.27	01:33:52.284	1.32434				2
2025.11.27	01:33:52.595	1.32433	1.32436			6
2025.11.27	01:33:56.565	1.32434	1.32437			6
2025.11.27	01:34:00.255	1.32434				2
2025.11.27	01:34:03.606	1.32435	1.32438			6
2025.11.27	01:34:08.516	1.32434	1.32437			6
2025.11.27	01:34:14.042	1.32437	1.32440			6
2025.11.27	01:34:15.270	1.32438	1.32441			6
2025.11.27	01:34:15.876	1.32437	1.32440			6
2025.11.27	01:34:16.186	1.32439	1.32442			6
2025.11.27	01:34:16.495		1.32441			4
2025.11.27	01:34:17.107	1.32438	1.32442			6
2025.11.27	01:34:17.412		1.32441			4
2025.11.27	01:34:18.967	1.32437				2
2025.11.27	01:34:19.283	1.32435				2
2025.11.27	01:34:19.902		1.32440			4
2025.11.27	01:34:20.210	1.32436	1.32441			6
2025.11.27	01:34:20.820	1.32435	1.32440			6
2025.11.27	01:34:21.126	1.32436	1.32441			6
2025.11.27	01:34:24.232	1.32437				2
2025.11.27	01:34:24.540		1.32442			4
2025.11.27	01:34:25.146		1.32441			4
2025.11.27	01:34:25.452		1.32442			4
2025.11.27	01:34:27.317	1.32438				2
2025.11.27	01:34:28.249		1.32441			4
2025.11.27	01:34:29.476	1.32439	1.32442			6
2025.11.27	01:34:29.777	1.32440				2
2025.11.27	01:34:30.088		1.32443			4
2025.11.27	01:34:30.403	1.32439	1.32442			6
2025.11.27	01:34:31.332		1.32444			4
2025.11.27	01:34:31.645	1.32441				2
2025.11.27	01:34:32.267	1.32439	1.32445			6
2025.11.27	01:34:32.572	1.32440	1.32446			6
2025.11.27	01:34:32.878	1.32441				2
2025.11.27	01:34:34.776	1.32440				2
2025.11.27	01:34:37.261	1.32441				2
2025.11.27	01:34:39.114	1.32442				2
2025.11.27	01:34:41.286	1.32443				2
2025.11.27	01:34:43.451	1.32442	1.32445			6
2025.11.27	01:34:44.364	1.32440				2
2025.11.27	01:34:45.294	1.32441	1.32446			6
2025.11.27	01:34:47.147	1.32442	1.32445			6
2025.11.27	01:34:47.764	1.32443	1.32446			6
2025.11.27	01:34:49.580	1.32442	1.32445			6
2025.11.27	01:34:51.420	1.32443	1.32446			6
2025.11.27	01:34:51.722	1.32442	1.32445			6
2025.11.27	01:34:52.946	1.32441	1.32444			6
2025.11.27	01:34:53.255		1.32445			4
2025.11.27	01:34:54.195	1.32440	1.32446			6
2025.11.27	01:34:55.140	1.32441				2
2025.11.27	01:34:55.442	1.32440	1.32445			6
2025.11.27	01:34:56.074	1.32441	1.32444			6
2025.11.27	01:34:56.379	1.32442	1.32445			6
2025.11.27	01:34:57.607	1.32441	1.32444			6
2025.11.27	01:34:59.446	1.32442				2
2025.11.27	01:34:59.755	1.32443				2
2025.11.27	01:35:00.060	1.32443				2
2025.11.27	01:35:00.360	1.32441				2
2025.11.27	01:35:00.675		1.32445			4
2025.11.27	01:35:00.982		1.32444			4
2025.11.27	01:35:01.313	1.32442	1.32445			6
2025.11.27	01:35:01.938	1.32441				2
2025.11.27	01:35:02.247		1.32444			4
2025.11.27	01:35:03.186	1.32442				2
2025.11.27	01:35:04.412		1.32443			4
2025.11.27	01:35:04.736		1.32444			4
2025.11.27	01:35:05.343	1.32443				2
2025.11.27	01:35:05.647	1.32442				2
2025.11.27	01:35:06.572	1.32443				2
2025.11.27	01:35:07.180	1.32442	1.32445			6
2025.11.27	01:35:08.096	1.32443				2
2025.11.27	01:35:08.404	1.32442				2
2025.11.27	01:35:08.708	1.32444				2
2025.11.27	01:35:09.326	1.32443				2
2025.11.27	01:35:09.939		1.32444			4
2025.11.27	01:35:13.928	1.32441				2
2025.11.27	01:35:14.239	1.32443				2
2025.11.27	01:35:14.549	1.32442				2
2025.11.27	01:35:16.084	1.32441				2
2025.11.27	01:35:16.390	1.32442				2
2025.11.27	01:35:16.694	1.32443				2
2025.11.27	01:35:16.997	1.32442				2
2025.11.27	01:35:17.300	1.32441	1.32442			6
2025.11.27	01:35:18.213	1.32440				2
2025.11.27	01:35:18.523		1.32441			4
2025.11.27	01:35:19.437	1.32441	1.32442			6
2025.11.27	01:35:21.280		1.32443			4
2025.11.27	01:35:21.889		1.32442			4
2025.11.27	01:35:23.414	1.32442	1.32443			6
2025.11.27	01:35:26.470	1.32440	1.32442			6
2025.11.27	01:35:27.085		1.32441			4
2025.11.27	01:35:27.391	1.32441	1.32442			6
2025.11.27	01:35:28.321	1.32438				2
2025.11.27	01:35:28.643		1.32444			4
2025.11.27	01:35:28.944		1.32443			4
2025.11.27	01:35:29.247		1.32444			4
2025.11.27	01:35:33.295	1.32439	1.32443			6
2025.11.27	01:35:34.232	1.32440				2
2025.11.27	01:35:35.157	1.32441				2
2025.11.27	01:35:38.539		1.32444			4
2025.11.27	01:35:40.677	1.32442	1.32443			6
2025.11.27	01:35:40.984	1.32440	1.32442			6
2025.11.27	01:35:42.220	1.32439				2
2025.11.27	01:35:43.146	1.32438				2
2025.11.27	01:35:44.385	1.32439				2
2025.11.27	01:35:45.004	1.32440				2
2025.11.27	01:35:47.155	1.32441				2
2025.11.27	01:35:50.824	1.32442	1.32444			6
2025.11.27	01:35:51.427	1.32441				2
2025.11.27	01:35:51.732		1.32443			4
2025.11.27	01:35:52.038		1.32442			4
2025.11.27	01:35:52.651		1.32443			4
2025.11.27	01:35:52.957	1.32442				2
2025.11.27	01:35:53.263	1.32440				2
2025.11.27	01:35:54.217	1.32441				2
2025.11.27	01:35:54.524	1.32439	1.32442			6
2025.11.27	01:35:54.844	1.32440				2
2025.11.27	01:35:56.385	1.32439				2
2025.11.27	01:35:56.700		1.32443			4
2025.11.27	01:35:57.326	1.32440				2
2025.11.27	01:35:59.457	1.32441				2
2025.11.27	01:36:00.068	1.32441				2
2025.11.27	01:36:00.372	1.32440				2
2025.11.27	01:36:00.676	1.32441	1.32444			6
2025.11.27	01:36:00.981	1.32440	1.32443			6
2025.11.27	01:36:01.283	1.32441	1.32444			6
2025.11.27	01:36:02.202		1.32443			4
2025.11.27	01:36:03.117	1.32432	1.32433			6
2025.11.27	01:36:03.721	1.32431	1.32432			6
2025.11.27	01:36:04.336	1.32427				2
2025.11.27	01:36:05.890	1.32426				2
2025.11.27	01:36:09.302	1.32427				2
2025.11.27	01:36:09.923	1.32426				2
2025.11.27	01:36:11.177	1.32427				2
2025.11.27	01:36:15.209	1.32428				2
2025.11.27	01:36:18.339	1.32429				2
2025.11.27	01:36:19.270	1.32430				2
2025.11.27	01:36:23.257	1.32428	1.32431			6
2025.11.27	01:36:25.693	1.32427	1.32430			6
2025.11.27	01:36:26.616	1.32428	1.32431			6
2025.11.27	01:36:27.228	1.32429	1.32432			6
2025.11.27	01:36:29.683	1.32430	1.32433			6
2025.11.27	01:36:34.276	1.32429	1.32432			6
2025.11.27	01:36:36.714	1.32430	1.32433			6
2025.11.27	01:36:38.258	1.32429	1.32432			6
2025.11.27	01:36:39.185	1.32430	1.32433			6
2025.11.27	01:36:39.503	1.32429	1.32432			6
2025.11.27	01:36:43.504	1.32430				2
2025.11.27	01:36:43.809	1.32429				2
2025.11.27	01:36:44.418	1.32430				2
2025.11.27	01:36:45.032	1.32429				2
2025.11.27	01:36:45.650	1.32430				2
2025.11.27	01:36:45.959	1.32429				2
2025.11.27	01:36:46.572	1.32430				2
2025.11.27	01:36:46.882	1.32429				2
2025.11.27	01:36:55.780	1.32430				2
2025.11.27	01:36:56.393	1.32429				2
2025.11.27	01:37:00.071	1.32429				2
2025.11.27	01:37:05.005	1.32430				2
2025.11.27	01:37:05.312	1.32429				2
2025.11.27	01:37:06.837	1.32430				2
2025.11.27	01:37:07.142	1.32429				2
2025.11.27	01:37:07.447	1.32430				2
2025.11.27	01:37:07.748	1.32429				2
2025.11.27	01:37:08.375	1.32430				2
2025.11.27	01:37:09.907	1.32429				2
2025.11.27	01:37:15.417	1.32430				2
2025.11.27	01:37:15.719	1.32429				2
2025.11.27	01:37:18.483	1.32430				2
2025.11.27	01:37:19.094	1.32429				2
2025.11.27	01:37:21.554	1.32430				2
2025.11.27	01:37:22.166	1.32429				2
2025.11.27	01:37:23.392	1.32430	1.32431			6
2025.11.27	01:37:23.700	1.32428				2
2025.11.27	01:37:24.312	1.32427	1.32430			6
2025.11.27	01:37:24.918	1.32428	1.32431			6
2025.11.27	01:37:25.224	1.32426	1.32432			6
2025.11.27	01:37:26.779	1.32425	1.32431			6
2025.11.27	01:37:27.098	1.32426	1.32432			6
2025.11.27	01:37:27.720	1.32425	1.32431			6
2025.11.27	01:37:28.027	1.32426				2
2025.11.27	01:37:30.181	1.32427				2
2025.11.27	01:37:31.108		1.32432			4
2025.11.27	01:37:32.044		1.32431			4
2025.11.27	01:37:32.656		1.32432			4
2025.11.27	01:37:32.967	1.32426	1.32431			6
2025.11.27	01:37:33.275	1.32427	1.32430			6
2025.11.27	01:37:34.210	1.32426				2
2025.11.27	01:37:34.512	1.32427	1.32431			6
2025.11.27	01:37:35.451	1.32426				2
2025.11.27	01:37:35.762		1.32430			4
2025.11.27	01:37:36.071		1.32431			4
2025.11.27	01:37:36.385		1.32430			4
2025.11.27	01:37:36.999	1.32427	1.32432			6
2025.11.27	01:37:38.237	1.32426				2
2025.11.27	01:37:38.543		1.32431			4
2025.11.27	01:37:38.867		1.32430			4
2025.11.27	01:37:39.180	1.32427				2
2025.11.27	01:37:39.499	1.32426	1.32431			6
2025.11.27	01:37:39.801	1.32427				2
2025.11.27	01:37:40.420	1.32426				2
2025.11.27	01:37:40.727	1.32427				2
2025.11.27	01:37:42.277	1.32426				2
2025.11.27	01:37:43.234	1.32427				2
2025.11.27	01:37:43.860	1.32426				2
2025.11.27	01:37:44.181	1.32428				2
2025.11.27	01:37:44.500	1.32427				2
2025.11.27	01:37:45.139		1.32430			4
2025.11.27	01:37:45.441	1.32428	1.32431			6
2025.11.27	01:37:52.462	1.32427	1.32430			6
2025.11.27	01:37:58.288	1.32428				2
2025.11.27	01:37:58.600	1.32427				2
2025.11.27	01:37:59.820	1.32428				2
2025.11.27	01:38:00.128	1.32427				2
2025.11.27	01:38:00.430	1.32428				2
2025.11.27	01:38:01.356	1.32427				2
2025.11.27	01:38:01.972	1.32428				2
2025.11.27	01:38:02.893		1.32431			4
2025.11.27	01:38:03.205	1.32427	1.32430			6
2025.11.27	01:38:05.653	1.32428	1.32429			6
2025.11.27	01:38:05.954	1.32427	1.32430			6
2025.11.27	01:38:06.267	1.32428				2
2025.11.27	01:38:07.494	1.32425	1.32427			6
2025.11.27	01:38:07.797	1.32423	1.32426			6
2025.11.27	01:38:08.104	1.32419	1.32427			6
2025.11.27	01:38:09.651	1.32418				2
2025.11.27	01:38:09.957	1.32419				2
2025.11.27	01:38:12.125	1.32420				2
2025.11.27	01:38:15.221	1.32421				2
2025.11.27	01:38:17.101	1.32422				2
2025.11.27	01:38:19.290	1.32423				2
2025.11.27	01:38:21.151		1.32426			4
2025.11.27	01:38:21.758	1.32422	1.32425			6
2025.11.27	01:38:22.383		1.32426			4
2025.11.27	01:38:23.007	1.32423				2
2025.11.27	01:38:23.953	1.32422				2
2025.11.27	01:38:26.115	1.32423				2
2025.11.27	01:38:38.661	1.32424				2
2025.11.27	01:38:38.974	1.32423				2
2025.11.27	01:38:45.432		1.32425			4
2025.11.27	01:38:50.946		1.32426			4
2025.11.27	01:38:59.220	1.32422	1.32425			6
2025.11.27	01:39:00.132	1.32422				2
2025.11.27	01:39:01.354	1.32421	1.32424			6
2025.11.27	01:39:01.659		1.32422			4
2025.11.27	01:39:01.964	1.32420				2
2025.11.27	01:39:02.271	1.32417				2
2025.11.27	01:39:03.197	1.32418				2
2025.11.27	01:39:05.378	1.32419				2
2025.11.27	01:39:07.251		1.32421			4
2025.11.27	01:39:09.138	1.32420				2
2025.11.27	01:39:12.208	1.32419				2
2025.11.27	01:39:13.117	1.32418				2
2025.11.27	01:39:14.379	1.32419				2
2025.11.27	01:39:23.244	1.32420				2
2025.11.27	01:39:25.710	1.32419				2
2025.11.27	01:39:26.324	1.32420				2
2025.11.27	01:39:26.629	1.32419				2
2025.11.27	01:39:50.981	1.32420				2
2025.11.27	01:39:55.005	1.32419				2
2025.11.27	01:39:56.251	1.32418				2
2025.11.27	01:39:57.177	1.32416				2
2025.11.27	01:39:58.115	1.32417				2
2025.11.27	01:39:59.359	1.32416				2
2025.11.27	01:40:00.303	1.32417				2
2025.11.27	01:40:00.624		1.32420			4
2025.11.27	01:40:00.929	1.32416	1.32421			6
2025.11.27	01:40:03.112	1.32417				2
2025.11.27	01:40:06.510	1.32415				2
2025.11.27	01:40:09.602		1.32420			4
2025.11.27	01:40:10.525		1.32421			4
2025.11.27	01:40:12.716	1.32416				2
2025.11.27	01:40:13.337	1.32415				2
2025.11.27	01:40:13.960	1.32416				2
2025.11.27	01:40:14.575	1.32420	1.32426			6
2025.11.27	01:40:14.879	1.32418	1.32425			6
2025.11.27	01:40:16.756	1.32417				2
2025.11.27	01:40:19.535	1.32416	1.32421			6
2025.11.27	01:40:19.842	1.32415				2
2025.11.27	01:40:25.136	1.32416				2
2025.11.27	01:40:28.863	1.32417				2
2025.11.27	01:40:30.098	1.32418				2
2025.11.27	01:40:30.412	1.32417				2
2025.11.27	01:40:34.105	1.32418				2
2025.11.27	01:40:34.726	1.32417				2
2025.11.27	01:40:35.336	1.32418				2
2025.11.27	01:40:37.172	1.32419				2
2025.11.27	01:40:37.786	1.32418				2
2025.11.27	01:40:39.013	1.32417				2
2025.11.27	01:40:39.934	1.32418				2
2025.11.27	01:40:47.251	1.32417	1.32420			6
2025.11.27	01:40:48.162	1.32418	1.32421			6
2025.11.27	01:41:00.129	1.32418				2
2025.11.27	01:41:10.896	1.32417	1.32420			6
2025.11.27	01:41:11.814	1.32418	1.32421			6
2025.11.27	01:41:12.735	1.32417	1.32420			6
2025.11.27	01:41:13.347	1.32418	1.32421			6
2025.11.27	01:42:00.041	1.32418				2
2025.11.27	01:42:07.175	1.32419	1.32422			6
2025.11.27	01:42:08.112	1.32417				2
2025.11.27	01:42:08.723	1.32416				2
2025.11.27	01:42:10.602		1.32421			4
2025.11.27	01:42:11.539	1.32417	1.32422			6
2025.11.27	01:42:15.256	1.32419	1.32425			6
2025.11.27	01:42:15.885	1.32420				2
2025.11.27	01:42:24.272	1.32419				2
2025.11.27	01:42:26.135	1.32420				2
2025.11.27	01:42:26.760		1.32426			4
2025.11.27	01:42:28.626	1.32423	1.32429			6
2025.11.27	01:42:28.935	1.32424				2
2025.11.27	01:42:29.552	1.32423				2
2025.11.27	01:42:33.590		1.32430			4
2025.11.27	01:42:34.214		1.32429			4
2025.11.27	01:42:36.057		1.32430			4
2025.11.27	01:42:36.372		1.32429			4
2025.11.27	01:42:36.673	1.32425	1.32431			6
2025.11.27	01:42:40.980	1.32426				2
2025.11.27	01:42:41.601	1.32425				2
2025.11.27	01:42:43.444	1.32426				2
2025.11.27	01:42:43.751	1.32425				2
2025.11.27	01:42:44.371	1.32426				2
2025.11.27	01:42:46.232	1.32427				2
2025.11.27	01:42:49.298	1.32428				2
2025.11.27	01:42:54.803	1.32429				2
2025.11.27	01:42:57.857	1.32428				2
2025.11.27	01:43:00.307	1.32428				2
2025.11.27	01:43:10.731	1.32429	1.32432			6
2025.11.27	01:43:11.344	1.32428	1.32431			6
2025.11.27	01:43:11.964	1.32429				2
2025.11.27	01:43:12.276	1.32428				2
2025.11.27	01:43:14.119	1.32429				2
2025.11.27	01:43:14.421	1.32428				2
2025.11.27	01:43:15.036	1.32429				2
2025.11.27	01:43:15.338		1.32432			4
2025.11.27	01:43:16.256		1.32431			4
2025.11.27	01:43:17.174		1.32432			4
2025.11.27	01:43:17.485		1.32431			4
2025.11.27	01:43:24.508		1.32432			4
2025.11.27	01:43:27.879	1.32430	1.32431			6
2025.11.27	01:43:28.183	1.32429				2
2025.11.27	01:43:28.795	1.32428				2
2025.11.27	01:43:30.332	1.32429				2
2025.11.27	01:43:31.866	1.32428				2
2025.11.27	01:43:34.620	1.32429	1.32432			6
2025.11.27	01:43:34.925	1.32428	1.32431			6
2025.11.27	01:43:35.231	1.32429	1.32432			6
2025.11.27	01:43:35.542	1.32430	1.32433			6
2025.11.27	01:43:35.845	1.32429	1.32432			6
2025.11.27	01:43:36.148	1.32428	1.32433			6
2025.11.27	01:43:38.312	1.32430				2
2025.11.27	01:43:43.215	1.32429	1.32432			6
2025.11.27	01:43:43.825	1.32430	1.32433			6
2025.11.27	01:43:46.888	1.32429	1.32432			6
2025.11.27	01:44:00.047	1.32429				2
2025.11.27	01:44:02.481	1.32430				2
2025.11.27	01:44:02.783	1.32429				2
2025.11.27	01:44:03.404	1.32430				2
2025.11.27	01:44:03.713	1.32429				2
2025.11.27	01:44:05.861	1.32430	1.32433			6
2025.11.27	01:44:06.473	1.32431	1.32434			6
2025.11.27	01:44:07.388	1.32429				2
2025.11.27	01:44:08.322	1.32428				2
2025.11.27	01:44:09.887	1.32429	1.32435			6
2025.11.27	01:44:10.192		1.32434			4
2025.11.27	01:44:11.741	1.32428				2
2025.11.27	01:44:12.056	1.32429				2
2025.11.27	01:44:16.397	1.32427	1.32431			6
2025.11.27	01:44:17.322	1.32426				2
2025.11.27	01:44:20.749	1.32427	1.32433			6
2025.11.27	01:44:29.736	1.32431	1.32437			6
2025.11.27	01:44:30.039		1.32436			4
2025.11.27	01:44:31.286	1.32430				2
2025.11.27	01:44:37.847	1.32431				2
2025.11.27	01:44:38.156	1.32430				2
2025.11.27	01:44:39.409	1.32432	1.32438			6
2025.11.27	01:44:39.718	1.32431	1.32437			6
2025.11.27	01:44:42.498	1.32435	1.32440			6
2025.11.27	01:44:43.429		1.32441			4
2025.11.27	01:44:44.061		1.32440			4
2025.11.27	01:44:44.369		1.32441			4
2025.11.27	01:44:46.523	1.32436				2
2025.11.27	01:44:47.457	1.32435				2
2025.11.27	01:44:48.707	1.32436				2
2025.11.27	01:44:49.643		1.32442			4
2025.11.27	01:44:51.182	1.32437				2
2025.11.27	01:44:55.175	1.32438	1.32441			6
2025.11.27	01:44:57.316		1.32440			4
2025.11.27	01:44:57.621	1.32436	1.32439			6
2025.11.27	01:44:58.241	1.32434	1.32440			6
2025.11.27	01:44:59.172	1.32435				2
2025.11.27	01:45:00.101	1.32437				2
2025.11.27	01:45:00.408		1.32441			4
2025.11.27	01:45:01.331		1.32442			4
2025.11.27	01:45:01.640	1.32436	1.32441			6
2025.11.27	01:45:01.958		1.32442			4
2025.11.27	01:45:02.260		1.32441			4
2025.11.27	01:45:03.205	1.32437				2
2025.11.27	01:45:05.368	1.32438				2
2025.11.27	01:45:06.285	1.32439				2
2025.11.27	01:45:07.205		1.32442			4
2025.11.27	01:45:07.523	1.32444	1.32446			6
2025.11.27	01:45:07.825	1.32445	1.32448			6
2025.11.27	01:45:08.128	1.32444				2
2025.11.27	01:45:09.374	1.32443	1.32449			6
2025.11.27	01:45:10.932		1.32448			4
2025.11.27	01:45:12.788		1.32449			4
2025.11.27	01:45:13.723		1.32448			4
2025.11.27	01:45:14.037		1.32449			4
2025.11.27	01:45:15.585	1.32446				2
2025.11.27	01:45:15.887	1.32455	1.32461			6
2025.11.27	01:45:16.199		1.32460			4
2025.11.27	01:45:17.133	1.32479	1.32489			6
2025.11.27	01:45:17.443	1.32473	1.32479			6
2025.11.27	01:45:18.065		1.32477			4
2025.11.27	01:45:18.367	1.32465	1.32472			6
2025.11.27	01:45:18.678	1.32466				2
2025.11.27	01:45:22.737		1.32473			4
2025.11.27	01:45:23.042	1.32465				2
2025.11.27	01:45:27.091		1.32472			4
2025.11.27	01:45:27.711		1.32471			4
2025.11.27	01:45:28.327	1.32466				2
2025.11.27	01:45:28.638		1.32472			4
2025.11.27	01:45:29.884	1.32467				2
2025.11.27	01:45:31.433	1.32466				2
2025.11.27	01:45:32.349	1.32467				2
2025.11.27	01:45:33.269		1.32471			4
2025.11.27	01:45:35.098		1.32470			4
2025.11.27	01:45:38.476	1.32468	1.32471			6
2025.11.27	01:45:39.697	1.32467	1.32470			6
2025.11.27	01:45:52.248	1.32466	1.32469			6
2025.11.27	01:45:55.011	1.32467	1.32470			6
2025.11.27	01:45:56.838	1.32468	1.32471			6
2025.11.27	01:45:57.454	1.32467	1.32470			6
2025.11.27	01:45:57.765	1.32468	1.32471			6
2025.11.27	01:46:00.218	1.32468				2
2025.11.27	01:46:00.836	1.32467	1.32470			6
2025.11.27	01:46:01.143	1.32468	1.32471			6
2025.11.27	01:46:02.355	1.32467	1.32470			6
2025.11.27	01:46:03.579	1.32466	1.32469			6
2025.11.27	01:46:04.509	1.32456	1.32459			6
2025.11.27	01:46:05.122		1.32461			4
2025.11.27	01:46:10.694	1.32455				2
2025.11.27	01:46:11.318	1.32456				2
2025.11.27	01:46:12.246		1.32460			4
2025.11.27	01:46:13.170	1.32457				2
2025.11.27	01:46:13.775	1.32456	1.32459			6
2025.11.27	01:46:19.585	1.32454	1.32457			6
2025.11.27	01:46:19.889	1.32456	1.32459			6
2025.11.27	01:46:29.689	1.32455	1.32458			6
2025.11.27	01:46:29.998	1.32456	1.32459			6
2025.11.27	01:46:31.523	1.32455	1.32458			6
2025.11.27	01:46:34.280	1.32456	1.32459			6
2025.11.27	01:46:53.606	1.32457	1.32460			6
2025.11.27	01:46:58.484	1.32456	1.32459			6
2025.11.27	01:47:00.018	1.32456				2
2025.11.27	01:47:11.359	1.32457	1.32460			6
2025.11.27	01:47:18.429	1.32456	1.32459			6
2025.11.27	01:47:27.282	1.32457	1.32460			6
2025.11.27	01:47:27.590	1.32456	1.32459			6
2025.11.27	01:47:29.446	1.32454	1.32457			6
2025.11.27	01:47:29.749	1.32457	1.32460			6
2025.11.27	01:47:30.051	1.32456	1.32459			6
2025.11.27	01:47:30.661	1.32447	1.32450			6
2025.11.27	01:47:31.268	1.32446	1.32451			6
2025.11.27	01:47:39.369	1.32448				2
2025.11.27	01:47:40.920	1.32446				2
2025.11.27	01:47:46.256		1.32450			4
2025.11.27	01:47:47.207	1.32447				2
2025.11.27	01:47:58.580	1.32446	1.32449			6
2025.11.27	01:48:00.127	1.32446				2
2025.11.27	01:48:06.240	1.32447	1.32450			6
2025.11.27	01:48:11.151	1.32448				2
2025.11.27	01:48:11.754	1.32447				2
2025.11.27	01:49:00.016	1.32447				2
2025.11.27	01:49:02.203	1.32448	1.32451			6
2025.11.27	01:49:06.237	1.32447	1.32450			6
2025.11.27	01:49:29.568	1.32448	1.32451			6
2025.11.27	01:49:31.128	1.32447				2
2025.11.27	01:49:33.317	1.32448				2
2025.11.27	01:49:36.754	1.32447	1.32450			6
2025.11.27	01:49:38.335	1.32446	1.32451			6
2025.11.27	01:49:44.303	1.32447				2
2025.11.27	01:49:45.868	1.32448	1.32452			6
2025.11.27	01:49:46.183	1.32447	1.32450			6
2025.11.27	01:49:54.575	1.32448	1.32451			6
2025.11.27	01:49:55.201	1.32447	1.32450			6
2025.11.27	01:49:57.994	1.32448	1.32451			6
2025.11.27	01:49:58.918	1.32447	1.32450			6
2025.11.27	01:50:00.174	1.32446	1.32451			6
2025.11.27	01:50:00.801	1.32447	1.32452			6
2025.11.27	01:50:01.108		1.32451			4
2025.11.27	01:50:02.354	1.32446				2
2025.11.27	01:50:03.288		1.32452			4
2025.11.27	01:50:05.142		1.32451			4
2025.11.27	01:50:07.325	1.32447				2
2025.11.27	01:50:09.200		1.32450			4
2025.11.27	01:50:10.432	1.32448	1.32451			6
2025.11.27	01:50:11.360	1.32446				2
2025.11.27	01:50:12.300		1.32452			4
2025.11.27	01:50:14.153		1.32451			4
2025.11.27	01:50:14.471	1.32447	1.32452			6
2025.11.27	01:50:15.107	1.32446				2
2025.11.27	01:50:16.657	1.32447				2
2025.11.27	01:50:17.283		1.32451			4
2025.11.27	01:50:18.214		1.32452			4
2025.11.27	01:50:20.391		1.32451			4
2025.11.27	01:50:23.181		1.32450			4
2025.11.27	01:50:45.673	1.32446	1.32449			6
2025.11.27	01:50:46.295	1.32445	1.32451			6
2025.11.27	01:50:50.644	1.32446				2
2025.11.27	01:50:53.111		1.32450			4
2025.11.27	01:50:55.263		1.32449			4
2025.11.27	01:50:55.578		1.32450			4
2025.11.27	01:50:57.119		1.32451			4
2025.11.27	01:51:00.243	1.32446				2
2025.11.27	01:51:06.141		1.32450			4
2025.11.27	01:51:06.759	1.32445				2
2025.11.27	01:51:07.078	1.32446				2
2025.11.27	01:51:08.343		1.32449			4
2025.11.27	01:51:16.310	1.32447	1.32450			6
2025.11.27	01:51:16.616	1.32446	1.32449			6
2025.11.27	01:51:25.501	1.32447	1.32450			6
2025.11.27	01:51:25.804	1.32446	1.32449			6
2025.11.27	01:51:27.340	1.32445	1.32451			6
2025.11.27	01:51:29.197		1.32450			4
2025.11.27	01:51:30.143	1.32446	1.32449			6
2025.11.27	01:51:32.588	1.32447	1.32450			6
2025.11.27	01:51:33.201	1.32445	1.32452			6
2025.11.27	01:51:34.124		1.32451			4
2025.11.27	01:51:35.364		1.32452			4
2025.11.27	01:51:44.703	1.32446	1.32453			6
2025.11.27	01:51:45.007	1.32447				2
2025.11.27	01:51:45.614		1.32455			4
2025.11.27	01:51:46.851	1.32448				2
2025.11.27	01:51:47.158	1.32447				2
2025.11.27	01:51:49.647	1.32448				2
2025.11.27	01:51:49.965	1.32447				2
2025.11.27	01:51:52.741	1.32448				2
2025.11.27	01:51:53.361	1.32447				2
2025.11.27	01:51:58.319	1.32448				2
2025.11.27	01:52:00.174	1.32448	1.32454			6
2025.11.27	01:52:02.338		1.32453			4
2025.11.27	01:52:03.253		1.32452			4
2025.11.27	01:52:03.554	1.32453	1.32454			6
2025.11.27	01:52:03.855	1.32448	1.32452			6
2025.11.27	01:52:04.159	1.32449				2
2025.11.27	01:52:04.475	1.32453	1.32454			6
2025.11.27	01:52:04.780	1.32449	1.32452			6
2025.11.27	01:52:05.088	1.32453	1.32454			6
2025.11.27	01:52:05.389	1.32449	1.32452			6
2025.11.27	01:52:05.698	1.32453	1.32454			6
2025.11.27	01:52:06.005	1.32449	1.32452			6
2025.11.27	01:52:06.306	1.32453	1.32454			6
2025.11.27	01:52:06.623	1.32449	1.32452			6
2025.11.27	01:52:07.227	1.32453	1.32454			6
2025.11.27	01:52:07.532	1.32449	1.32452			6
2025.11.27	01:52:30.861	1.32447	1.32450			6
2025.11.27	01:52:31.165	1.32446	1.32452			6
2025.11.27	01:52:32.405	1.32445				2
2025.11.27	01:52:36.142	1.32447	1.32453			6
2025.11.27	01:52:36.451	1.32446	1.32452			6
2025.11.27	01:52:37.383	1.32448	1.32453			6
2025.11.27	01:52:38.309	1.32447				2
2025.11.27	01:52:46.354		1.32452			4
2025.11.27	01:52:48.218		1.32451			4
2025.11.27	01:52:49.147		1.32450			4
2025.11.27	01:53:00.195	1.32447				2
2025.11.27	01:53:02.627	1.32448	1.32451			6
2025.11.27	01:53:06.599	1.32447	1.32450			6
2025.11.27	01:53:08.128	1.32448	1.32451			6
2025.11.27	01:53:12.425	1.32447	1.32450			6
2025.11.27	01:53:15.192	1.32448	1.32451			6
2025.11.27	01:53:16.729	1.32447	1.32450			6
2025.11.27	01:54:00.037	1.32447				2
2025.11.27	01:54:10.135	1.32448	1.32451			6
2025.11.27	01:54:11.359	1.32447	1.32452			6
2025.11.27	01:54:13.225		1.32451			4
2025.11.27	01:54:15.103	1.32448				2
2025.11.27	01:54:17.241	1.32447	1.32450			6
2025.11.27	01:54:18.159	1.32446	1.32452			6
2025.11.27	01:54:20.313	1.32445				2
2025.11.27	01:54:21.257	1.32446				2
2025.11.27	01:54:23.135		1.32451			4
2025.11.27	01:54:24.081	1.32447				2
2025.11.27	01:54:25.328	1.32445	1.32452			6
2025.11.27	01:54:33.117	1.32446				2
2025.11.27	01:54:34.368		1.32451			4
2025.11.27	01:54:35.299	1.32447				2
2025.11.27	01:54:36.229	1.32445	1.32452			6
2025.11.27	01:54:38.408	1.32446				2
2025.11.27	01:54:38.716	1.32445				2
2025.11.27	01:54:41.205	1.32446				2
2025.11.27	01:54:44.617	1.32445	1.32451			6
2025.11.27	01:54:45.246	1.32446	1.32452			6
2025.11.27	01:54:49.327	1.32445	1.32451			6
2025.11.27	01:54:51.188	1.32446				2
2025.11.27	01:54:53.350	1.32447	1.32450			6
2025.11.27	01:55:00.119	1.32447				2
2025.11.27	01:55:16.371	1.32445	1.32451			6
2025.11.27	01:55:17.285	1.32446				2
2025.11.27	01:55:18.327	1.32447	1.32450			6
2025.11.27	01:55:22.333	1.32445	1.32451			6
2025.11.27	01:55:26.363		1.32453			4
2025.11.27	01:55:26.675		1.32452			4
2025.11.27	01:55:29.132	1.32444	1.32449			6
2025.11.27	01:55:29.446		1.32450			4
2025.11.27	01:55:30.074		1.32449			4
2025.11.27	01:55:30.388		1.32450			4
2025.11.27	01:55:36.878	1.32445				2
2025.11.27	01:55:45.268		1.32449			4
2025.11.27	01:55:47.107		1.32448			4
2025.11.27	01:55:52.939	1.32446	1.32449			6
2025.11.27	01:55:58.176	1.32445	1.32448			6
2025.11.27	01:56:00.018	1.32445				2
2025.11.27	01:56:00.625	1.32446	1.32449			6
2025.11.27	01:56:03.673	1.32445	1.32448			6
2025.11.27	01:56:15.032	1.32446	1.32449			6
2025.11.27	01:56:21.155	1.32445	1.32448			6
2025.11.27	01:56:39.849	1.32446	1.32449			6
2025.11.27	01:57:00.056	1.32446				2
2025.11.27	01:57:11.980	1.32447	1.32450			6
2025.11.27	01:57:12.289	1.32445	1.32448			6
2025.11.27	01:57:13.223	1.32444	1.32449			6
2025.11.27	01:57:13.529	1.32445	1.32450			6
2025.11.27	01:57:14.151	1.32444	1.32451			6
2025.11.27	01:57:16.326		1.32452			4
2025.11.27	01:57:21.276		1.32451			4
2025.11.27	01:57:21.897		1.32452			4
2025.11.27	01:57:22.201		1.32450			4
2025.11.27	01:57:22.516	1.32443				2
2025.11.27	01:57:22.824	1.32444				2
2025.11.27	01:57:23.138		1.32451			4
2025.11.27	01:57:34.318		1.32450			4
2025.11.27	01:57:35.240	1.32445				2
2025.11.27	01:57:36.168		1.32449			4
2025.11.27	01:57:37.086	1.32446				2
2025.11.27	01:57:42.289		1.32450			4
2025.11.27	01:57:43.207		1.32449			4
2025.11.27	01:57:51.151	1.32445				2
2025.11.27	01:57:52.079	1.32446				2
2025.11.27	01:57:54.236	1.32444	1.32451			6
2025.11.27	01:57:55.176	1.32445				2
2025.11.27	01:57:56.099	1.32446	1.32450			6
2025.11.27	01:57:57.028	1.32445	1.32449			6
2025.11.27	01:57:57.332	1.32446				2
2025.11.27	01:57:58.260	1.32444	1.32451			6
2025.11.27	01:58:00.144	1.32445	1.32450			6
2025.11.27	01:58:01.389	1.32444	1.32452			6
2025.11.27	01:58:02.634		1.32451			4
2025.11.27	01:58:03.252		1.32452			4
2025.11.27	01:58:04.194		1.32451			4
2025.11.27	01:58:09.221	1.32445				2
2025.11.27	01:58:10.159	1.32446	1.32450			6
2025.11.27	01:58:11.084	1.32445	1.32449			6
2025.11.27	01:58:11.388	1.32446				2
2025.11.27	01:58:12.302	1.32444	1.32451			6
2025.11.27	01:58:13.224		1.32450			4
2025.11.27	01:58:14.151	1.32445	1.32449			6
2025.11.27	01:58:15.386	1.32446				2
2025.11.27	01:58:21.226	1.32447	1.32450			6
2025.11.27	01:58:22.144	1.32445	1.32452			6
2025.11.27	01:58:23.707	1.32444				2
2025.11.27	01:58:26.194	1.32445				2
2025.11.27	01:58:28.379	1.32444				2
2025.11.27	01:58:29.319	1.32445				2
2025.11.27	01:58:30.250	1.32446				2
2025.11.27	01:58:31.190	1.32447	1.32451			6
2025.11.27	01:58:31.805	1.32446	1.32450			6
2025.11.27	01:58:32.113	1.32444	1.32452			6
2025.11.27	01:58:33.664		1.32451			4
2025.11.27	01:58:47.310		1.32450			4
2025.11.27	01:58:48.239	1.32445	1.32449			6
2025.11.27	01:58:49.163	1.32446				2
2025.11.27	01:58:49.781	1.32447	1.32450			6
2025.11.27	01:58:50.093	1.32445	1.32452			6
2025.11.27	01:58:52.250		1.32453			4
2025.11.27	01:58:54.103		1.32452			4
2025.11.27	01:58:55.338	1.32446	1.32451			6
2025.11.27	01:58:56.255		1.32450			4
2025.11.27	01:58:57.175	1.32447				2
2025.11.27	01:59:00.242	1.32447				2
2025.11.27	01:59:01.790	1.32448	1.32451			6
2025.11.27	01:59:02.097	1.32445	1.32452			6
2025.11.27	01:59:02.407		1.32453			4
2025.11.27	01:59:04.888		1.32452			4
2025.11.27	01:59:10.139		1.32451			4
2025.11.27	01:59:11.373	1.32446	1.32450			6
2025.11.27	01:59:12.287	1.32447				2
2025.11.27	01:59:29.481	1.32446	1.32449			6
2025.11.27	01:59:34.384	1.32447	1.32450			6
2025.11.27	01:59:36.232	1.32446	1.32449			6
2025.11.27	01:59:36.534	1.32447	1.32450			6
2025.11.27	01:59:45.124	1.32446	1.32451			6
2025.11.27	01:59:46.356	1.32447	1.32450			6
2025.11.27	01:59:48.197	1.32446	1.32449			6
2025.11.27	01:59:48.503	1.32447	1.32450			6
2025.11.27	01:59:49.112	1.32446	1.32451			6
2025.11.27	01:59:50.363	1.32447				2
2025.11.27	01:59:51.282		1.32450			4
2025.11.27	01:59:52.193	1.32445	1.32452			6
2025.11.27	01:59:54.683		1.32451			4
2025.11.27	01:59:56.243	1.32446				2
2025.11.27	01:59:57.179	1.32447				2
2025.11.27	01:59:58.108		1.32450			4
2025.11.27	02:00:00.248	1.32446	1.32449			6
2025.11.27	02:00:00.867	1.32445	1.32448			6
2025.11.27	02:00:01.172	1.32444	1.32450			6
2025.11.27	02:00:02.408		1.32449			4
2025.11.27	02:00:02.710		1.32450			4
2025.11.27	02:00:04.902	1.32445	1.32451			6
2025.11.27	02:00:06.460		1.32452			4
2025.11.27	02:00:06.775		1.32450			4
2025.11.27	02:00:08.330		1.32451			4
2025.11.27	02:00:08.632		1.32452			4
2025.11.27	02:00:08.946		1.32451			4
2025.11.27	02:00:10.199	1.32446				2
2025.11.27	02:00:12.398		1.32452			4
2025.11.27	02:00:15.235	1.32447				2
2025.11.27	02:00:17.103	1.32448				2
2025.11.27	02:00:21.128		1.32451			4
2025.11.27	02:00:40.416	1.32451	1.32453			6
2025.11.27	02:00:40.719	1.32449	1.32452			6
2025.11.27	02:00:42.229	1.32450	1.32453			6
2025.11.27	02:00:42.540	1.32451	1.32454			6
2025.11.27	02:00:42.848	1.32450	1.32453			6
2025.11.27	02:00:43.151	1.32451	1.32454			6
2025.11.27	02:00:43.761	1.32455	1.32457			6
2025.11.27	02:00:44.066	1.32454				2
2025.11.27	02:00:44.367		1.32460			4
2025.11.27	02:00:46.244	1.32453	1.32459			6
2025.11.27	02:00:46.559	1.32454	1.32460			6
2025.11.27	02:00:48.131	1.32452	1.32458			6
2025.11.27	02:00:48.437	1.32453				2
2025.11.27	02:00:49.375	1.32454	1.32459			6
2025.11.27	02:00:49.676	1.32453	1.32458			6
2025.11.27	02:00:49.978	1.32452	1.32459			6
2025.11.27	02:00:50.595	1.32447	1.32452			6
2025.11.27	02:00:51.209		1.32453			4
2025.11.27	02:00:53.402	1.32446				2
2025.11.27	02:00:53.715		1.32452			4
2025.11.27	02:00:55.905	1.32447				2
2025.11.27	02:00:57.448		1.32453			4
2025.11.27	02:00:58.375		1.32452			4
2025.11.27	02:00:59.300		1.32453			4
2025.11.27	02:00:59.605		1.32452			4
2025.11.27	02:01:00.240	1.32447				2
2025.11.27	02:01:03.368	1.32448	1.32453			6
2025.11.27	02:01:03.671	1.32447	1.32452			6
2025.11.27	02:01:04.603	1.32448	1.32453			6
2025.11.27	02:01:05.212		1.32452			4
2025.11.27	02:01:06.117	1.32449				2
2025.11.27	02:01:06.740	1.32448	1.32451			6
2025.11.27	02:01:09.198	1.32449	1.32452			6
2025.11.27	02:01:17.154	1.32450	1.32453			6
2025.11.27	02:01:17.460	1.32449	1.32452			6
2025.11.27	02:01:23.605	1.32448	1.32451			6
2025.11.27	02:01:25.456	1.32449	1.32452			6
2025.11.27	02:01:27.295	1.32448	1.32451			6
2025.11.27	02:01:27.603	1.32449	1.32452			6
2025.11.27	02:01:29.416	1.32448	1.32451			6
2025.11.27	02:01:29.717	1.32449	1.32452			6
2025.11.27	02:01:30.946	1.32448	1.32451			6
2025.11.27	02:01:32.168	1.32449	1.32452			6
2025.11.27	02:01:32.473	1.32448	1.32451			6
2025.11.27	02:01:32.775	1.32449	1.32452			6
2025.11.27	02:01:33.707	1.32448	1.32451			6
2025.11.27	02:01:34.009	1.32449	1.32452			6
2025.11.27	02:01:41.703	1.32450	1.32453			6
2025.11.27	02:01:43.852	1.32453	1.32456			6
2025.11.27	02:01:44.162	1.32454	1.32457			6
2025.11.27	02:01:44.779	1.32455	1.32458			6
2025.11.27	02:01:45.087	1.32454	1.32461			6
2025.11.27	02:01:45.392		1.32460			4
2025.11.27	02:01:45.703		1.32461			4
2025.11.27	02:01:46.005		1.32460			4
2025.11.27	02:01:53.221		1.32459			4
2025.11.27	02:01:57.276	1.32455				2
2025.11.27	02:01:58.199	1.32456				2
2025.11.27	02:02:00.046	1.32456				2
2025.11.27	02:02:00.659	1.32460	1.32463			6
2025.11.27	02:02:00.963	1.32461	1.32464			6
2025.11.27	02:02:01.266	1.32462	1.32465			6
2025.11.27	02:02:02.188	1.32459	1.32466			6
2025.11.27	02:02:03.419		1.32465			4
2025.11.27	02:02:03.726		1.32466			4
2025.11.27	02:02:04.349		1.32465			4
2025.11.27	02:02:04.653	1.32460				2
2025.11.27	02:02:05.288	1.32468	1.32474			6
2025.11.27	02:02:06.551	1.32474	1.32481			6
2025.11.27	02:02:06.859	1.32475	1.32483			6
2025.11.27	02:02:07.794	1.32473	1.32481			6
2025.11.27	02:02:08.103	1.32472	1.32477			6
2025.11.27	02:02:08.410	1.32473	1.32481			6
2025.11.27	02:02:10.284	1.32474				2
2025.11.27	02:02:11.211	1.32475	1.32482			6
2025.11.27	02:02:11.529		1.32481			4
2025.11.27	02:02:12.156	1.32476				2
2025.11.27	02:02:13.088	1.32475				2
2025.11.27	02:02:13.390	1.32474	1.32480			6
2025.11.27	02:02:14.934		1.32481			4
2025.11.27	02:02:16.818	1.32473	1.32480			6
2025.11.27	02:02:17.124	1.32474				2
2025.11.27	02:02:20.338		1.32476			4
2025.11.27	02:02:20.640		1.32479			4
2025.11.27	02:02:21.259	1.32473				2
2025.11.27	02:02:21.571	1.32474				2
2025.11.27	02:02:22.502		1.32480			4
2025.11.27	02:02:23.130		1.32479			4
2025.11.27	02:02:24.350	1.32475				2
2025.11.27	02:02:24.651	1.32474	1.32478			6
2025.11.27	02:02:25.266	1.32475				2
2025.11.27	02:02:28.317	1.32477	1.32480			6
2025.11.27	02:02:28.623	1.32478	1.32481			6
2025.11.27	02:02:32.310	1.32479	1.32482			6
2025.11.27	02:02:37.524	1.32478	1.32481			6
2025.11.27	02:02:40.887	1.32479	1.32482			6
2025.11.27	02:02:42.119	1.32478	1.32481			6
2025.11.27	02:02:45.493	1.32477	1.32480			6
2025.11.27	02:02:47.952	1.32475	1.32478			6
2025.11.27	02:02:48.255		1.32477			4
2025.11.27	02:02:48.870		1.32478			4
2025.11.27	02:02:49.172	1.32476	1.32479			6
2025.11.27	02:02:52.224		1.32478			4
2025.11.27	02:02:52.527	1.32475				2
2025.11.27	02:02:58.014	1.32476	1.32479			6
2025.11.27	02:02:58.627	1.32477	1.32480			6
2025.11.27	02:02:58.937	1.32476	1.32479			6
2025.11.27	02:03:00.156	1.32476				2
2025.11.27	02:03:00.783	1.32475	1.32478			6
2025.11.27	02:03:01.704	1.32469	1.32472			6
2025.11.27	02:03:02.314	1.32466	1.32473			6
2025.11.27	02:03:07.325		1.32471			4
2025.11.27	02:03:08.264	1.32465	1.32470			6
2025.11.27	02:03:08.572	1.32466	1.32471			6
2025.11.27	02:03:09.182	1.32467				2
2025.11.27	02:03:10.102		1.32470			4
2025.11.27	02:03:11.939	1.32466	1.32469			6
2025.11.27	02:03:13.150	1.32461	1.32464			6
2025.11.27	02:03:13.460	1.32457	1.32460			6
2025.11.27	02:03:14.076		1.32462			4
2025.11.27	02:03:14.379	1.32454	1.32460			6
2025.11.27	02:03:14.683	1.32455	1.32461			6
2025.11.27	02:03:15.308	1.32453	1.32460			6
2025.11.27	02:03:15.639	1.32454				2
2025.11.27	02:03:19.401	1.32455	1.32461			6
2025.11.27	02:03:19.716		1.32462			4
2025.11.27	02:03:20.020	1.32456				2
2025.11.27	02:03:20.641	1.32457				2
2025.11.27	02:03:21.881	1.32464	1.32471			6
2025.11.27	02:03:23.145		1.32470			4
2025.11.27	02:03:24.090	1.32458	1.32463			6
2025.11.27	02:03:24.713	1.32464	1.32470			6
2025.11.27	02:03:25.643	1.32463				2
2025.11.27	02:03:25.946	1.32464				2
2025.11.27	02:03:27.207	1.32463				2
2025.11.27	02:03:29.061	1.32464				2
2025.11.27	02:03:29.376	1.32463				2
2025.11.27	02:03:29.681	1.32457	1.32463			6
2025.11.27	02:03:29.983	1.32456				2
2025.11.27	02:03:30.303	1.32457				2
2025.11.27	02:03:31.227	1.32456				2
2025.11.27	02:03:33.403	1.32457				2
2025.11.27	02:03:34.006	1.32456				2
2025.11.27	02:03:34.308	1.32457	1.32464			6
2025.11.27	02:03:35.233	1.32458				2
2025.11.27	02:03:37.083	1.32459				2
2025.11.27	02:03:38.338	1.32460				2
2025.11.27	02:03:40.162	1.32461				2
2025.11.27	02:03:41.387	1.32466	1.32469			6
2025.11.27	02:03:41.690	1.32465	1.32468			6
2025.11.27	02:03:42.305	1.32464	1.32469			6
2025.11.27	02:03:43.227		1.32468			4
2025.11.27	02:03:43.532	1.32465	1.32469			6
2025.11.27	02:03:44.141	1.32466				2
2025.11.27	02:03:44.450	1.32468	1.32471			6
2025.11.27	02:03:47.204	1.32470	1.32473			6
2025.11.27	02:03:47.512	1.32469	1.32472			6
2025.11.27	02:04:00.111	1.32469				2
2025.11.27	02:04:00.724	1.32468	1.32471			6
2025.11.27	02:04:01.945	1.32469	1.32472			6
2025.11.27	02:04:03.477	1.32470	1.32473			6
2025.11.27	02:04:16.667	1.32469	1.32472			6
2025.11.27	02:04:24.487	1.32470	1.32473			6
2025.11.27	02:04:25.102	1.32469	1.32472			6
2025.11.27	02:04:26.933	1.32470	1.32473			6
2025.11.27	02:04:29.089	1.32475	1.32478			6
2025.11.27	02:04:30.318	1.32473	1.32480			6
2025.11.27	02:04:30.627	1.32469	1.32473			6
2025.11.27	02:04:30.941	1.32467				2
2025.11.27	02:04:31.265	1.32468				2
2025.11.27	02:04:39.997	1.32473	1.32479			6
2025.11.27	02:04:40.304	1.32470	1.32476			6
2025.11.27	02:04:41.257	1.32471	1.32477			6
2025.11.27	02:04:41.577		1.32478			4
2025.11.27	02:04:43.141		1.32477			4
2025.11.27	02:04:45.320		1.32475			4
2025.11.27	02:04:47.152	1.32472				2
2025.11.27	02:04:47.762	1.32471	1.32474			6
2025.11.27	02:04:48.071	1.32472	1.32475			6
2025.11.27	02:04:52.054	1.32471	1.32474			6
2025.11.27	02:04:52.365	1.32472	1.32475			6
2025.11.27	02:04:59.417	1.32473	1.32476			6
2025.11.27	02:05:00.039	1.32473				2
2025.11.27	02:05:00.348	1.32472	1.32475			6
2025.11.27	02:05:00.653	1.32473	1.32476			6
2025.11.27	02:05:01.266	1.32472	1.32475			6
2025.11.27	02:05:01.568	1.32471	1.32474			6
2025.11.27	02:05:02.790	1.32469	1.32472			6
2025.11.27	02:05:03.096	1.32470	1.32473			6
2025.11.27	02:05:03.717	1.32471	1.32474			6
2025.11.27	02:05:04.934	1.32470	1.32473			6
2025.11.27	02:05:05.241	1.32469	1.32472			6
2025.11.27	02:05:05.550	1.32470	1.32473			6
2025.11.27	02:05:05.860	1.32469	1.32472			6
2025.11.27	02:05:06.165	1.32466	1.32471			6
2025.11.27	02:05:06.484		1.32470			4
2025.11.27	02:05:07.109		1.32471			4
2025.11.27	02:05:07.734	1.32467				2
2025.11.27	02:05:08.977		1.32472			4
2025.11.27	02:05:09.301		1.32471			4
2025.11.27	02:05:09.921		1.32470			4
2025.11.27	02:05:12.071	1.32466	1.32469			6
2025.11.27	02:05:12.382	1.32467				2
2025.11.27	02:05:13.606		1.32470			4
2025.11.27	02:05:14.829	1.32468	1.32471			6
2025.11.27	02:05:16.663	1.32469	1.32472			6
2025.11.27	02:05:22.510	1.32468	1.32471			6
2025.11.27	02:05:22.816	1.32469	1.32472			6
2025.11.27	02:05:23.424	1.32468	1.32471			6
2025.11.27	02:05:24.955	1.32467	1.32470			6
2025.11.27	02:05:25.571	1.32468	1.32471			6
2025.11.27	02:05:27.095	1.32469	1.32472			6
2025.11.27	02:05:27.400	1.32468	1.32471			6
2025.11.27	02:05:28.018	1.32467	1.32470			6
2025.11.27	02:05:30.167	1.32468	1.32471			6
2025.11.27	02:05:33.840	1.32467	1.32470			6
2025.11.27	02:05:38.117	1.32465	1.32468			6
2025.11.27	02:05:38.423	1.32467	1.32470			6
2025.11.27	02:05:39.033	1.32466	1.32469			6
2025.11.27	02:05:39.646	1.32467	1.32470			6
2025.11.27	02:05:41.782	1.32468	1.32471			6
2025.11.27	02:05:43.615	1.32467	1.32470			6
2025.11.27	02:05:49.462	1.32466	1.32469			6
2025.11.27	02:05:52.837	1.32464	1.32467			6
2025.11.27	02:05:53.444	1.32467	1.32470			6
2025.11.27	02:05:54.362	1.32466	1.32473			6
2025.11.27	02:05:54.980	1.32467				2
2025.11.27	02:05:56.870		1.32472			4
2025.11.27	02:05:59.042	1.32466				2
2025.11.27	02:06:00.284	1.32466				2
2025.11.27	02:06:01.225	1.32467				2
2025.11.27	02:06:02.158		1.32471			4
2025.11.27	02:06:03.095	1.32468				2
2025.11.27	02:06:03.404	1.32467	1.32470			6
2025.11.27	02:06:04.018	1.32468	1.32471			6
2025.11.27	02:06:05.253	1.32469	1.32472			6
2025.11.27	02:06:09.841	1.32470	1.32473			6
2025.11.27	02:06:10.465	1.32469	1.32472			6
2025.11.27	02:06:11.395		1.32473			4
2025.11.27	02:06:12.326		1.32472			4
2025.11.27	02:06:28.373	1.32468	1.32471			6
2025.11.27	02:06:28.674	1.32469	1.32472			6
2025.11.27	02:06:32.322	1.32468	1.32471			6
2025.11.27	02:06:32.623	1.32469	1.32472			6
2025.11.27	02:06:38.744	1.32468	1.32471			6
2025.11.27	02:06:41.532	1.32469	1.32472			6
2025.11.27	02:06:48.663	1.32470	1.32473			6
2025.11.27	02:06:58.314	1.32469	1.32472			6
2025.11.27	02:07:00.190	1.32469				2
2025.11.27	02:07:00.501	1.32470				2
2025.11.27	02:07:01.426		1.32473			4
2025.11.27	02:07:02.350	1.32469	1.32472			6
2025.11.27	02:07:03.578	1.32470	1.32473			6
2025.11.27	02:07:08.842	1.32469	1.32472			6
2025.11.27	02:07:10.092		1.32473			4
2025.11.27	02:07:11.317		1.32472			4
2025.11.27	02:07:13.822	1.32468				2
2025.11.27	02:07:14.130	1.32469				2
2025.11.27	02:07:19.151	1.32471	1.32474			6
2025.11.27	02:07:20.395	1.32468				2
2025.11.27	02:07:21.332		1.32475			4
2025.11.27	02:07:22.879	1.32470				2
2025.11.27	02:07:23.501	1.32476	1.32480			6
2025.11.27	02:07:24.109	1.32477				2
2025.11.27	02:07:24.727	1.32478				2
2025.11.27	02:07:25.036	1.32477				2
2025.11.27	02:07:26.912	1.32478				2
2025.11.27	02:07:27.533	1.32474				2
2025.11.27	02:07:32.507		1.32479			4
2025.11.27	02:07:32.813	1.32472				2
2025.11.27	02:07:33.114	1.32473				2
2025.11.27	02:07:33.418		1.32480			4
2025.11.27	02:07:36.842		1.32479			4
2025.11.27	02:07:37.753	1.32474				2
2025.11.27	02:07:38.071	1.32473				2
2025.11.27	02:07:39.312	1.32474	1.32480			6
2025.11.27	02:07:39.616	1.32475				2
2025.11.27	02:07:41.157	1.32474				2
2025.11.27	02:07:42.387	1.32475				2
2025.11.27	02:07:44.257	1.32476				2
2025.11.27	02:07:45.172		1.32479			4
2025.11.27	02:07:47.624	1.32475	1.32478			6
2025.11.27	02:07:47.933	1.32476	1.32479			6
2025.11.27	02:07:49.779	1.32477	1.32480			6
2025.11.27	02:07:50.087	1.32476	1.32479			6
2025.11.27	02:08:00.232	1.32476				2
2025.11.27	02:08:00.534	1.32478	1.32481			6
2025.11.27	02:08:00.838	1.32479	1.32482			6
2025.11.27	02:08:02.382	1.32478	1.32483			6
2025.11.27	02:08:02.690	1.32477				2
2025.11.27	02:08:03.317		1.32482			4
2025.11.27	02:08:03.935	1.32476	1.32481			6
2025.11.27	02:08:04.236	1.32477	1.32482			6
2025.11.27	02:08:04.557	1.32476	1.32481			6
2025.11.27	02:08:05.822		1.32482			4
2025.11.27	02:08:06.135	1.32477				2
2025.11.27	02:08:06.444	1.32476	1.32481			6
2025.11.27	02:08:06.748	1.32477	1.32482			6
2025.11.27	02:08:07.365		1.32481			4
2025.11.27	02:08:08.291	1.32478				2
2025.11.27	02:08:08.898	1.32477	1.32480			6
2025.11.27	02:08:11.353	1.32478	1.32481			6
2025.11.27	02:08:12.590	1.32477	1.32479			6
2025.11.27	02:08:12.893	1.32470	1.32473			6
2025.11.27	02:08:14.112	1.32468	1.32474			6
2025.11.27	02:08:20.035	1.32469	1.32475			6
2025.11.27	02:08:20.340		1.32474			4
2025.11.27	02:08:20.947	1.32468				2
2025.11.27	02:08:21.564	1.32472	1.32477			6
2025.11.27	02:08:22.811	1.32471				2
2025.11.27	02:08:23.119		1.32478			4
2025.11.27	02:08:26.209	1.32472				2
2025.11.27	02:08:28.368	1.32473				2
2025.11.27	02:08:28.979	1.32472	1.32477			6
2025.11.27	02:08:29.285	1.32473				2
2025.11.27	02:08:30.212	1.32474				2
2025.11.27	02:08:31.757	1.32473	1.32476			6
2025.11.27	02:08:32.363	1.32474	1.32477			6
2025.11.27	02:08:33.291	1.32472	1.32475			6
2025.11.27	02:08:33.907	1.32471	1.32474			6
2025.11.27	02:08:34.215	1.32472	1.32475			6
2025.11.27	02:08:38.204	1.32471	1.32474			6
2025.11.27	02:08:40.043	1.32472	1.32475			6
2025.11.27	02:08:40.659	1.32471	1.32474			6
2025.11.27	02:08:41.582	1.32472	1.32475			6
2025.11.27	02:08:49.869	1.32471	1.32474			6
2025.11.27	02:08:54.159	1.32470	1.32473			6
