<DATE>	<TIME>	<BID>	<ASK>	<LAST>	<VOLUME>	<FLAGS>
2025.08.25	00:03:31.333	1.35124	1.35250			6
2025.08.25	00:04:00.365	1.35124				2
2025.08.25	00:04:07.162	1.35138	1.35247			6
2025.08.25	00:05:00.364	1.35138				2
2025.08.25	00:05:01.703	1.35135				2
2025.08.25	00:05:08.311		1.35247			4
2025.08.25	00:05:13.321	1.35136				2
2025.08.25	00:05:14.362	1.35135				2
2025.08.25	00:05:26.211	1.35137				2
2025.08.25	00:06:00.364	1.35137				2
2025.08.25	00:06:05.227	1.35136				2
2025.08.25	00:06:08.519		1.35247			4
2025.08.25	00:06:25.982	1.35135				2
2025.08.25	00:06:36.903	1.35136				2
2025.08.25	00:06:42.077	1.35135				2
2025.08.25	00:06:55.130	1.35137				2
2025.08.25	00:07:00.206	1.35137				2
2025.08.25	00:07:08.593	1.35136	1.35247			6
2025.08.25	00:07:10.990	1.35135				2
2025.08.25	00:07:14.917	1.35136				2
2025.08.25	00:07:22.649	1.35137				2
2025.08.25	00:07:32.956	1.35135				2
2025.08.25	00:07:34.077	1.35146				2
2025.08.25	00:08:00.012	1.35146				2
2025.08.25	00:08:10.294		1.35247			4
2025.08.25	00:08:12.242	1.35145				2
2025.08.25	00:09:01.549	1.35145				2
2025.08.25	00:09:11.816		1.35247			4
2025.08.25	00:09:38.561	1.35144				2
2025.08.25	00:09:50.690	1.35145				2
2025.08.25	00:10:00.418	1.35145				2
2025.08.25	00:10:07.641	1.35156				2
2025.08.25	00:10:12.363		1.35247			4
2025.08.25	00:10:36.963	1.35165				2
2025.08.25	00:10:37.265		1.35248			4
2025.08.25	00:10:47.179	1.35166				2
2025.08.25	00:10:51.289	1.35165				2
2025.08.25	00:10:53.519	1.35166				2
2025.08.25	00:10:53.823	1.35165				2
2025.08.25	00:11:00.363	1.35165				2
2025.08.25	00:11:07.646		1.35249			4
2025.08.25	00:11:38.388	1.35166				2
2025.08.25	00:11:50.364	1.35165				2
2025.08.25	00:11:55.874	1.35174				2
2025.08.25	00:12:00.365	1.35174				2
2025.08.25	00:12:08.766		1.35249			4
2025.08.25	00:12:38.968	1.35175				2
2025.08.25	00:13:00.367	1.35175				2
2025.08.25	00:13:09.362		1.35249			4
2025.08.25	00:13:45.324		1.35252			4
2025.08.25	00:13:55.899		1.35250			4
2025.08.25	00:14:00.367	1.35175				2
2025.08.25	00:14:31.408	1.35176	1.35252			6
2025.08.25	00:14:34.020	1.35179	1.35288			6
2025.08.25	00:14:34.333	1.35184	1.35312			6
2025.08.25	00:14:35.092	1.35175				2
2025.08.25	00:14:42.062		1.35299			4
2025.08.25	00:14:46.563	1.35177	1.35310			6
2025.08.25	00:14:54.063	1.35178				2
2025.08.25	00:14:56.087		1.35311			4
2025.08.25	00:14:57.070		1.35310			4
2025.08.25	00:15:00.078	1.35181	1.35332			6
2025.08.25	00:15:00.979	1.35178				2
2025.08.25	00:15:03.063		1.35344			4
2025.08.25	00:15:03.593		1.35332			4
2025.08.25	00:15:03.963		1.35340			4
2025.08.25	00:15:04.994		1.35333			4
2025.08.25	00:15:06.064	1.35180	1.35344			6
2025.08.25	00:15:07.076	1.35178	1.35332			6
2025.08.25	00:15:08.082		1.35328			4
2025.08.25	00:15:09.062		1.35326			4
2025.08.25	00:15:09.966	1.35177	1.35325			6
2025.08.25	00:15:10.992	1.35178				2
2025.08.25	00:15:12.903	1.35180				2
2025.08.25	00:15:14.092	1.35179				2
2025.08.25	00:15:16.091		1.35340			4
2025.08.25	00:15:16.597	1.35178	1.35328			6
2025.08.25	00:15:18.088		1.35324			4
2025.08.25	00:15:18.977	1.35183	1.35334			6
2025.08.25	00:15:20.090		1.35315			4
2025.08.25	00:15:22.087	1.35184				2
2025.08.25	00:15:23.085	1.35183				2
2025.08.25	00:15:24.087	1.35182				2
2025.08.25	00:15:27.989		1.35334			4
2025.08.25	00:15:29.088		1.35346			4
2025.08.25	00:15:31.091	1.35181	1.35334			6
2025.08.25	00:15:34.091		1.35346			4
2025.08.25	00:15:35.089		1.35334			4
2025.08.25	00:15:36.092		1.35346			4
2025.08.25	00:15:36.597		1.35334			4
2025.08.25	00:15:36.995		1.35343			4
2025.08.25	00:15:38.598		1.35334			4
2025.08.25	00:15:39.092		1.35343			4
2025.08.25	00:15:39.597		1.35334			4
2025.08.25	00:15:40.089		1.35347			4
2025.08.25	00:15:41.814		1.35346			4
2025.08.25	00:15:42.117	1.35179				2
2025.08.25	00:15:42.596		1.35334			4
2025.08.25	00:15:44.086	1.35181	1.35343			6
2025.08.25	00:15:45.088	1.35179	1.35334			6
2025.08.25	00:15:46.090		1.35344			4
2025.08.25	00:15:46.602		1.35334			4
2025.08.25	00:15:47.089		1.35346			4
2025.08.25	00:15:48.086		1.35345			4
2025.08.25	00:15:48.596		1.35334			4
2025.08.25	00:15:51.087	1.35181	1.35343			6
2025.08.25	00:15:51.443		1.35334			4
2025.08.25	00:15:52.089		1.35343			4
2025.08.25	00:15:53.090	1.35179				2
2025.08.25	00:15:53.597		1.35334			4
2025.08.25	00:15:54.089	1.35178	1.35343			6
2025.08.25	00:15:54.596		1.35334			4
2025.08.25	00:15:55.090		1.35343			4
2025.08.25	00:15:55.597		1.35334			4
2025.08.25	00:15:56.086	1.35179				2
2025.08.25	00:15:57.092		1.35347			4
2025.08.25	00:15:57.597		1.35326			4
2025.08.25	00:15:58.087	1.35178	1.35346			6
2025.08.25	00:15:59.087		1.35334			4
2025.08.25	00:16:00.085	1.35179	1.35346			6
2025.08.25	00:16:01.073		1.35334			4
2025.08.25	00:16:02.088		1.35347			4
2025.08.25	00:16:02.597		1.35334			4
2025.08.25	00:16:03.086	1.35178	1.35347			6
2025.08.25	00:16:04.090	1.35179	1.35342			6
2025.08.25	00:16:05.096	1.35177	1.35343			6
2025.08.25	00:16:05.597		1.35335			4
2025.08.25	00:16:07.089	1.35181	1.35347			6
2025.08.25	00:16:07.864	1.35177	1.35343			6
2025.08.25	00:16:10.091		1.35335			4
2025.08.25	00:16:14.976	1.35190	1.35314			6
2025.08.25	00:16:23.085		1.35315			4
2025.08.25	00:16:25.085		1.35332			4
2025.08.25	00:16:26.085		1.35333			4
2025.08.25	00:16:26.597		1.35322			4
2025.08.25	00:16:27.085		1.35332			4
2025.08.25	00:16:28.093		1.35333			4
2025.08.25	00:16:28.596		1.35322			4
2025.08.25	00:16:29.089		1.35342			4
2025.08.25	00:16:29.462		1.35322			4
2025.08.25	00:16:29.976		1.35333			4
2025.08.25	00:16:31.084		1.35332			4
2025.08.25	00:16:31.597		1.35322			4
2025.08.25	00:16:32.084		1.35342			4
2025.08.25	00:16:32.596		1.35328			4
2025.08.25	00:16:33.085		1.35333			4
2025.08.25	00:16:33.597		1.35328			4
2025.08.25	00:16:34.085		1.35332			4
2025.08.25	00:16:34.797		1.35343			4
2025.08.25	00:16:35.597		1.35323			4
2025.08.25	00:16:36.085		1.35332			4
2025.08.25	00:16:38.084		1.35343			4
2025.08.25	00:16:38.462		1.35323			4
2025.08.25	00:16:39.085		1.35332			4
2025.08.25	00:16:40.085		1.35333			4
2025.08.25	00:16:40.597		1.35323			4
2025.08.25	00:16:41.086		1.35343			4
2025.08.25	00:16:41.597		1.35324			4
2025.08.25	00:16:42.084		1.35331			4
2025.08.25	00:16:43.086		1.35339			4
2025.08.25	00:16:43.597		1.35323			4
2025.08.25	00:16:44.087		1.35315			4
2025.08.25	00:16:45.087		1.35314			4
2025.08.25	00:16:47.084	1.35191				2
2025.08.25	00:16:49.084	1.35190				2
2025.08.25	00:16:55.084		1.35342			4
2025.08.25	00:16:55.596		1.35322			4
2025.08.25	00:16:56.089		1.35342			4
2025.08.25	00:16:56.597		1.35322			4
2025.08.25	00:16:57.084		1.35331			4
2025.08.25	00:16:58.089		1.35342			4
2025.08.25	00:17:00.087	1.35190				2
2025.08.25	00:17:02.596		1.35329			4
2025.08.25	00:17:03.086		1.35331			4
2025.08.25	00:17:04.085		1.35343			4
2025.08.25	00:17:04.593		1.35322			4
2025.08.25	00:17:05.089		1.35335			4
2025.08.25	00:17:05.592		1.35322			4
2025.08.25	00:17:06.090		1.35342			4
2025.08.25	00:17:06.601		1.35322			4
2025.08.25	00:17:07.092		1.35342			4
2025.08.25	00:17:07.606		1.35323			4
2025.08.25	00:17:08.089		1.35332			4
2025.08.25	00:17:09.089		1.35342			4
2025.08.25	00:17:09.529		1.35322			4
2025.08.25	00:17:10.090		1.35342			4
2025.08.25	00:17:10.602		1.35322			4
2025.08.25	00:17:11.085		1.35332			4
2025.08.25	00:17:11.597		1.35322			4
2025.08.25	00:17:12.085		1.35342			4
2025.08.25	00:17:12.597		1.35329			4
2025.08.25	00:17:13.092		1.35332			4
2025.08.25	00:17:14.089		1.35331			4
2025.08.25	00:17:15.086		1.35342			4
2025.08.25	00:17:15.596		1.35322			4
2025.08.25	00:17:16.085		1.35332			4
2025.08.25	00:17:17.089		1.35342			4
2025.08.25	00:17:17.597		1.35322			4
2025.08.25	00:17:18.091		1.35332			4
2025.08.25	00:17:19.084		1.35338			4
2025.08.25	00:17:19.597		1.35322			4
2025.08.25	00:17:20.085		1.35342			4
2025.08.25	00:17:20.597		1.35322			4
2025.08.25	00:17:21.089		1.35331			4
2025.08.25	00:17:22.084		1.35342			4
2025.08.25	00:17:22.562		1.35329			4
2025.08.25	00:17:23.084		1.35332			4
2025.08.25	00:17:24.586		1.35322			4
2025.08.25	00:17:25.084		1.35334			4
2025.08.25	00:17:26.084	1.35191	1.35331			6
2025.08.25	00:17:27.084	1.35190				2
2025.08.25	00:17:28.085		1.35342			4
2025.08.25	00:17:28.595		1.35330			4
2025.08.25	00:17:29.092		1.35342			4
2025.08.25	00:17:29.412		1.35322			4
2025.08.25	00:17:30.091		1.35333			4
2025.08.25	00:17:31.602		1.35338			4
2025.08.25	00:17:32.085		1.35342			4
2025.08.25	00:17:32.596		1.35332			4
2025.08.25	00:17:34.089		1.35336			4
2025.08.25	00:17:35.089		1.35334			4
2025.08.25	00:17:35.609		1.35331			4
2025.08.25	00:17:36.091		1.35335			4
2025.08.25	00:17:36.604		1.35322			4
2025.08.25	00:17:37.090		1.35334			4
2025.08.25	00:17:38.089		1.35332			4
2025.08.25	00:17:39.601		1.35338			4
2025.08.25	00:17:40.091		1.35336			4
2025.08.25	00:17:40.441		1.35332			4
2025.08.25	00:17:41.089		1.35336			4
2025.08.25	00:17:41.604		1.35342			4
2025.08.25	00:17:42.089		1.35335			4
2025.08.25	00:17:43.092		1.35332			4
2025.08.25	00:17:44.604		1.35338			4
2025.08.25	00:17:45.094		1.35332			4
2025.08.25	00:17:45.596		1.35345			4
2025.08.25	00:17:46.085		1.35336			4
2025.08.25	00:17:46.596		1.35331			4
2025.08.25	00:17:47.044		1.35334			4
2025.08.25	00:17:47.602		1.35322			4
2025.08.25	00:17:48.064	1.35191	1.35332			6
2025.08.25	00:17:49.088	1.35190				2
2025.08.25	00:17:50.794		1.35343			4
2025.08.25	00:17:51.099		1.35335			4
2025.08.25	00:17:51.596		1.35322			4
2025.08.25	00:17:52.085		1.35336			4
2025.08.25	00:17:53.084		1.35335			4
2025.08.25	00:17:54.087		1.35336			4
2025.08.25	00:17:54.596		1.35345			4
2025.08.25	00:17:55.085	1.35191	1.35333			6
2025.08.25	00:17:56.084	1.35190				2
2025.08.25	00:17:57.085		1.35332			4
2025.08.25	00:17:57.503		1.35338			4
2025.08.25	00:17:58.085		1.35332			4
2025.08.25	00:17:59.089		1.35335			4
2025.08.25	00:17:59.595		1.35332			4
2025.08.25	00:18:00.084	1.35190	1.35336			6
2025.08.25	00:18:01.029		1.35332			4
2025.08.25	00:18:02.085		1.35336			4
2025.08.25	00:18:03.085		1.35334			4
2025.08.25	00:18:03.595		1.35322			4
2025.08.25	00:18:03.963		1.35336			4
2025.08.25	00:18:06.087	1.35191	1.35334			6
2025.08.25	00:18:07.084	1.35190	1.35336			6
2025.08.25	00:18:08.084		1.35335			4
2025.08.25	00:18:10.597		1.35322			4
2025.08.25	00:18:11.085		1.35335			4
2025.08.25	00:18:11.596		1.35322			4
2025.08.25	00:18:12.085		1.35332			4
2025.08.25	00:18:12.597		1.35338			4
2025.08.25	00:18:13.086		1.35334			4
2025.08.25	00:18:14.085	1.35191	1.35336			6
2025.08.25	00:18:14.596		1.35332			4
2025.08.25	00:18:15.085	1.35190	1.35335			6
2025.08.25	00:18:15.945		1.35332			4
2025.08.25	00:18:16.597		1.35338			4
2025.08.25	00:18:17.085		1.35335			4
2025.08.25	00:18:17.509		1.35331			4
2025.08.25	00:18:18.086		1.35335			4
2025.08.25	00:18:19.086		1.35336			4
2025.08.25	00:18:19.595		1.35322			4
2025.08.25	00:18:20.085	1.35191	1.35336			6
2025.08.25	00:18:21.061	1.35190	1.35334			6
2025.08.25	00:18:21.967		1.35336			4
2025.08.25	00:18:23.086		1.35335			4
2025.08.25	00:18:23.596		1.35345			4
2025.08.25	00:18:24.086		1.35336			4
2025.08.25	00:18:25.085		1.35332			4
2025.08.25	00:18:27.086		1.35335			4
2025.08.25	00:18:27.597		1.35331			4
2025.08.25	00:18:28.085		1.35336			4
2025.08.25	00:18:29.084		1.35335			4
2025.08.25	00:18:29.506		1.35345			4
2025.08.25	00:18:30.062		1.35335			4
2025.08.25	00:18:30.962		1.35334			4
2025.08.25	00:18:31.884		1.35342			4
2025.08.25	00:18:32.189		1.35336			4
2025.08.25	00:18:33.085		1.35335			4
2025.08.25	00:18:34.085	1.35191	1.35336			6
2025.08.25	00:18:34.597		1.35345			4
2025.08.25	00:18:35.092	1.35190	1.35335			6
2025.08.25	00:18:35.594		1.35345			4
2025.08.25	00:18:36.086		1.35336			4
2025.08.25	00:18:36.596		1.35331			4
2025.08.25	00:18:37.086		1.35334			4
2025.08.25	00:18:38.086		1.35333			4
2025.08.25	00:18:39.090		1.35335			4
2025.08.25	00:18:39.596		1.35322			4
2025.08.25	00:18:40.024		1.35336			4
2025.08.25	00:18:40.597		1.35322			4
2025.08.25	00:18:41.092		1.35335			4
2025.08.25	00:18:41.597		1.35332			4
2025.08.25	00:18:42.065		1.35343			4
2025.08.25	00:18:42.594		1.35338			4
2025.08.25	00:18:43.085		1.35333			4
2025.08.25	00:18:44.596		1.35338			4
2025.08.25	00:18:45.087		1.35335			4
2025.08.25	00:18:46.085		1.35336			4
2025.08.25	00:18:47.087		1.35335			4
2025.08.25	00:18:47.597		1.35332			4
2025.08.25	00:18:49.090	1.35191	1.35336			6
2025.08.25	00:18:49.596		1.35332			4
2025.08.25	00:18:50.085		1.35335			4
2025.08.25	00:18:51.091	1.35190	1.35336			6
2025.08.25	00:18:51.594		1.35345			4
2025.08.25	00:18:52.085		1.35336			4
2025.08.25	00:18:52.424		1.35345			4
2025.08.25	00:18:53.086		1.35335			4
2025.08.25	00:18:54.473		1.35322			4
2025.08.25	00:18:55.091		1.35332			4
2025.08.25	00:18:55.598		1.35345			4
2025.08.25	00:18:56.092		1.35336			4
2025.08.25	00:18:57.088		1.35335			4
2025.08.25	00:18:58.601		1.35322			4
2025.08.25	00:18:59.085		1.35335			4
2025.08.25	00:19:00.087	1.35190	1.35332			6
2025.08.25	00:19:00.595		1.35338			4
2025.08.25	00:19:01.087		1.35335			4
2025.08.25	00:19:01.503		1.35345			4
2025.08.25	00:19:02.087		1.35336			4
2025.08.25	00:19:03.092		1.35335			4
2025.08.25	00:19:03.597		1.35322			4
2025.08.25	00:19:04.086		1.35335			4
2025.08.25	00:19:06.086		1.35336			4
2025.08.25	00:19:07.087		1.35335			4
2025.08.25	00:19:08.089	1.35191	1.35336			6
2025.08.25	00:19:08.879	1.35190				2
2025.08.25	00:19:09.596		1.35342			4
2025.08.25	00:19:10.089		1.35335			4
2025.08.25	00:19:10.596		1.35322			4
2025.08.25	00:19:11.087		1.35335			4
2025.08.25	00:19:12.085		1.35332			4
2025.08.25	00:19:14.088		1.35336			4
2025.08.25	00:19:14.596		1.35345			4
2025.08.25	00:19:15.086		1.35336			4
2025.08.25	00:19:15.596		1.35345			4
2025.08.25	00:19:16.085		1.35336			4
2025.08.25	00:19:16.597		1.35322			4
2025.08.25	00:19:17.087		1.35332			4
2025.08.25	00:19:20.085		1.35335			4
2025.08.25	00:19:21.504		1.35345			4
2025.08.25	00:19:22.086		1.35335			4
2025.08.25	00:19:22.595		1.35322			4
2025.08.25	00:19:23.085		1.35332			4
2025.08.25	00:19:23.596		1.35342			4
2025.08.25	00:19:24.063		1.35335			4
2025.08.25	00:19:25.086		1.35332			4
2025.08.25	00:19:26.086		1.35335			4
2025.08.25	00:19:27.086		1.35332			4
2025.08.25	00:19:28.086		1.35336			4
2025.08.25	00:19:28.596		1.35342			4
2025.08.25	00:19:29.085	1.35191	1.35332			6
2025.08.25	00:19:30.087	1.35190				2
2025.08.25	00:19:31.086		1.35335			4
2025.08.25	00:19:31.596		1.35322			4
2025.08.25	00:19:32.085		1.35332			4
2025.08.25	00:19:32.596		1.35338			4
2025.08.25	00:19:33.013		1.35335			4
2025.08.25	00:19:34.085		1.35332			4
2025.08.25	00:19:35.085		1.35336			4
2025.08.25	00:19:36.088		1.35335			4
2025.08.25	00:19:37.090		1.35332			4
2025.08.25	00:19:37.824	1.35196	1.35335			6
2025.08.25	00:19:38.135	1.35190				2
2025.08.25	00:19:38.597		1.35322			4
2025.08.25	00:19:39.086		1.35335			4
2025.08.25	00:19:39.595		1.35322			4
2025.08.25	00:19:40.086		1.35332			4
2025.08.25	00:19:41.085		1.35335			4
2025.08.25	00:19:41.503		1.35331			4
2025.08.25	00:19:42.089		1.35336			4
2025.08.25	00:19:43.087		1.35332			4
2025.08.25	00:19:43.597		1.35338			4
2025.08.25	00:19:44.085		1.35332			4
2025.08.25	00:19:45.086		1.35336			4
2025.08.25	00:19:46.091		1.35335			4
2025.08.25	00:19:47.085		1.35332			4
2025.08.25	00:19:48.086		1.35335			4
2025.08.25	00:19:48.595		1.35345			4
2025.08.25	00:19:49.086		1.35332			4
2025.08.25	00:19:51.596		1.35338			4
2025.08.25	00:19:52.085		1.35335			4
2025.08.25	00:19:53.596		1.35322			4
2025.08.25	00:19:54.087		1.35335			4
2025.08.25	00:19:55.085		1.35332			4
2025.08.25	00:19:57.066		1.35335			4
2025.08.25	00:19:57.503		1.35331			4
2025.08.25	00:19:58.089		1.35335			4
2025.08.25	00:19:58.599		1.35322			4
2025.08.25	00:19:59.087		1.35335			4
2025.08.25	00:20:00.086	1.35190	1.35332			6
2025.08.25	00:20:01.090		1.35335			4
2025.08.25	00:20:01.505		1.35322			4
2025.08.25	00:20:01.915		1.35335			4
2025.08.25	00:20:03.596		1.35332			4
2025.08.25	00:20:04.087		1.35335			4
2025.08.25	00:20:04.410		1.35332			4
2025.08.25	00:20:05.086		1.35335			4
2025.08.25	00:20:05.596		1.35345			4
2025.08.25	00:20:05.983	1.35191	1.35337			6
2025.08.25	00:20:07.089	1.35190	1.35332			6
2025.08.25	00:20:08.089		1.35335			4
2025.08.25	00:20:08.602		1.35331			4
2025.08.25	00:20:09.085		1.35336			4
2025.08.25	00:20:10.086		1.35332			4
2025.08.25	00:20:11.087		1.35336			4
2025.08.25	00:20:11.544		1.35345			4
2025.08.25	00:20:12.085		1.35332			4
2025.08.25	00:20:12.600		1.35338			4
2025.08.25	00:20:12.962		1.35332			4
2025.08.25	00:20:13.503		1.35345			4
2025.08.25	00:20:14.085		1.35335			4
2025.08.25	00:20:14.405		1.35332			4
2025.08.25	00:20:15.064		1.35333			4
2025.08.25	00:20:15.596	1.35191	1.35338			6
2025.08.25	00:20:16.091	1.35190	1.35333			6
2025.08.25	00:20:16.576		1.35338			4
2025.08.25	00:20:17.082		1.35335			4
2025.08.25	00:20:18.086		1.35333			4
2025.08.25	00:20:19.086		1.35335			4
2025.08.25	00:20:19.596	1.35192	1.35332			6
2025.08.25	00:20:20.090	1.35191	1.35336			6
2025.08.25	00:20:20.708	1.35190				2
2025.08.25	00:20:21.087		1.35335			4
2025.08.25	00:20:22.087	1.35191	1.35336			6
2025.08.25	00:20:22.597		1.35322			4
2025.08.25	00:20:23.089	1.35192	1.35336			6
2025.08.25	00:20:23.597		1.35322			4
2025.08.25	00:20:24.088	1.35190	1.35336			6
2025.08.25	00:20:24.596		1.35322			4
2025.08.25	00:20:25.087		1.35335			4
2025.08.25	00:20:25.994	1.35191	1.35336			6
2025.08.25	00:20:26.463		1.35342			4
2025.08.25	00:20:27.081	1.35190	1.35333			6
2025.08.25	00:20:27.597		1.35342			4
2025.08.25	00:20:28.085	1.35191	1.35336			6
2025.08.25	00:20:29.088	1.35190	1.35333			6
2025.08.25	00:20:30.086		1.35335			4
2025.08.25	00:20:30.596		1.35322			4
2025.08.25	00:20:31.086		1.35335			4
2025.08.25	00:20:31.596		1.35345			4
2025.08.25	00:20:32.087		1.35336			4
2025.08.25	00:20:33.088	1.35191				2
2025.08.25	00:20:34.089	1.35190	1.35333			6
2025.08.25	00:20:34.596	1.35191	1.35345			6
2025.08.25	00:20:35.087	1.35190	1.35333			6
2025.08.25	00:20:36.088	1.35191	1.35336			6
2025.08.25	00:20:36.596	1.35190	1.35322			6
2025.08.25	00:20:37.087	1.35191	1.35336			6
2025.08.25	00:20:37.504		1.35322			4
2025.08.25	00:20:37.869		1.35333			4
2025.08.25	00:20:38.597	1.35192	1.35342			6
2025.08.25	00:20:39.089	1.35191	1.35336			6
2025.08.25	00:20:40.086	1.35190	1.35333			6
2025.08.25	00:20:40.443		1.35338			4
2025.08.25	00:20:41.091	1.35191	1.35336			6
2025.08.25	00:20:43.093		1.35333			4
2025.08.25	00:20:43.598		1.35345			4
2025.08.25	00:20:44.085	1.35190	1.35336			6
2025.08.25	00:20:44.597		1.35332			4
2025.08.25	00:20:45.088		1.35335			4
2025.08.25	00:20:46.088		1.35333			4
2025.08.25	00:20:46.594	1.35191	1.35345			6
2025.08.25	00:20:47.087	1.35190	1.35336			6
2025.08.25	00:20:47.463		1.35332			4
2025.08.25	00:20:47.821	1.35196	1.35336			6
2025.08.25	00:20:48.124	1.35191				2
2025.08.25	00:20:48.821	1.35195				2
2025.08.25	00:20:49.140	1.35190				2
2025.08.25	00:20:49.504	1.35192	1.35345			6
2025.08.25	00:20:49.822	1.35196	1.35337			6
2025.08.25	00:20:50.137	1.35191				2
2025.08.25	00:20:51.093	1.35190	1.35333			6
2025.08.25	00:20:52.087	1.35191	1.35336			6
2025.08.25	00:20:52.593		1.35345			4
2025.08.25	00:20:53.090	1.35190	1.35336			6
2025.08.25	00:20:53.504		1.35332			4
2025.08.25	00:20:54.085		1.35335			4
2025.08.25	00:20:54.981		1.35333			4
2025.08.25	00:20:55.597		1.35345			4
2025.08.25	00:20:56.089		1.35335			4
2025.08.25	00:20:56.599		1.35322			4
2025.08.25	00:20:57.085		1.35335			4
2025.08.25	00:20:57.424		1.35345			4
2025.08.25	00:20:58.085		1.35339			4
2025.08.25	00:20:58.603		1.35345			4
2025.08.25	00:20:58.910		1.35339			4
2025.08.25	00:20:59.906		1.35349			4
2025.08.25	00:21:00.285	1.35190	1.35342			6
2025.08.25	00:21:00.600		1.35328			4
2025.08.25	00:21:01.086	1.35198	1.35339			6
2025.08.25	00:21:01.597		1.35337			4
2025.08.25	00:21:02.088		1.35342			4
2025.08.25	00:21:02.596		1.35328			4
2025.08.25	00:21:03.089		1.35343			4
2025.08.25	00:21:04.085		1.35342			4
2025.08.25	00:21:04.531		1.35328			4
2025.08.25	00:21:05.085		1.35342			4
2025.08.25	00:21:05.596		1.35328			4
2025.08.25	00:21:06.091		1.35338			4
2025.08.25	00:21:08.089		1.35342			4
2025.08.25	00:21:08.597		1.35328			4
2025.08.25	00:21:09.088		1.35338			4
2025.08.25	00:21:10.091		1.35342			4
2025.08.25	00:21:10.596		1.35328			4
2025.08.25	00:21:11.089		1.35339			4
2025.08.25	00:21:12.088		1.35342			4
2025.08.25	00:21:12.596		1.35328			4
2025.08.25	00:21:13.091		1.35342			4
2025.08.25	00:21:14.089		1.35343			4
2025.08.25	00:21:15.088		1.35339			4
2025.08.25	00:21:17.090		1.35342			4
2025.08.25	00:21:18.599		1.35337			4
2025.08.25	00:21:18.974		1.35342			4
2025.08.25	00:21:20.596		1.35328			4
2025.08.25	00:21:21.087		1.35342			4
2025.08.25	00:21:21.596		1.35328			4
2025.08.25	00:21:22.088		1.35339			4
2025.08.25	00:21:23.088		1.35342			4
2025.08.25	00:21:23.596		1.35328			4
2025.08.25	00:21:24.088		1.35343			4
2025.08.25	00:21:24.596		1.35328			4
2025.08.25	00:21:25.088		1.35342			4
2025.08.25	00:21:25.597		1.35328			4
2025.08.25	00:21:26.091		1.35343			4
2025.08.25	00:21:26.597		1.35345			4
2025.08.25	00:21:27.089		1.35342			4
2025.08.25	00:21:27.598		1.35345			4
2025.08.25	00:21:28.089		1.35339			4
2025.08.25	00:21:29.088		1.35343			4
2025.08.25	00:21:30.091		1.35338			4
2025.08.25	00:21:31.088		1.35343			4
2025.08.25	00:21:31.596		1.35328			4
2025.08.25	00:21:32.087		1.35342			4
2025.08.25	00:21:32.596		1.35328			4
2025.08.25	00:21:33.088		1.35338			4
2025.08.25	00:21:34.088		1.35344			4
2025.08.25	00:21:34.596		1.35349			4
2025.08.25	00:21:35.089		1.35342			4
2025.08.25	00:21:35.998		1.35344			4
2025.08.25	00:21:37.088		1.35343			4
2025.08.25	00:21:38.092		1.35338			4
2025.08.25	00:21:39.088		1.35339			4
2025.08.25	00:21:40.091		1.35342			4
2025.08.25	00:21:40.597		1.35328			4
2025.08.25	00:21:41.088		1.35344			4
2025.08.25	00:21:41.597		1.35349			4
2025.08.25	00:21:42.089		1.35343			4
2025.08.25	00:21:42.597		1.35349			4
2025.08.25	00:21:43.063		1.35343			4
2025.08.25	00:21:43.597		1.35328			4
2025.08.25	00:21:44.088		1.35339			4
2025.08.25	00:21:44.597		1.35328			4
2025.08.25	00:21:45.094		1.35339			4
2025.08.25	00:21:46.087		1.35349			4
2025.08.25	00:21:47.086		1.35337			4
2025.08.25	00:21:47.873		1.35349			4
2025.08.25	00:21:48.198		1.35339			4
2025.08.25	00:21:49.087		1.35342			4
2025.08.25	00:21:50.088		1.35343			4
2025.08.25	00:21:50.595		1.35345			4
2025.08.25	00:21:51.088		1.35342			4
2025.08.25	00:21:52.087		1.35339			4
2025.08.25	00:21:54.090		1.35338			4
2025.08.25	00:21:55.088		1.35343			4
2025.08.25	00:21:55.597		1.35345			4
2025.08.25	00:21:56.089		1.35342			4
2025.08.25	00:21:56.496		1.35328			4
2025.08.25	00:21:57.086		1.35338			4
2025.08.25	00:21:58.088		1.35343			4
2025.08.25	00:21:59.095		1.35337			4
2025.08.25	00:22:00.088	1.35198	1.35342			6
2025.08.25	00:22:02.088		1.35339			4
2025.08.25	00:22:02.596		1.35328			4
2025.08.25	00:22:03.092		1.35342			4
2025.08.25	00:22:04.090		1.35338			4
2025.08.25	00:22:05.089		1.35349			4
2025.08.25	00:22:06.088		1.35343			4
2025.08.25	00:22:07.088		1.35342			4
2025.08.25	00:22:08.088		1.35339			4
2025.08.25	00:22:09.087		1.35320			4
2025.08.25	00:22:24.088		1.35339			4
2025.08.25	00:22:25.093		1.35342			4
2025.08.25	00:22:25.600		1.35328			4
2025.08.25	00:22:26.088		1.35343			4
2025.08.25	00:22:26.413		1.35328			4
2025.08.25	00:22:27.088		1.35339			4
2025.08.25	00:22:28.090		1.35343			4
2025.08.25	00:22:29.089		1.35337			4
2025.08.25	00:22:31.094		1.35342			4
2025.08.25	00:22:31.597		1.35328			4
2025.08.25	00:22:32.087		1.35342			4
2025.08.25	00:22:33.092		1.35339			4
2025.08.25	00:22:34.092		1.35338			4
2025.08.25	00:22:36.043		1.35342			4
2025.08.25	00:22:37.088		1.35338			4
2025.08.25	00:22:38.088		1.35342			4
2025.08.25	00:22:39.091		1.35343			4
2025.08.25	00:22:40.088		1.35342			4
2025.08.25	00:22:40.864		1.35349			4
2025.08.25	00:22:41.199		1.35342			4
2025.08.25	00:22:41.598		1.35328			4
2025.08.25	00:22:42.087		1.35338			4
2025.08.25	00:22:44.092		1.35343			4
2025.08.25	00:22:44.597		1.35338			4
2025.08.25	00:22:45.088		1.35342			4
2025.08.25	00:22:45.597		1.35328			4
2025.08.25	00:22:46.086		1.35343			4
2025.08.25	00:22:46.597		1.35328			4
2025.08.25	00:22:47.089		1.35339			4
2025.08.25	00:22:52.088		1.35342			4
2025.08.25	00:22:52.597		1.35337			4
2025.08.25	00:22:53.090		1.35349			4
2025.08.25	00:22:53.597		1.35328			4
2025.08.25	00:22:54.088		1.35338			4
2025.08.25	00:22:55.088		1.35339			4
2025.08.25	00:22:55.597		1.35349			4
2025.08.25	00:22:56.089		1.35339			4
2025.08.25	00:22:57.087		1.35343			4
2025.08.25	00:22:57.598		1.35328			4
2025.08.25	00:22:58.088		1.35342			4
2025.08.25	00:22:59.611		1.35328			4
2025.08.25	00:23:00.088	1.35198	1.35342			6
2025.08.25	00:23:00.964		1.35349			4
2025.08.25	00:23:01.293		1.35343			4
2025.08.25	00:23:02.090		1.35342			4
2025.08.25	00:23:03.093		1.35343			4
2025.08.25	00:23:04.090		1.35339			4
2025.08.25	00:23:04.946		1.35343			4
2025.08.25	00:23:05.601		1.35328			4
2025.08.25	00:23:06.088		1.35341			4
2025.08.25	00:23:06.596		1.35328			4
2025.08.25	00:23:07.090		1.35340			4
2025.08.25	00:23:08.088		1.35338			4
2025.08.25	00:23:09.087		1.35342			4
2025.08.25	00:23:10.088		1.35343			4
2025.08.25	00:23:11.088		1.35342			4
2025.08.25	00:23:11.596		1.35328			4
2025.08.25	00:23:12.087		1.35340			4
2025.08.25	00:23:15.090		1.35343			4
2025.08.25	00:23:16.088		1.35342			4
2025.08.25	00:23:17.597		1.35328			4
2025.08.25	00:23:18.092		1.35342			4
2025.08.25	00:23:20.085		1.35339			4
2025.08.25	00:23:21.089		1.35342			4
2025.08.25	00:23:23.091		1.35338			4
2025.08.25	00:23:24.090		1.35340			4
2025.08.25	00:23:24.596		1.35328			4
2025.08.25	00:23:25.090		1.35337			4
2025.08.25	00:23:26.088		1.35340			4
2025.08.25	00:23:28.088		1.35339			4
2025.08.25	00:23:29.023		1.35340			4
2025.08.25	00:23:30.089		1.35337			4
2025.08.25	00:23:31.090		1.35342			4
2025.08.25	00:23:32.089		1.35341			4
2025.08.25	00:23:33.089		1.35342			4
2025.08.25	00:23:34.596		1.35328			4
2025.08.25	00:23:35.091		1.35342			4
2025.08.25	00:23:36.088		1.35340			4
2025.08.25	00:23:37.088		1.35337			4
2025.08.25	00:23:38.089		1.35342			4
2025.08.25	00:23:39.086		1.35337			4
2025.08.25	00:23:40.088		1.35342			4
2025.08.25	00:23:40.596		1.35328			4
2025.08.25	00:23:41.091		1.35340			4
2025.08.25	00:23:42.088		1.35341			4
2025.08.25	00:23:43.092		1.35340			4
2025.08.25	00:23:44.101		1.35337			4
2025.08.25	00:23:45.087		1.35341			4
2025.08.25	00:23:46.089		1.35343			4
2025.08.25	00:23:47.935		1.35339			4
2025.08.25	00:23:49.088		1.35342			4
2025.08.25	00:23:49.859		1.35349			4
2025.08.25	00:23:50.197		1.35343			4
2025.08.25	00:23:51.088		1.35341			4
2025.08.25	00:23:52.086		1.35343			4
2025.08.25	00:23:52.596		1.35328			4
2025.08.25	00:23:53.013		1.35344			4
2025.08.25	00:23:54.095		1.35345			4
2025.08.25	00:23:54.597		1.35332			4
2025.08.25	00:23:55.090		1.35344			4
2025.08.25	00:23:56.087		1.35345			4
2025.08.25	00:23:56.596		1.35332			4
2025.08.25	00:23:56.903		1.35342			4
2025.08.25	00:23:57.596		1.35328			4
2025.08.25	00:23:57.925		1.35338			4
2025.08.25	00:24:00.086	1.35198	1.35341			6
2025.08.25	00:24:00.477		1.35320			4
2025.08.25	00:24:01.439	1.35174	1.35321			6
2025.08.25	00:24:02.046	1.35176				2
2025.08.25	00:24:03.088	1.35177				2
2025.08.25	00:24:04.089	1.35178				2
2025.08.25	00:24:06.089	1.35179				2
2025.08.25	00:24:11.090	1.35180				2
2025.08.25	00:24:16.093	1.35179	1.35345			6
2025.08.25	00:24:16.599		1.35337			4
2025.08.25	00:24:17.089		1.35343			4
2025.08.25	00:24:18.092		1.35337			4
2025.08.25	00:24:19.091		1.35338			4
2025.08.25	00:24:20.088		1.35337			4
2025.08.25	00:24:21.025		1.35342			4
2025.08.25	00:24:22.013		1.35345			4
2025.08.25	00:24:22.596		1.35337			4
2025.08.25	00:24:23.956		1.35345			4
2025.08.25	00:24:24.600		1.35337			4
2025.08.25	00:24:25.089		1.35344			4
2025.08.25	00:24:25.597		1.35337			4
2025.08.25	00:24:26.822		1.35344			4
2025.08.25	00:24:27.597		1.35337			4
2025.08.25	00:24:28.089		1.35345			4
2025.08.25	00:24:28.596		1.35337			4
2025.08.25	00:24:30.089		1.35344			4
2025.08.25	00:24:30.597		1.35337			4
2025.08.25	00:24:31.045		1.35352			4
2025.08.25	00:24:31.596		1.35329			4
2025.08.25	00:24:32.089		1.35345			4
2025.08.25	00:24:32.596		1.35329			4
2025.08.25	00:24:33.093		1.35344			4
2025.08.25	00:24:34.092		1.35345			4
2025.08.25	00:24:34.598		1.35337			4
2025.08.25	00:24:36.088		1.35339			4
2025.08.25	00:24:37.089		1.35337			4
2025.08.25	00:24:40.090		1.35345			4
2025.08.25	00:24:41.088		1.35337			4
2025.08.25	00:24:43.091		1.35344			4
2025.08.25	00:24:43.596		1.35340			4
2025.08.25	00:24:44.089		1.35344			4
2025.08.25	00:24:46.087		1.35345			4
2025.08.25	00:24:46.596		1.35337			4
2025.08.25	00:24:47.089		1.35344			4
2025.08.25	00:24:47.597		1.35337			4
2025.08.25	00:24:48.090		1.35354			4
2025.08.25	00:24:48.886		1.35351			4
2025.08.25	00:24:49.197		1.35345			4
2025.08.25	00:24:49.597		1.35337			4
2025.08.25	00:24:50.089		1.35351			4
2025.08.25	00:24:50.602		1.35337			4
2025.08.25	00:24:52.088		1.35344			4
2025.08.25	00:24:52.597		1.35337			4
2025.08.25	00:24:54.097		1.35344			4
2025.08.25	00:24:54.597		1.35337			4
2025.08.25	00:24:57.089		1.35338			4
2025.08.25	00:24:57.596		1.35337			4
2025.08.25	00:24:58.088		1.35345			4
2025.08.25	00:24:59.089		1.35337			4
2025.08.25	00:25:00.090	1.35179				2
2025.08.25	00:25:01.093		1.35338			4
2025.08.25	00:25:03.061		1.35337			4
2025.08.25	00:25:04.088		1.35345			4
2025.08.25	00:25:04.530		1.35337			4
2025.08.25	00:25:05.087		1.35344			4
2025.08.25	00:25:05.598		1.35337			4
2025.08.25	00:25:07.088		1.35344			4
2025.08.25	00:25:07.601		1.35337			4
2025.08.25	00:25:08.088		1.35338			4
2025.08.25	00:25:09.598		1.35337			4
2025.08.25	00:25:11.088		1.35338			4
2025.08.25	00:25:12.087		1.35337			4
2025.08.25	00:25:14.088		1.35344			4
2025.08.25	00:25:14.597		1.35337			4
2025.08.25	00:25:17.090		1.35344			4
2025.08.25	00:25:18.088		1.35345			4
2025.08.25	00:25:18.597		1.35337			4
2025.08.25	00:25:19.090		1.35345			4
2025.08.25	00:25:19.596		1.35337			4
2025.08.25	00:25:21.088		1.35338			4
2025.08.25	00:25:21.595		1.35337			4
2025.08.25	00:25:22.087		1.35344			4
2025.08.25	00:25:22.596		1.35340			4
2025.08.25	00:25:23.089		1.35344			4
2025.08.25	00:25:24.090		1.35345			4
2025.08.25	00:25:25.087		1.35337			4
2025.08.25	00:25:28.089		1.35338			4
2025.08.25	00:25:30.597		1.35337			4
2025.08.25	00:25:34.089		1.35335			4
2025.08.25	00:25:36.074		1.35345			4
2025.08.25	00:25:38.089		1.35339			4
2025.08.25	00:25:39.077		1.35347			4
2025.08.25	00:25:40.596		1.35337			4
2025.08.25	00:25:41.088		1.35344			4
2025.08.25	00:25:41.596		1.35337			4
2025.08.25	00:25:43.895		1.35327			4
2025.08.25	00:25:46.085		1.35321			4
2025.08.25	00:25:49.087		1.35329			4
2025.08.25	00:25:49.596		1.35321			4
2025.08.25	00:25:58.091		1.35325			4
2025.08.25	00:25:58.915		1.35337			4
2025.08.25	00:25:59.285		1.35330			4
2025.08.25	00:25:59.595		1.35321			4
2025.08.25	00:26:00.086	1.35179				2
2025.08.25	00:26:07.087		1.35337			4
2025.08.25	00:26:07.975		1.35346			4
2025.08.25	00:26:08.597		1.35329			4
2025.08.25	00:26:09.096		1.35337			4
2025.08.25	00:26:12.088		1.35345			4
2025.08.25	00:26:12.596		1.35337			4
2025.08.25	00:26:13.088		1.35345			4
2025.08.25	00:26:13.595		1.35337			4
2025.08.25	00:26:15.087		1.35344			4
2025.08.25	00:26:15.601		1.35337			4
2025.08.25	00:26:17.088		1.35344			4
2025.08.25	00:26:17.599		1.35337			4
2025.08.25	00:26:18.087		1.35331			4
2025.08.25	00:26:19.089		1.35344			4
2025.08.25	00:26:19.596		1.35337			4
2025.08.25	00:26:20.088		1.35338			4
2025.08.25	00:26:20.923		1.35345			4
2025.08.25	00:26:21.597		1.35337			4
2025.08.25	00:26:22.089		1.35344			4
2025.08.25	00:26:22.423		1.35337			4
2025.08.25	00:26:24.087		1.35346			4
2025.08.25	00:26:24.596		1.35337			4
2025.08.25	00:26:25.092		1.35344			4
2025.08.25	00:26:26.090		1.35337			4
2025.08.25	00:26:29.089		1.35338			4
2025.08.25	00:26:30.090		1.35344			4
2025.08.25	00:26:30.597		1.35337			4
2025.08.25	00:26:31.091		1.35345			4
2025.08.25	00:26:31.576		1.35337			4
2025.08.25	00:26:32.065		1.35338			4
2025.08.25	00:26:33.088		1.35337			4
2025.08.25	00:26:35.090		1.35338			4
2025.08.25	00:26:36.089		1.35337			4
2025.08.25	00:26:36.874		1.35345			4
2025.08.25	00:26:38.089		1.35337			4
2025.08.25	00:26:39.089		1.35338			4
2025.08.25	00:26:39.598		1.35337			4
2025.08.25	00:26:42.087		1.35345			4
2025.08.25	00:26:43.092		1.35338			4
2025.08.25	00:26:44.087		1.35337			4
2025.08.25	00:26:45.090		1.35345			4
2025.08.25	00:26:45.598		1.35338			4
2025.08.25	00:26:47.089		1.35337			4
2025.08.25	00:26:48.087		1.35338			4
2025.08.25	00:26:49.088		1.35339			4
2025.08.25	00:26:50.091		1.35345			4
2025.08.25	00:26:50.600		1.35337			4
2025.08.25	00:26:54.090		1.35345			4
2025.08.25	00:26:54.597		1.35337			4
2025.08.25	00:26:55.089		1.35345			4
2025.08.25	00:26:55.597		1.35337			4
2025.08.25	00:26:56.086		1.35345			4
2025.08.25	00:26:57.092		1.35338			4
2025.08.25	00:26:58.089		1.35344			4
2025.08.25	00:26:58.596		1.35337			4
2025.08.25	00:27:00.092	1.35179	1.35339			6
2025.08.25	00:27:00.596		1.35337			4
2025.08.25	00:27:00.966		1.35338			4
2025.08.25	00:27:02.086		1.35346			4
2025.08.25	00:27:02.597		1.35337			4
2025.08.25	00:27:03.088		1.35351			4
2025.08.25	00:27:03.594		1.35337			4
2025.08.25	00:27:04.098		1.35338			4
2025.08.25	00:27:05.086		1.35337			4
2025.08.25	00:27:06.091		1.35345			4
2025.08.25	00:27:07.596		1.35337			4
2025.08.25	00:27:09.089		1.35344			4
2025.08.25	00:27:09.597		1.35337			4
2025.08.25	00:27:10.088		1.35344			4
2025.08.25	00:27:11.090		1.35337			4
2025.08.25	00:27:17.089		1.35345			4
2025.08.25	00:27:17.597		1.35337			4
2025.08.25	00:27:20.086		1.35344			4
2025.08.25	00:27:20.596		1.35337			4
2025.08.25	00:27:21.088		1.35342			4
2025.08.25	00:27:22.086		1.35344			4
2025.08.25	00:27:22.596		1.35337			4
2025.08.25	00:27:24.090		1.35344			4
2025.08.25	00:27:24.597		1.35329			4
2025.08.25	00:27:25.044		1.35338			4
2025.08.25	00:27:26.094		1.35337			4
2025.08.25	00:27:27.090		1.35343			4
2025.08.25	00:27:27.598		1.35340			4
2025.08.25	00:27:28.088		1.35345			4
2025.08.25	00:27:28.596		1.35337			4
2025.08.25	00:27:29.091		1.35344			4
2025.08.25	00:27:29.596		1.35337			4
2025.08.25	00:27:32.086		1.35345			4
2025.08.25	00:27:32.596		1.35341			4
2025.08.25	00:27:33.087		1.35337			4
2025.08.25	00:27:34.086		1.35346			4
2025.08.25	00:27:34.596		1.35337			4
2025.08.25	00:27:35.087		1.35338			4
2025.08.25	00:27:36.096		1.35344			4
2025.08.25	00:27:36.596		1.35337			4
2025.08.25	00:27:38.087		1.35338			4
2025.08.25	00:27:39.063		1.35337			4
2025.08.25	00:27:41.087		1.35344			4
2025.08.25	00:27:41.596		1.35337			4
2025.08.25	00:27:42.088		1.35344			4
2025.08.25	00:27:42.482		1.35331			4
2025.08.25	00:27:46.917	1.35189				2
2025.08.25	00:27:47.216	1.35179				2
2025.08.25	00:27:48.087		1.35308			4
2025.08.25	00:27:48.456		1.35321			4
2025.08.25	00:27:55.088		1.35325			4
2025.08.25	00:28:00.087	1.35179				2
2025.08.25	00:28:04.087		1.35346			4
2025.08.25	00:28:05.600		1.35331			4
2025.08.25	00:28:06.090		1.35345			4
2025.08.25	00:28:07.086		1.35339			4
2025.08.25	00:28:08.087		1.35341			4
2025.08.25	00:28:09.088		1.35340			4
2025.08.25	00:28:10.087		1.35339			4
2025.08.25	00:28:11.088		1.35348			4
2025.08.25	00:28:11.602		1.35331			4
2025.08.25	00:28:12.086		1.35347			4
2025.08.25	00:28:12.598		1.35339			4
2025.08.25	00:28:13.088		1.35340			4
2025.08.25	00:28:14.089		1.35339			4
2025.08.25	00:28:15.092		1.35352			4
2025.08.25	00:28:16.089		1.35346			4
2025.08.25	00:28:16.596		1.35331			4
2025.08.25	00:28:17.087		1.35345			4
2025.08.25	00:28:17.600		1.35331			4
2025.08.25	00:28:18.028		1.35341			4
2025.08.25	00:28:18.602		1.35331			4
2025.08.25	00:28:19.094		1.35345			4
2025.08.25	00:28:19.600		1.35339			4
2025.08.25	00:28:20.089		1.35340			4
2025.08.25	00:28:21.088		1.35339			4
2025.08.25	00:28:22.090		1.35345			4
2025.08.25	00:28:22.597		1.35331			4
2025.08.25	00:28:23.088		1.35352			4
2025.08.25	00:28:23.596		1.35331			4
2025.08.25	00:28:24.086		1.35345			4
2025.08.25	00:28:25.088		1.35339			4
2025.08.25	00:28:26.088		1.35346			4
2025.08.25	00:28:26.596		1.35339			4
2025.08.25	00:28:27.087		1.35345			4
2025.08.25	00:28:27.597		1.35331			4
2025.08.25	00:28:28.091		1.35339			4
2025.08.25	00:28:29.091		1.35346			4
2025.08.25	00:28:30.091		1.35345			4
2025.08.25	00:28:30.599		1.35331			4
2025.08.25	00:28:31.091		1.35340			4
2025.08.25	00:28:32.088		1.35347			4
2025.08.25	00:28:32.476		1.35339			4
2025.08.25	00:28:33.087		1.35346			4
2025.08.25	00:28:33.597		1.35331			4
2025.08.25	00:28:34.088		1.35339			4
2025.08.25	00:28:35.088		1.35344			4
2025.08.25	00:28:35.598		1.35331			4
2025.08.25	00:28:36.090		1.35339			4
2025.08.25	00:28:37.088		1.35340			4
2025.08.25	00:28:37.599		1.35339			4
2025.08.25	00:28:38.088		1.35346			4
2025.08.25	00:28:38.597		1.35339			4
2025.08.25	00:28:40.092		1.35347			4
2025.08.25	00:28:40.608		1.35339			4
2025.08.25	00:28:46.923		1.35344			4
2025.08.25	00:28:48.087		1.35346			4
2025.08.25	00:28:48.598		1.35342			4
2025.08.25	00:28:49.089	1.35182	1.35340			6
2025.08.25	00:28:49.931	1.35184	1.35354			6
2025.08.25	00:28:52.086	1.35183				2
2025.08.25	00:28:55.603		1.35352			4
2025.08.25	00:28:56.089		1.35353			4
2025.08.25	00:28:57.089		1.35354			4
2025.08.25	00:29:00.091	1.35183				2
2025.08.25	00:29:03.597		1.35347			4
2025.08.25	00:29:04.091		1.35354			4
2025.08.25	00:29:08.597		1.35352			4
2025.08.25	00:29:09.087	1.35182	1.35354			6
2025.08.25	00:29:14.088		1.35352			4
2025.08.25	00:29:15.090		1.35354			4
2025.08.25	00:29:15.597		1.35347			4
2025.08.25	00:29:16.088		1.35354			4
2025.08.25	00:29:18.092		1.35352			4
2025.08.25	00:29:19.091		1.35354			4
2025.08.25	00:29:20.087		1.35352			4
2025.08.25	00:29:21.090		1.35354			4
2025.08.25	00:29:26.089		1.35352			4
2025.08.25	00:29:27.089		1.35354			4
2025.08.25	00:29:28.090	1.35181				2
2025.08.25	00:29:31.087	1.35182				2
2025.08.25	00:29:32.089	1.35181				2
2025.08.25	00:29:32.396	1.35182				2
2025.08.25	00:29:38.092	1.35183				2
2025.08.25	00:29:39.090	1.35182				2
2025.08.25	00:29:41.597		1.35352			4
2025.08.25	00:29:42.091		1.35354			4
2025.08.25	00:29:44.597		1.35352			4
2025.08.25	00:29:45.089		1.35354			4
2025.08.25	00:29:48.088		1.35347			4
2025.08.25	00:29:49.088		1.35354			4
2025.08.25	00:29:50.090		1.35352			4
2025.08.25	00:29:51.087		1.35354			4
2025.08.25	00:29:54.087		1.35353			4
2025.08.25	00:29:55.089		1.35354			4
2025.08.25	00:29:56.598		1.35347			4
2025.08.25	00:29:57.089	1.35181	1.35354			6
2025.08.25	00:29:59.088		1.35351			4
2025.08.25	00:30:00.090	1.35179	1.35346			6
2025.08.25	00:30:01.088		1.35343			4
2025.08.25	00:30:02.091		1.35332			4
2025.08.25	00:30:05.089	1.35180				2
2025.08.25	00:30:05.786	1.35183	1.35346			6
2025.08.25	00:30:06.089	1.35184	1.35353			6
2025.08.25	00:30:07.412	1.35185				2
2025.08.25	00:30:07.865	1.35186				2
2025.08.25	00:30:08.467	1.35185				2
2025.08.25	00:30:13.628	1.35186				2
2025.08.25	00:30:14.089	1.35187				2
2025.08.25	00:30:18.090	1.35188				2
2025.08.25	00:30:21.090	1.35187	1.35367			6
2025.08.25	00:30:21.438		1.35352			4
2025.08.25	00:30:22.089		1.35363			4
2025.08.25	00:30:23.089	1.35188	1.35368			6
2025.08.25	00:30:24.090		1.35356			4
2025.08.25	00:30:26.089	1.35187	1.35368			6
2025.08.25	00:30:28.090		1.35369			4
2025.08.25	00:30:29.093	1.35188	1.35363			6
2025.08.25	00:30:30.089	1.35187	1.35368			6
2025.08.25	00:30:31.091	1.35188	1.35356			6
2025.08.25	00:30:32.090	1.35189	1.35358			6
2025.08.25	00:30:34.089	1.35188	1.35364			6
2025.08.25	00:30:35.090	1.35189	1.35358			6
2025.08.25	00:30:36.090	1.35188				2
2025.08.25	00:30:37.089	1.35189	1.35361			6
2025.08.25	00:30:39.089		1.35360			4
2025.08.25	00:30:40.088		1.35363			4
2025.08.25	00:30:41.087		1.35355			4
2025.08.25	00:30:42.088		1.35368			4
2025.08.25	00:30:43.092		1.35362			4
2025.08.25	00:30:44.089	1.35190	1.35357			6
2025.08.25	00:30:45.095		1.35362			4
2025.08.25	00:30:46.086		1.35354			4
2025.08.25	00:30:46.867		1.35360			4
2025.08.25	00:30:48.069		1.35356			4
2025.08.25	00:30:49.088	1.35186				2
2025.08.25	00:30:50.090	1.35187	1.35364			6
2025.08.25	00:30:51.088		1.35367			4
2025.08.25	00:30:53.087		1.35359			4
2025.08.25	00:30:54.088		1.35367			4
2025.08.25	00:30:54.641	1.35186	1.35363			6
2025.08.25	00:30:56.097		1.35354			4
2025.08.25	00:30:57.242	1.35179				2
2025.08.25	00:31:02.309	1.35179				2
2025.08.25	00:31:09.171	1.35176	1.35344			6
2025.08.25	00:31:12.963	1.35177				2
2025.08.25	00:31:38.661	1.35178				2
2025.08.25	00:31:41.163	1.35177				2
2025.08.25	00:31:45.544	1.35178				2
2025.08.25	00:31:46.734	1.35179				2
2025.08.25	00:31:47.162	1.35174				2
2025.08.25	00:31:47.474		1.35341			4
2025.08.25	00:31:57.723		1.35342			4
2025.08.25	00:32:01.263	1.35174				2
2025.08.25	00:32:04.170		1.35341			4
2025.08.25	00:32:47.376		1.35327			4
2025.08.25	00:33:00.225	1.35175	1.35341			6
2025.08.25	00:33:20.757	1.35176				2
2025.08.25	00:33:22.864	1.35175				2
2025.08.25	00:33:28.864	1.35176				2
2025.08.25	00:33:39.666	1.35177				2
2025.08.25	00:34:00.363	1.35177	1.35341			6
2025.08.25	00:34:01.218	1.35176				2
2025.08.25	00:34:03.193	1.35177				2
2025.08.25	00:34:06.443		1.35343			4
2025.08.25	00:34:07.423		1.35327			4
2025.08.25	00:34:08.465	1.35176				2
2025.08.25	00:34:11.084	1.35175				2
2025.08.25	00:34:12.602	1.35174				2
2025.08.25	00:34:52.009		1.35320			4
2025.08.25	00:34:52.729		1.35304			4
2025.08.25	00:35:00.962	1.35174				2
2025.08.25	00:35:36.065		1.35318			4
2025.08.25	00:35:39.421	1.35176	1.35321			6
2025.08.25	00:35:40.088	1.35177	1.35327			6
2025.08.25	00:35:41.088		1.35321			4
2025.08.25	00:35:42.086	1.35175				2
2025.08.25	00:35:43.091	1.35176				2
2025.08.25	00:35:45.087	1.35177	1.35327			6
2025.08.25	00:35:45.973	1.35175	1.35313			6
2025.08.25	00:35:47.089	1.35176	1.35321			6
2025.08.25	00:35:48.087	1.35177				2
2025.08.25	00:35:50.793		1.35333			4
2025.08.25	00:35:51.097	1.35178	1.35321			6
2025.08.25	00:35:52.092	1.35177				2
2025.08.25	00:35:54.087	1.35176				2
2025.08.25	00:35:55.090	1.35178				2
2025.08.25	00:35:56.088		1.35322			4
2025.08.25	00:35:57.090	1.35179	1.35321			6
2025.08.25	00:35:57.632	1.35178				2
2025.08.25	00:35:59.088	1.35179				2
2025.08.25	00:35:59.457	1.35178				2
2025.08.25	00:36:00.092	1.35178	1.35313			6
2025.08.25	00:36:00.425	1.35176				2
2025.08.25	00:36:01.090	1.35177	1.35347			6
2025.08.25	00:36:02.089		1.35346			4
2025.08.25	00:36:02.494	1.35178	1.35321			6
2025.08.25	00:36:05.087	1.35177				2
2025.08.25	00:36:07.090	1.35178				2
2025.08.25	00:36:10.062	1.35176	1.35317			6
2025.08.25	00:36:11.089		1.35321			4
2025.08.25	00:36:13.092	1.35178	1.35314			6
2025.08.25	00:36:13.627	1.35177				2
2025.08.25	00:36:14.088		1.35321			4
2025.08.25	00:36:14.875	1.35178	1.35308			6
2025.08.25	00:36:15.224		1.35321			4
2025.08.25	00:36:17.089	1.35177				2
2025.08.25	00:36:18.091	1.35178				2
2025.08.25	00:36:19.092		1.35320			4
2025.08.25	00:36:19.465	1.35179				2
2025.08.25	00:36:20.086		1.35322			4
2025.08.25	00:36:21.091		1.35321			4
2025.08.25	00:36:24.086		1.35319			4
2025.08.25	00:36:25.086	1.35178	1.35321			6
2025.08.25	00:36:26.089		1.35315			4
2025.08.25	00:36:27.087		1.35321			4
2025.08.25	00:36:27.462	1.35179				2
2025.08.25	00:36:29.088	1.35180				2
2025.08.25	00:36:29.632	1.35179				2
2025.08.25	00:36:30.089		1.35320			4
2025.08.25	00:36:32.090		1.35323			4
2025.08.25	00:36:33.093	1.35178	1.35321			6
2025.08.25	00:36:34.091		1.35320			4
2025.08.25	00:36:35.088	1.35179	1.35321			6
2025.08.25	00:36:35.462	1.35178				2
2025.08.25	00:36:36.088	1.35179				2
2025.08.25	00:36:38.091	1.35178				2
2025.08.25	00:36:38.965	1.35179	1.35329			6
2025.08.25	00:36:39.287	1.35180	1.35347			6
2025.08.25	00:36:40.088	1.35178	1.35321			6
2025.08.25	00:36:41.087		1.35332			4
2025.08.25	00:36:42.090	1.35176	1.35317			6
2025.08.25	00:36:43.088		1.35321			4
2025.08.25	00:36:43.600	1.35177	1.35332			6
2025.08.25	00:36:44.089	1.35176	1.35321			6
2025.08.25	00:36:44.626	1.35181	1.35346			6
2025.08.25	00:36:45.092	1.35182				2
2025.08.25	00:36:46.087	1.35179	1.35334			6
2025.08.25	00:36:46.596	1.35181				2
2025.08.25	00:36:47.089	1.35180	1.35333			6
2025.08.25	00:36:48.086		1.35334			4
2025.08.25	00:36:49.091		1.35332			4
2025.08.25	00:36:50.090	1.35183	1.35340			6
2025.08.25	00:36:50.411		1.35342			4
2025.08.25	00:36:51.089	1.35179	1.35333			6
2025.08.25	00:36:51.600	1.35180				2
2025.08.25	00:36:53.088	1.35176	1.35322			6
2025.08.25	00:36:53.401	1.35178	1.35332			6
2025.08.25	00:36:54.090	1.35181	1.35335			6
2025.08.25	00:36:54.420	1.35180	1.35332			6
2025.08.25	00:36:55.089	1.35177	1.35323			6
2025.08.25	00:36:55.409	1.35179	1.35332			6
2025.08.25	00:36:55.742	1.35177	1.35324			6
2025.08.25	00:36:56.092		1.35325			4
2025.08.25	00:36:57.089		1.35328			4
2025.08.25	00:36:58.091	1.35179	1.35334			6
2025.08.25	00:36:58.595	1.35180				2
2025.08.25	00:36:59.090	1.35181	1.35340			6
2025.08.25	00:37:00.087	1.35178	1.35324			6
2025.08.25	00:37:00.462	1.35180	1.35334			6
2025.08.25	00:37:00.830	1.35174	1.35311			6
2025.08.25	00:37:01.138	1.35173				2
2025.08.25	00:37:02.089	1.35174	1.35307			6
2025.08.25	00:37:03.043	1.35173				2
2025.08.25	00:37:07.866	1.35174	1.35311			6
2025.08.25	00:37:08.192		1.35307			4
2025.08.25	00:37:13.088		1.35304			4
2025.08.25	00:37:16.092	1.35173				2
2025.08.25	00:37:17.407	1.35179				2
2025.08.25	00:37:20.090	1.35173				2
2025.08.25	00:37:21.089	1.35174				2
2025.08.25	00:37:22.093	1.35175				2
2025.08.25	00:37:23.092		1.35307			4
2025.08.25	00:37:32.089		1.35315			4
2025.08.25	00:37:34.088		1.35318			4
2025.08.25	00:37:35.089		1.35307			4
2025.08.25	00:37:38.087	1.35176				2
2025.08.25	00:37:39.089	1.35175				2
2025.08.25	00:37:41.089	1.35176	1.35318			6
2025.08.25	00:37:42.089		1.35308			4
2025.08.25	00:37:43.088		1.35309			4
2025.08.25	00:37:44.090		1.35312			4
2025.08.25	00:37:48.470	1.35174	1.35309			6
2025.08.25	00:37:48.860	1.35173	1.35313			6
2025.08.25	00:37:50.086	1.35174				2
2025.08.25	00:37:51.790	1.35172				2
2025.08.25	00:37:52.098	1.35173	1.35309			6
2025.08.25	00:37:53.090	1.35172	1.35313			6
2025.08.25	00:37:55.092	1.35170	1.35316			6
2025.08.25	00:37:56.095	1.35174	1.35309			6
2025.08.25	00:37:57.015	1.35177	1.35319			6
2025.08.25	00:37:57.963	1.35188	1.35309			6
2025.08.25	00:37:58.992	1.35187	1.35315			6
2025.08.25	00:38:00.092	1.35187				2
2025.08.25	00:38:02.091	1.35188				2
2025.08.25	00:38:05.053	1.35186				2
2025.08.25	00:38:08.092	1.35185				2
2025.08.25	00:38:09.091	1.35183	1.35306			6
2025.08.25	00:38:10.091	1.35185	1.35305			6
2025.08.25	00:38:11.091		1.35310			4
2025.08.25	00:38:15.091		1.35311			4
2025.08.25	00:38:17.086		1.35310			4
2025.08.25	00:38:18.092		1.35311			4
2025.08.25	00:38:19.091		1.35310			4
2025.08.25	00:38:20.092		1.35311			4
2025.08.25	00:38:21.091		1.35310			4
2025.08.25	00:38:23.093		1.35311			4
2025.08.25	00:38:24.086	1.35186				2
2025.08.25	00:38:26.085		1.35315			4
2025.08.25	00:38:29.420		1.35309			4
2025.08.25	00:38:31.832	1.35185	1.35333			6
2025.08.25	00:38:32.141		1.35309			4
2025.08.25	00:38:33.093	1.35186	1.35306			6
2025.08.25	00:38:34.093	1.35185	1.35320			6
2025.08.25	00:38:41.094	1.35184	1.35300			6
2025.08.25	00:38:41.970		1.35299			4
2025.08.25	00:38:43.087		1.35305			4
2025.08.25	00:38:47.942	1.35185				2
2025.08.25	00:38:49.092	1.35184				2
2025.08.25	00:38:51.090	1.35185				2
2025.08.25	00:38:54.637	1.35184				2
2025.08.25	00:38:56.090	1.35185				2
2025.08.25	00:38:56.640	1.35184				2
2025.08.25	00:38:57.853	1.35193	1.35306			6
2025.08.25	00:38:59.089	1.35203				2
2025.08.25	00:39:00.087	1.35202	1.35310			6
2025.08.25	00:39:00.850		1.35305			4
2025.08.25	00:39:02.086	1.35201				2
2025.08.25	00:39:03.089		1.35310			4
2025.08.25	00:39:03.944	1.35213	1.35315			6
2025.08.25	00:39:05.086		1.35316			4
2025.08.25	00:39:06.092		1.35318			4
2025.08.25	00:39:07.090		1.35322			4
2025.08.25	00:39:08.090		1.35312			4
2025.08.25	00:39:09.088		1.35319			4
2025.08.25	00:39:09.662		1.35317			4
2025.08.25	00:39:10.086		1.35321			4
2025.08.25	00:39:12.062		1.35319			4
2025.08.25	00:39:12.602		1.35317			4
2025.08.25	00:39:13.086	1.35214	1.35318			6
2025.08.25	00:39:14.089		1.35319			4
2025.08.25	00:39:14.630		1.35311			4
2025.08.25	00:39:15.087		1.35319			4
2025.08.25	00:39:15.603		1.35316			4
2025.08.25	00:39:16.087		1.35319			4
2025.08.25	00:39:16.590		1.35317			4
2025.08.25	00:39:17.092		1.35319			4
2025.08.25	00:39:18.633		1.35317			4
2025.08.25	00:39:19.092		1.35319			4
2025.08.25	00:39:19.635		1.35317			4
2025.08.25	00:39:19.980		1.35319			4
2025.08.25	00:39:21.091	1.35213	1.35322			6
2025.08.25	00:39:21.633		1.35317			4
2025.08.25	00:39:22.092		1.35319			4
2025.08.25	00:39:24.092		1.35320			4
2025.08.25	00:39:25.090		1.35319			4
2025.08.25	00:39:25.478	1.35214	1.35313			6
2025.08.25	00:39:27.093	1.35213	1.35317			6
2025.08.25	00:39:28.092		1.35320			4
2025.08.25	00:39:28.633		1.35316			4
2025.08.25	00:39:29.092		1.35317			4
2025.08.25	00:39:30.091		1.35320			4
2025.08.25	00:39:30.632		1.35316			4
2025.08.25	00:39:31.090		1.35317			4
2025.08.25	00:39:33.091	1.35215	1.35318			6
2025.08.25	00:39:34.091		1.35320			4
2025.08.25	00:39:34.637		1.35317			4
2025.08.25	00:39:35.092		1.35321			4
2025.08.25	00:39:35.632		1.35317			4
2025.08.25	00:39:36.105		1.35319			4
2025.08.25	00:39:36.607		1.35317			4
2025.08.25	00:39:37.086		1.35314			4
2025.08.25	00:39:37.658	1.35213				2
2025.08.25	00:39:38.092	1.35215	1.35319			6
2025.08.25	00:39:38.635		1.35317			4
2025.08.25	00:39:40.091		1.35319			4
2025.08.25	00:39:40.633		1.35317			4
2025.08.25	00:39:41.092		1.35319			4
2025.08.25	00:39:42.091	1.35214	1.35320			6
2025.08.25	00:39:42.632		1.35317			4
2025.08.25	00:39:43.096		1.35319			4
2025.08.25	00:39:43.608		1.35317			4
2025.08.25	00:39:44.093		1.35319			4
2025.08.25	00:39:44.606		1.35317			4
2025.08.25	00:39:45.089	1.35213	1.35319			6
2025.08.25	00:39:45.611		1.35317			4
2025.08.25	00:39:46.092		1.35326			4
2025.08.25	00:39:47.606		1.35317			4
2025.08.25	00:39:48.094	1.35214	1.35313			6
2025.08.25	00:39:50.090	1.35213				2
2025.08.25	00:39:51.090		1.35317			4
2025.08.25	00:39:52.090		1.35295			4
2025.08.25	00:39:52.393		1.35318			4
2025.08.25	00:39:52.860	1.35219				2
2025.08.25	00:39:53.171	1.35215				2
2025.08.25	00:39:53.634	1.35214	1.35310			6
2025.08.25	00:39:54.096	1.35213	1.35318			6
2025.08.25	00:39:55.094		1.35317			4
2025.08.25	00:40:00.089	1.35214	1.35321			6
2025.08.25	00:40:00.636		1.35317			4
2025.08.25	00:40:01.090	1.35213	1.35318			6
2025.08.25	00:40:02.091		1.35321			4
2025.08.25	00:40:09.091	1.35201	1.35320			6
2025.08.25	00:40:10.098		1.35310			4
2025.08.25	00:40:10.578	1.35191	1.35304			6
2025.08.25	00:40:11.092	1.35189				2
2025.08.25	00:40:18.093	1.35188	1.35303			6
2025.08.25	00:40:19.094	1.35189				2
2025.08.25	00:40:21.091		1.35311			4
2025.08.25	00:40:25.097		1.35308			4
2025.08.25	00:40:26.093		1.35314			4
2025.08.25	00:40:28.643	1.35187				2
2025.08.25	00:40:29.086	1.35188				2
2025.08.25	00:40:47.513	1.35187				2
2025.08.25	00:41:06.370	1.35187				2
2025.08.25	00:41:16.900	1.35186				2
2025.08.25	00:41:17.930	1.35187				2
2025.08.25	00:41:26.896	1.35186	1.35314			6
2025.08.25	00:41:48.391	1.35184				2
2025.08.25	00:41:59.617	1.35185				2
2025.08.25	00:42:00.493	1.35184				2
2025.08.25	00:42:11.766	1.35185				2
2025.08.25	00:42:24.066	1.35184				2
2025.08.25	00:42:25.752	1.35185				2
2025.08.25	00:42:28.236	1.35186	1.35314			6
2025.08.25	00:43:00.074	1.35186				2
2025.08.25	00:43:22.670	1.35183	1.35266			6
2025.08.25	00:43:23.167	1.35182				2
2025.08.25	00:43:29.163		1.35267			4
2025.08.25	00:43:32.165	1.35181				2
2025.08.25	00:43:32.885	1.35177	1.35251			6
2025.08.25	00:43:33.337	1.35176	1.35252			6
2025.08.25	00:44:00.165	1.35177				2
2025.08.25	00:44:01.263	1.35176				2
2025.08.25	00:44:20.164	1.35177				2
2025.08.25	00:44:26.764	1.35176				2
2025.08.25	00:44:39.662		1.35252			4
2025.08.25	00:45:00.064	1.35177				2
2025.08.25	00:45:01.262	1.35176				2
2025.08.25	00:45:02.380	1.35177	1.35251			6
2025.08.25	00:45:03.364	1.35156	1.35273			6
2025.08.25	00:45:05.221	1.35155				2
2025.08.25	00:45:07.066	1.35176	1.35252			6
2025.08.25	00:45:08.564	1.35170				2
2025.08.25	00:45:10.317	1.35186	1.35236			6
2025.08.25	00:45:12.567		1.35235			4
2025.08.25	00:45:15.336	1.35185				2
2025.08.25	00:45:57.271	1.35193				2
2025.08.25	00:45:58.193	1.35192	1.35236			6
2025.08.25	00:45:58.499	1.35193	1.35235			6
2025.08.25	00:45:59.731		1.35236			4
2025.08.25	00:46:00.037	1.35193				2
2025.08.25	00:46:09.583	1.35192				2
2025.08.25	00:46:33.015	1.35193				2
2025.08.25	00:46:37.643		1.35235			4
2025.08.25	00:46:41.956		1.35236			4
2025.08.25	00:46:52.116	1.35194	1.35234			6
2025.08.25	00:46:53.045		1.35235			4
2025.08.25	00:47:00.132	1.35194				2
2025.08.25	00:47:03.218	1.35173	1.35255			6
2025.08.25	00:47:06.909	1.35194	1.35235			6
2025.08.25	00:47:08.445	1.35193				2
2025.08.25	00:47:09.675	1.35194				2
2025.08.25	00:47:11.219	1.35193				2
2025.08.25	00:47:34.627	1.35194				2
2025.08.25	00:47:41.403		1.35234			4
2025.08.25	00:47:43.866		1.35235			4
2025.08.25	00:47:50.646		1.35234			4
2025.08.25	00:47:53.111		1.35235			4
2025.08.25	00:47:58.056	1.35193				2
2025.08.25	00:48:00.217	1.35193				2
2025.08.25	00:48:00.524	1.35194				2
2025.08.25	00:48:15.321	1.35193				2
2025.08.25	00:48:17.477	1.35194				2
2025.08.25	00:48:53.204		1.35235			4
2025.08.25	00:49:00.291	1.35194				2
2025.08.25	00:49:19.100	1.35193				2
2025.08.25	00:49:38.206	1.35194				2
2025.08.25	00:49:40.365	1.35107	1.35243			6
2025.08.25	00:49:40.674	1.35114				2
2025.08.25	00:49:40.984		1.35242			4
2025.08.25	00:49:47.755	1.35110				2
2025.08.25	00:49:50.527		1.35241			4
2025.08.25	00:49:54.245		1.35242			4
2025.08.25	00:50:00.104	1.35110				2
2025.08.25	00:50:03.793		1.35241			4
2025.08.25	00:50:05.028	1.35114				2
2025.08.25	00:50:05.646		1.35242			4
2025.08.25	00:50:06.565	1.35126				2
2025.08.25	00:50:06.872	1.35113				2
2025.08.25	00:50:07.183	1.35151	1.35229			6
2025.08.25	00:50:08.101		1.35230			4
2025.08.25	00:50:09.646		1.35229			4
2025.08.25	00:50:21.691		1.35230			4
2025.08.25	00:50:26.620		1.35229			4
2025.08.25	00:50:29.091		1.35230			4
2025.08.25	00:50:58.988		1.35231			4
2025.08.25	00:51:00.225	1.35151				2
2025.08.25	00:51:02.078		1.35230			4
2025.08.25	00:51:05.147		1.35231			4
2025.08.25	00:51:22.413		1.35230			4
2025.08.25	00:51:44.625	1.35147				2
2025.08.25	00:51:56.006	1.35151	1.35229			6
2025.08.25	00:51:56.621		1.35231			4
2025.08.25	00:52:00.307	1.35151				2
2025.08.25	00:52:44.985	1.35148				2
2025.08.25	00:52:56.915		1.35231			4
2025.08.25	00:53:00.283	1.35148				2
2025.08.25	00:53:12.533	1.35153				2
2025.08.25	00:53:13.761	1.35149				2
2025.08.25	00:53:29.161	1.35151				2
2025.08.25	00:53:57.215		1.35231			4
2025.08.25	00:54:00.293	1.35151				2
2025.08.25	00:54:03.376		1.35230			4
2025.08.25	00:54:15.694		1.35231			4
2025.08.25	00:54:33.229		1.35230			4
2025.08.25	00:54:39.075		1.35231			4
2025.08.25	00:54:44.605		1.35230			4
2025.08.25	00:55:00.301	1.35151				2
2025.08.25	00:55:05.836		1.35229			4
2025.08.25	00:55:14.159		1.35228			4
2025.08.25	00:55:23.656		1.35229			4
2025.08.25	00:55:29.204	1.35134				2
2025.08.25	00:56:00.299	1.35134				2
2025.08.25	00:56:04.298		1.35230			4
2025.08.25	00:56:07.070		1.35229			4
2025.08.25	00:56:12.612	1.35135				2
2025.08.25	00:56:20.298		1.35230			4
2025.08.25	00:56:24.296	1.35137	1.35229			6
2025.08.25	00:56:25.223		1.35230			4
2025.08.25	00:56:36.938	1.35138				2
2025.08.25	00:56:37.863		1.35229			4
2025.08.25	00:56:45.874	1.35136				2
2025.08.25	00:56:59.108	1.35139				2
2025.08.25	00:57:00.030	1.35139				2
2025.08.25	00:57:04.957	1.35137				2
2025.08.25	00:57:29.050	1.35140				2
2025.08.25	00:57:37.994		1.35229			4
2025.08.25	00:57:39.226	1.35139				2
2025.08.25	00:58:00.238	1.35139				2
2025.08.25	00:58:05.183		1.35228			4
2025.08.25	00:58:05.491	1.35137				2
2025.08.25	00:58:05.801		1.35230			4
2025.08.25	00:58:13.527	1.35151				2
2025.08.25	00:58:15.387	1.35144	1.35239			6
2025.08.25	00:58:24.350	1.35125	1.35241			6
2025.08.25	00:58:24.656	1.35121				2
2025.08.25	00:58:26.201	1.35120	1.35242			6
2025.08.25	00:58:28.097		1.35241			4
2025.08.25	00:58:29.637	1.35121				2
2025.08.25	00:58:35.785	1.35120	1.35242			6
2025.08.25	00:58:37.329	1.35121	1.35240			6
2025.08.25	00:58:38.570		1.35241			4
2025.08.25	00:58:39.804		1.35240			4
2025.08.25	00:58:51.558	1.35122				2
2025.08.25	00:58:54.036	1.35121	1.35241			6
2025.08.25	00:58:55.582		1.35240			4
2025.08.25	00:58:58.352	1.35122				2
2025.08.25	00:58:59.901	1.35120	1.35241			6
2025.08.25	00:59:00.213	1.35121				2
2025.08.25	00:59:03.294		1.35240			4
2025.08.25	00:59:05.152	1.35122				2
2025.08.25	00:59:11.658	1.35120				2
2025.08.25	00:59:11.967		1.35242			4
2025.08.25	00:59:37.632		1.35241			4
2025.08.25	00:59:38.867		1.35240			4
2025.08.25	00:59:45.367		1.35237			4
2025.08.25	00:59:47.830		1.35236			4
2025.08.25	00:59:56.465		1.35237			4
2025.08.25	01:00:00.173	1.35122	1.35229			6
2025.08.25	01:00:00.481	1.35120	1.35230			6
2025.08.25	01:00:00.799	1.35116	1.35234			6
2025.08.25	01:00:01.114	1.35128	1.35251			6
2025.08.25	01:00:01.423	1.35133	1.35229			6
2025.08.25	01:00:01.742	1.35149				2
2025.08.25	01:00:02.062	1.35164				2
2025.08.25	01:00:02.365	1.35180				2
2025.08.25	01:00:02.673	1.35183				2
2025.08.25	01:00:03.591	1.35136	1.35265			6
2025.08.25	01:00:03.909	1.35134	1.35263			6
2025.08.25	01:00:04.534	1.35138	1.35267			6
2025.08.25	01:00:04.839	1.35139	1.35268			6
2025.08.25	01:00:05.146	1.35138	1.35267			6
2025.08.25	01:00:05.466	1.35136	1.35265			6
2025.08.25	01:00:05.771	1.35138	1.35267			6
2025.08.25	01:00:06.079	1.35140	1.35269			6
2025.08.25	01:00:06.386	1.35144	1.35273			6
2025.08.25	01:00:07.313	1.35143	1.35272			6
2025.08.25	01:00:07.935	1.35142	1.35271			6
2025.08.25	01:00:08.239	1.35183	1.35236			6
2025.08.25	01:00:10.378		1.35241			4
2025.08.25	01:00:14.074	1.35232	1.35257			6
2025.08.25	01:00:14.380		1.35263			4
2025.08.25	01:00:14.991		1.35257			4
2025.08.25	01:00:15.292		1.35258			4
2025.08.25	01:00:16.222		1.35256			4
2025.08.25	01:00:16.528		1.35258			4
2025.08.25	01:00:17.458		1.35256			4
2025.08.25	01:00:18.689		1.35254			4
2025.08.25	01:00:20.840	1.35181	1.35251			6
2025.08.25	01:00:21.147	1.35183	1.35247			6
2025.08.25	01:00:21.454	1.35188	1.35251			6
2025.08.25	01:00:41.154	1.35237	1.35255			6
2025.08.25	01:00:42.076		1.35254			4
2025.08.25	01:00:44.218		1.35253			4
2025.08.25	01:00:44.828		1.35252			4
2025.08.25	01:00:45.130		1.35251			4
2025.08.25	01:00:46.369	1.35236	1.35249			6
2025.08.25	01:00:46.977	1.35231	1.35242			6
2025.08.25	01:00:47.900		1.35241			4
2025.08.25	01:00:48.206		1.35240			4
2025.08.25	01:00:51.551		1.35246			4
2025.08.25	01:00:51.855		1.35247			4
2025.08.25	01:00:53.077		1.35248			4
2025.08.25	01:00:57.378		1.35247			4
2025.08.25	01:00:59.210		1.35242			4
2025.08.25	01:01:00.130	1.35231				2
2025.08.25	01:01:00.432	1.35235	1.35247			6
2025.08.25	01:01:01.658	1.35232	1.35246			6
2025.08.25	01:01:01.968	1.35231	1.35248			6
2025.08.25	01:01:04.409	1.35235				2
2025.08.25	01:01:05.627		1.35249			4
2025.08.25	01:01:06.547	1.35236				2
2025.08.25	01:01:07.461	1.35235				2
2025.08.25	01:01:08.686		1.35247			4
2025.08.25	01:01:10.810		1.35245			4
2025.08.25	01:01:11.116	1.35233	1.35247			6
2025.08.25	01:01:11.424	1.35230	1.35244			6
2025.08.25	01:01:14.177	1.35231	1.35245			6
2025.08.25	01:01:17.235		1.35244			4
2025.08.25	01:01:20.601	1.35230				2
2025.08.25	01:01:20.905	1.35228				2
2025.08.25	01:01:21.207	1.35227				2
2025.08.25	01:01:30.371	1.35225	1.35243			6
2025.08.25	01:01:37.100	1.35224				2
2025.08.25	01:01:40.160	1.35223	1.35240			6
2025.08.25	01:01:40.470		1.35239			4
2025.08.25	01:01:41.388	1.35219	1.35237			6
2025.08.25	01:01:45.647	1.35221	1.35239			6
2025.08.25	01:01:53.566	1.35227	1.35245			6
2025.08.25	01:01:55.703	1.35230	1.35246			6
2025.08.25	01:02:00.300	1.35230				2
2025.08.25	01:02:02.742	1.35229				2
2025.08.25	01:02:06.402	1.35230	1.35249			6
2025.08.25	01:02:26.895		1.35250			4
2025.08.25	01:02:33.016	1.35240	1.35258			6
2025.08.25	01:02:33.317		1.35259			4
2025.08.25	01:02:36.727		1.35258			4
2025.08.25	01:02:48.119	1.35242	1.35262			6
2025.08.25	01:02:52.710	1.35241	1.35261			6
2025.08.25	01:02:53.328		1.35262			4
2025.08.25	01:02:53.635		1.35261			4
2025.08.25	01:02:55.174	1.35240	1.35259			6
2025.08.25	01:02:56.699		1.35258			4
2025.08.25	01:02:57.004		1.35259			4
2025.08.25	01:02:59.157		1.35258			4
2025.08.25	01:03:00.075	1.35240				2
2025.08.25	01:03:00.999	1.35238				2
2025.08.25	01:03:01.914	1.35240				2
2025.08.25	01:03:02.225	1.35241				2
2025.08.25	01:03:03.455	1.35242	1.35261			6
2025.08.25	01:03:04.385		1.35260			4
2025.08.25	01:03:05.001		1.35259			4
2025.08.25	01:03:07.131		1.35260			4
2025.08.25	01:03:07.440		1.35259			4
2025.08.25	01:03:08.977	1.35245	1.35261			6
2025.08.25	01:03:11.754	1.35228	1.35245			6
2025.08.25	01:03:12.063	1.35229	1.35246			6
2025.08.25	01:03:15.111	1.35223	1.35240			6
2025.08.25	01:03:16.334	1.35221	1.35239			6
2025.08.25	01:03:19.410	1.35219	1.35237			6
2025.08.25	01:03:21.569	1.35220				2
2025.08.25	01:03:25.229	1.35228	1.35245			6
2025.08.25	01:03:28.271	1.35229	1.35246			6
2025.08.25	01:03:30.434	1.35230	1.35247			6
2025.08.25	01:03:40.311	1.35231	1.35248			6
2025.08.25	01:03:42.779	1.35233	1.35251			6
2025.08.25	01:03:44.000	1.35232				2
2025.08.25	01:03:44.919		1.35250			4
2025.08.25	01:03:45.848		1.35249			4
2025.08.25	01:04:00.004	1.35232				2
2025.08.25	01:04:01.223	1.35235	1.35250			6
2025.08.25	01:04:01.530	1.35234				2
2025.08.25	01:04:01.833	1.35233				2
2025.08.25	01:04:02.448	1.35232				2
2025.08.25	01:04:02.751		1.35249			4
2025.08.25	01:04:29.479	1.35233	1.35248			6
2025.08.25	01:04:29.800	1.35231	1.35246			6
2025.08.25	01:04:30.107	1.35230	1.35247			6
2025.08.25	01:04:30.414	1.35229				2
2025.08.25	01:04:30.718		1.35246			4
2025.08.25	01:04:31.027	1.35230	1.35247			6
2025.08.25	01:04:31.331	1.35233				2
2025.08.25	01:04:31.634	1.35232	1.35248			6
2025.08.25	01:04:31.939		1.35247			4
2025.08.25	01:04:37.174	1.35233				2
2025.08.25	01:04:37.482	1.35234				2
2025.08.25	01:04:37.795	1.35233				2
2025.08.25	01:04:38.710	1.35236	1.35239			6
2025.08.25	01:04:39.324	1.35234	1.35249			6
2025.08.25	01:04:42.399	1.35233				2
2025.08.25	01:04:43.019	1.35232	1.35247			6
2025.08.25	01:04:43.326	1.35231				2
2025.08.25	01:04:43.630	1.35233				2
2025.08.25	01:04:44.240		1.35248			4
2025.08.25	01:04:45.172	1.35234	1.35249			6
2025.08.25	01:04:45.788	1.35238	1.35241			6
2025.08.25	01:04:48.547	1.35228	1.35244			6
2025.08.25	01:04:48.848	1.35227	1.35242			6
2025.08.25	01:04:56.864	1.35228				2
2025.08.25	01:05:00.253	1.35229	1.35232			6
2025.08.25	01:05:00.558	1.35234	1.35237			6
2025.08.25	01:05:02.392	1.35233	1.35236			6
2025.08.25	01:05:02.701	1.35239	1.35242			6
2025.08.25	01:05:03.628	1.35237	1.35240			6
2025.08.25	01:05:03.940	1.35236	1.35239			6
2025.08.25	01:05:06.701	1.35235	1.35238			6
2025.08.25	01:05:08.233	1.35236	1.35239			6
2025.08.25	01:05:10.669	1.35238	1.35241			6
2025.08.25	01:05:14.608	1.35237	1.35240			6
2025.08.25	01:05:16.135	1.35238	1.35241			6
2025.08.25	01:05:20.743	1.35239	1.35242			6
2025.08.25	01:05:29.590	1.35230	1.35243			6
2025.08.25	01:05:30.200	1.35239	1.35242			6
2025.08.25	01:05:39.056	1.35229	1.35243			6
2025.08.25	01:05:39.686	1.35230	1.35246			6
2025.08.25	01:05:39.990	1.35239	1.35242			6
2025.08.25	01:06:00.201	1.35220	1.35235			6
2025.08.25	01:06:00.503	1.35226	1.35229			6
2025.08.25	01:06:00.809	1.35218	1.35230			6
2025.08.25	01:06:01.425	1.35219	1.35234			6
2025.08.25	01:06:02.651	1.35224	1.35227			6
2025.08.25	01:06:03.267	1.35225	1.35228			6
2025.08.25	01:06:07.841	1.35224	1.35227			6
2025.08.25	01:06:11.212	1.35225	1.35228			6
2025.08.25	01:06:16.719	1.35224	1.35227			6
2025.08.25	01:06:23.777	1.35223	1.35226			6
2025.08.25	01:06:25.919	1.35222	1.35225			6
2025.08.25	01:06:26.221	1.35223	1.35226			6
2025.08.25	01:06:26.833	1.35222	1.35225			6
2025.08.25	01:06:28.681	1.35223	1.35226			6
2025.08.25	01:06:30.208	1.35222	1.35225			6
2025.08.25	01:06:30.821	1.35223	1.35226			6
2025.08.25	01:06:36.345	1.35222	1.35225			6
2025.08.25	01:06:38.486	1.35223	1.35226			6
2025.08.25	01:06:40.336	1.35222	1.35225			6
2025.08.25	01:06:43.992	1.35223	1.35226			6
2025.08.25	01:06:47.676	1.35222	1.35225			6
2025.08.25	01:06:57.773	1.35223	1.35226			6
2025.08.25	01:07:00.216	1.35223				2
2025.08.25	01:07:17.377	1.35224	1.35227			6
2025.08.25	01:07:17.686	1.35226	1.35229			6
2025.08.25	01:07:17.994	1.35225	1.35228			6
2025.08.25	01:07:25.008	1.35226	1.35229			6
2025.08.25	01:07:47.303	1.35225	1.35228			6
2025.08.25	01:07:54.964	1.35227	1.35230			6
2025.08.25	01:07:55.276	1.35229	1.35232			6
2025.08.25	01:08:00.158	1.35229				2
2025.08.25	01:08:41.108	1.35237	1.35240			6
2025.08.25	01:08:46.585	1.35238	1.35241			6
2025.08.25	01:09:00.066	1.35238				2
2025.08.25	01:09:11.459	1.35239	1.35242			6
2025.08.25	01:09:23.164	1.35238	1.35241			6
2025.08.25	01:09:23.786	1.35239	1.35242			6
2025.08.25	01:09:59.552	1.35238	1.35241			6
2025.08.25	01:10:00.173	1.35238				2
2025.08.25	01:10:00.483	1.35239	1.35242			6
2025.08.25	01:10:01.423	1.35238	1.35241			6
2025.08.25	01:10:02.962	1.35239	1.35242			6
2025.08.25	01:10:10.113	1.35236	1.35239			6
2025.08.25	01:10:10.720	1.35234	1.35237			6
2025.08.25	01:10:11.340	1.35229	1.35232			6
2025.08.25	01:10:57.115	1.35226	1.35229			6
2025.08.25	01:11:00.207	1.35226				2
2025.08.25	01:11:00.517	1.35223	1.35226			6
2025.08.25	01:11:00.822	1.35224	1.35227			6
2025.08.25	01:11:01.750	1.35216	1.35232			6
2025.08.25	01:11:07.624	1.35211	1.35228			6
2025.08.25	01:11:08.247	1.35208	1.35223			6
2025.08.25	01:11:08.552	1.35206				2
2025.08.25	01:11:08.873	1.35202	1.35218			6
2025.08.25	01:11:10.426	1.35203				2
2025.08.25	01:11:10.735	1.35210	1.35213			6
2025.08.25	01:11:18.992	1.35209	1.35212			6
2025.08.25	01:11:21.758	1.35210	1.35213			6
2025.08.25	01:11:24.190	1.35209	1.35212			6
2025.08.25	01:11:39.731	1.35210	1.35213			6
2025.08.25	01:11:43.710	1.35209	1.35212			6
2025.08.25	01:11:45.850	1.35210	1.35213			6
2025.08.25	01:11:47.691	1.35209	1.35212			6
2025.08.25	01:11:47.996	1.35213	1.35216			6
2025.08.25	01:11:48.302	1.35214	1.35217			6
2025.08.25	01:11:52.578	1.35215	1.35218			6
2025.08.25	01:11:53.500	1.35217	1.35220			6
2025.08.25	01:11:53.804	1.35218	1.35221			6
2025.08.25	01:12:00.181	1.35218				2
2025.08.25	01:12:31.068	1.35217	1.35220			6
2025.08.25	01:12:46.690	1.35214	1.35217			6
2025.08.25	01:12:48.219	1.35213	1.35216			6
2025.08.25	01:12:48.826	1.35214	1.35217			6
2025.08.25	01:12:51.879	1.35211	1.35214			6
2025.08.25	01:12:52.185	1.35212	1.35215			6
2025.08.25	01:12:53.100	1.35210	1.35213			6
2025.08.25	01:13:00.146	1.35210				2
2025.08.25	01:13:04.787	1.35215	1.35218			6
2025.08.25	01:13:05.092	1.35218	1.35221			6
2025.08.25	01:13:10.045	1.35219	1.35222			6
2025.08.25	01:13:10.354	1.35223	1.35226			6
2025.08.25	01:13:11.590	1.35224	1.35227			6
2025.08.25	01:13:14.090	1.35225	1.35228			6
2025.08.25	01:13:14.702	1.35227	1.35230			6
2025.08.25	01:13:15.004	1.35228	1.35231			6
2025.08.25	01:13:16.874	1.35227	1.35230			6
2025.08.25	01:13:21.204	1.35228	1.35231			6
2025.08.25	01:13:21.510	1.35227	1.35230			6
2025.08.25	01:13:25.832	1.35228	1.35231			6
2025.08.25	01:13:29.518	1.35229	1.35232			6
2025.08.25	01:13:37.813	1.35227	1.35230			6
2025.08.25	01:13:38.740	1.35228	1.35231			6
2025.08.25	01:13:39.661	1.35227	1.35230			6
2025.08.25	01:13:40.273	1.35228	1.35231			6
2025.08.25	01:13:40.593	1.35227	1.35230			6
2025.08.25	01:13:42.449	1.35228	1.35231			6
2025.08.25	01:13:50.496	1.35218	1.35221			6
2025.08.25	01:13:56.676	1.35216	1.35219			6
2025.08.25	01:13:56.982	1.35218	1.35221			6
2025.08.25	01:14:00.089	1.35218				2
2025.08.25	01:14:01.020	1.35217	1.35220			6
2025.08.25	01:14:01.330	1.35215	1.35218			6
2025.08.25	01:14:02.879	1.35214	1.35217			6
2025.08.25	01:14:03.501	1.35215	1.35218			6
2025.08.25	01:14:05.058	1.35214	1.35217			6
2025.08.25	01:14:06.287	1.35215	1.35218			6
2025.08.25	01:14:07.820	1.35214	1.35217			6
2025.08.25	01:14:09.973	1.35216	1.35219			6
2025.08.25	01:14:10.296	1.35215	1.35218			6
2025.08.25	01:14:11.216	1.35216	1.35219			6
2025.08.25	01:14:15.528	1.35202	1.35205			6
2025.08.25	01:14:16.147	1.35204	1.35207			6
2025.08.25	01:14:16.455	1.35200	1.35203			6
2025.08.25	01:14:16.760	1.35202	1.35205			6
2025.08.25	01:14:17.994	1.35201	1.35204			6
2025.08.25	01:14:19.854	1.35202	1.35205			6
2025.08.25	01:14:20.480	1.35201	1.35204			6
2025.08.25	01:14:30.380	1.35203	1.35206			6
2025.08.25	01:14:30.684	1.35212	1.35215			6
2025.08.25	01:14:33.773	1.35213	1.35216			6
2025.08.25	01:14:34.078	1.35212	1.35215			6
2025.08.25	01:14:35.006	1.35213	1.35216			6
2025.08.25	01:14:35.311	1.35212	1.35215			6
2025.08.25	01:14:35.631	1.35213	1.35216			6
2025.08.25	01:14:36.881	1.35212	1.35215			6
2025.08.25	01:14:38.726	1.35213	1.35216			6
2025.08.25	01:14:39.653	1.35212	1.35215			6
2025.08.25	01:14:42.117	1.35213	1.35216			6
2025.08.25	01:14:43.041	1.35214	1.35217			6
2025.08.25	01:14:44.277	1.35215	1.35218			6
2025.08.25	01:14:45.507	1.35216	1.35219			6
2025.08.25	01:14:45.816	1.35215	1.35218			6
2025.08.25	01:14:52.946	1.35212	1.35215			6
2025.08.25	01:14:53.569	1.35209	1.35212			6
2025.08.25	01:14:59.140	1.35208	1.35211			6
2025.08.25	01:15:00.075	1.35208				2
2025.08.25	01:15:01.309	1.35207	1.35210			6
2025.08.25	01:15:07.814	1.35206	1.35209			6
2025.08.25	01:15:10.319	1.35210	1.35213			6
2025.08.25	01:15:10.623	1.35213	1.35216			6
2025.08.25	01:15:12.490	1.35212	1.35215			6
2025.08.25	01:15:14.962	1.35213	1.35216			6
2025.08.25	01:15:20.554	1.35214	1.35217			6
2025.08.25	01:15:21.178	1.35213	1.35216			6
2025.08.25	01:15:21.810	1.35214	1.35217			6
2025.08.25	01:15:23.664	1.35213	1.35216			6
2025.08.25	01:15:23.975	1.35214	1.35217			6
2025.08.25	01:15:26.761	1.35215	1.35218			6
2025.08.25	01:15:27.373	1.35214	1.35217			6
2025.08.25	01:15:29.244	1.35215	1.35218			6
2025.08.25	01:15:29.857	1.35214	1.35217			6
2025.08.25	01:15:31.103	1.35213	1.35216			6
2025.08.25	01:15:32.034	1.35212	1.35215			6
2025.08.25	01:15:32.340	1.35213	1.35216			6
2025.08.25	01:15:34.221	1.35214	1.35217			6
2025.08.25	01:15:44.800	1.35203	1.35206			6
2025.08.25	01:15:45.110	1.35204	1.35207			6
2025.08.25	01:15:46.661	1.35206	1.35209			6
2025.08.25	01:15:47.587	1.35205	1.35208			6
2025.08.25	01:15:48.837	1.35204	1.35207			6
2025.08.25	01:15:49.148	1.35205	1.35208			6
2025.08.25	01:15:55.670	1.35204	1.35207			6
2025.08.25	01:15:58.141	1.35205	1.35208			6
2025.08.25	01:15:58.460	1.35204	1.35207			6
2025.08.25	01:16:00.010	1.35204				2
2025.08.25	01:16:01.849	1.35205	1.35208			6
2025.08.25	01:16:02.776	1.35204	1.35207			6
2025.08.25	01:16:03.094	1.35205	1.35208			6
2025.08.25	01:16:04.021	1.35204	1.35207			6
2025.08.25	01:16:09.276	1.35205	1.35208			6
2025.08.25	01:16:10.206	1.35204	1.35207			6
2025.08.25	01:16:18.269	1.35205	1.35208			6
2025.08.25	01:16:18.587	1.35204	1.35207			6
2025.08.25	01:16:20.128	1.35205	1.35208			6
2025.08.25	01:16:22.012	1.35204	1.35207			6
2025.08.25	01:16:29.140	1.35202	1.35205			6
2025.08.25	01:16:30.366	1.35203	1.35206			6
2025.08.25	01:16:42.128	1.35202	1.35205			6
2025.08.25	01:16:42.435	1.35203	1.35206			6
2025.08.25	01:16:43.678	1.35204	1.35207			6
2025.08.25	01:16:47.094	1.35202	1.35205			6
2025.08.25	01:16:47.714	1.35204	1.35207			6
2025.08.25	01:16:49.563	1.35205	1.35208			6
2025.08.25	01:16:52.649	1.35206	1.35209			6
2025.08.25	01:16:53.261	1.35205	1.35208			6
2025.08.25	01:16:54.507	1.35206	1.35209			6
2025.08.25	01:16:58.534	1.35207	1.35210			6
2025.08.25	01:16:59.457	1.35206	1.35209			6
2025.08.25	01:17:00.080	1.35206				2
2025.08.25	01:17:01.635	1.35207	1.35210			6
2025.08.25	01:17:01.940	1.35208	1.35211			6
2025.08.25	01:17:07.827	1.35214	1.35217			6
2025.08.25	01:17:08.770	1.35213	1.35216			6
2025.08.25	01:17:11.849	1.35214	1.35217			6
2025.08.25	01:17:13.704	1.35213	1.35216			6
2025.08.25	01:17:14.632	1.35214	1.35217			6
2025.08.25	01:17:15.562	1.35213	1.35216			6
2025.08.25	01:17:16.181	1.35214	1.35217			6
2025.08.25	01:17:31.659	1.35215	1.35218			6
2025.08.25	01:17:31.966	1.35213	1.35216			6
2025.08.25	01:17:44.687	1.35214	1.35217			6
2025.08.25	01:17:45.924	1.35213	1.35216			6
2025.08.25	01:17:48.091	1.35200	1.35203			6
2025.08.25	01:17:48.394	1.35198	1.35201			6
2025.08.25	01:17:48.699	1.35195	1.35198			6
2025.08.25	01:17:49.315	1.35196	1.35199			6
2025.08.25	01:17:50.550	1.35204	1.35207			6
2025.08.25	01:17:50.859	1.35205	1.35208			6
2025.08.25	01:17:52.106	1.35199	1.35202			6
2025.08.25	01:17:52.418	1.35197	1.35200			6
2025.08.25	01:17:52.719	1.35198	1.35201			6
2025.08.25	01:17:53.957	1.35199	1.35202			6
2025.08.25	01:17:56.132	1.35198	1.35201			6
2025.08.25	01:17:57.386	1.35197	1.35200			6
2025.08.25	01:17:57.709	1.35198	1.35201			6
2025.08.25	01:17:58.940	1.35197	1.35200			6
2025.08.25	01:17:59.259	1.35198	1.35201			6
2025.08.25	01:17:59.562	1.35196	1.35199			6
2025.08.25	01:17:59.866	1.35198	1.35201			6
2025.08.25	01:18:00.166	1.35198				2
2025.08.25	01:18:00.474	1.35197	1.35200			6
2025.08.25	01:18:01.090	1.35198	1.35201			6
2025.08.25	01:18:01.717	1.35197	1.35200			6
2025.08.25	01:18:02.029	1.35198	1.35201			6
2025.08.25	01:18:02.655	1.35197	1.35200			6
2025.08.25	01:18:02.962	1.35198	1.35201			6
2025.08.25	01:18:06.042	1.35197	1.35200			6
2025.08.25	01:18:06.658	1.35198	1.35201			6
2025.08.25	01:18:08.197	1.35197	1.35200			6
2025.08.25	01:18:08.513	1.35198	1.35201			6
2025.08.25	01:18:11.601	1.35197	1.35200			6
2025.08.25	01:18:11.908	1.35198	1.35201			6
2025.08.25	01:18:15.613	1.35197	1.35200			6
2025.08.25	01:18:16.218	1.35199	1.35202			6
2025.08.25	01:18:16.537	1.35197	1.35200			6
2025.08.25	01:18:18.069	1.35198	1.35201			6
2025.08.25	01:18:18.682	1.35197	1.35200			6
2025.08.25	01:18:19.928	1.35199	1.35202			6
2025.08.25	01:18:21.466	1.35198	1.35201			6
2025.08.25	01:18:21.770	1.35196	1.35199			6
2025.08.25	01:18:23.016	1.35195	1.35198			6
2025.08.25	01:18:24.264	1.35197	1.35200			6
2025.08.25	01:18:24.572	1.35198	1.35201			6
2025.08.25	01:18:25.499	1.35197	1.35200			6
2025.08.25	01:18:25.810	1.35198	1.35201			6
2025.08.25	01:18:26.120	1.35200	1.35203			6
2025.08.25	01:18:26.429	1.35199	1.35202			6
2025.08.25	01:18:27.053	1.35198	1.35201			6
2025.08.25	01:18:27.356	1.35199	1.35202			6
2025.08.25	01:18:30.449	1.35198	1.35201			6
2025.08.25	01:18:31.075	1.35200	1.35203			6
2025.08.25	01:18:34.163	1.35199	1.35202			6
2025.08.25	01:18:35.398	1.35198	1.35201			6
2025.08.25	01:18:36.008	1.35200	1.35203			6
2025.08.25	01:18:36.326	1.35199	1.35202			6
2025.08.25	01:18:39.092	1.35198	1.35201			6
2025.08.25	01:18:39.399	1.35199	1.35202			6
2025.08.25	01:18:39.702	1.35198	1.35201			6
2025.08.25	01:18:40.325	1.35199	1.35202			6
2025.08.25	01:18:41.553	1.35198	1.35201			6
2025.08.25	01:18:43.095	1.35199	1.35202			6
2025.08.25	01:18:46.493	1.35198	1.35201			6
2025.08.25	01:18:47.414	1.35196	1.35199			6
2025.08.25	01:18:47.722	1.35195	1.35198			6
2025.08.25	01:18:48.042	1.35194	1.35197			6
2025.08.25	01:18:50.826	1.35195	1.35198			6
2025.08.25	01:18:58.629	1.35194	1.35197			6
2025.08.25	01:19:00.181	1.35194				2
2025.08.25	01:19:01.113	1.35195	1.35198			6
2025.08.25	01:19:01.744	1.35194	1.35197			6
2025.08.25	01:19:02.985	1.35195	1.35198			6
2025.08.25	01:19:04.848	1.35194	1.35197			6
2025.08.25	01:19:06.080	1.35195	1.35198			6
2025.08.25	01:19:06.702	1.35197	1.35200			6
2025.08.25	01:19:07.628	1.35196	1.35199			6
2025.08.25	01:19:07.938	1.35197	1.35200			6
2025.08.25	01:19:08.545	1.35195	1.35198			6
2025.08.25	01:19:08.863	1.35194	1.35197			6
2025.08.25	01:19:11.354	1.35195	1.35198			6
2025.08.25	01:19:12.281	1.35194	1.35197			6
2025.08.25	01:19:15.059	1.35195	1.35198			6
2025.08.25	01:19:15.679	1.35194	1.35197			6
2025.08.25	01:19:15.992	1.35195	1.35198			6
2025.08.25	01:19:17.843	1.35194	1.35197			6
2025.08.25	01:19:18.144	1.35195	1.35198			6
2025.08.25	01:19:19.078	1.35194	1.35197			6
2025.08.25	01:19:20.936	1.35195	1.35198			6
2025.08.25	01:19:21.859	1.35194	1.35197			6
2025.08.25	01:19:22.169	1.35195	1.35198			6
2025.08.25	01:19:23.097	1.35194	1.35197			6
2025.08.25	01:19:26.184	1.35195	1.35198			6
2025.08.25	01:19:27.119	1.35194	1.35197			6
2025.08.25	01:19:28.351	1.35195	1.35198			6
2025.08.25	01:19:28.976	1.35194	1.35197			6
2025.08.25	01:19:29.596	1.35195	1.35198			6
2025.08.25	01:19:31.136	1.35194	1.35197			6
2025.08.25	01:19:35.191	1.35195	1.35198			6
2025.08.25	01:19:35.503	1.35194	1.35197			6
2025.08.25	01:19:38.917	1.35195	1.35198			6
2025.08.25	01:19:39.544	1.35194	1.35197			6
2025.08.25	01:19:39.863	1.35195	1.35198			6
2025.08.25	01:19:40.470	1.35194	1.35197			6
2025.08.25	01:19:40.789	1.35195	1.35198			6
2025.08.25	01:19:42.340	1.35194	1.35197			6
2025.08.25	01:19:42.651	1.35195	1.35198			6
2025.08.25	01:19:42.963	1.35194	1.35197			6
2025.08.25	01:19:45.447	1.35195	1.35198			6
2025.08.25	01:19:46.674	1.35194	1.35197			6
2025.08.25	01:19:46.989	1.35195	1.35198			6
2025.08.25	01:19:47.608	1.35194	1.35197			6
2025.08.25	01:19:48.852	1.35195	1.35198			6
2025.08.25	01:19:49.474	1.35194	1.35197			6
2025.08.25	01:19:49.784	1.35195	1.35198			6
2025.08.25	01:19:50.090	1.35194	1.35197			6
2025.08.25	01:19:50.712	1.35195	1.35198			6
2025.08.25	01:19:51.015	1.35194	1.35197			6
2025.08.25	01:19:52.569	1.35195	1.35198			6
2025.08.25	01:19:52.876	1.35194	1.35197			6
2025.08.25	01:19:53.819	1.35195	1.35198			6
2025.08.25	01:19:57.237	1.35194	1.35197			6
2025.08.25	01:19:58.780	1.35197	1.35200			6
2025.08.25	01:19:59.097	1.35195	1.35198			6
2025.08.25	01:20:00.022	1.35195				2
2025.08.25	01:20:00.651	1.35197	1.35200			6
2025.08.25	01:20:03.438	1.35198	1.35201			6
2025.08.25	01:20:03.759	1.35197	1.35200			6
2025.08.25	01:20:04.389	1.35196	1.35199			6
2025.08.25	01:20:04.703	1.35197	1.35200			6
2025.08.25	01:20:05.936	1.35196	1.35199			6
2025.08.25	01:20:06.867	1.35195	1.35198			6
2025.08.25	01:20:07.173	1.35196	1.35199			6
2025.08.25	01:20:08.102	1.35195	1.35198			6
2025.08.25	01:20:08.412	1.35194	1.35197			6
2025.08.25	01:20:31.914	1.35199	1.35202			6
2025.08.25	01:20:32.223	1.35207	1.35210			6
2025.08.25	01:20:32.844	1.35208	1.35211			6
2025.08.25	01:20:33.152	1.35207	1.35210			6
2025.08.25	01:20:33.456	1.35209	1.35212			6
2025.08.25	01:20:33.775	1.35206	1.35209			6
2025.08.25	01:20:34.386	1.35203	1.35206			6
2025.08.25	01:20:34.692	1.35204	1.35207			6
2025.08.25	01:20:36.858	1.35202	1.35205			6
2025.08.25	01:20:39.036	1.35205	1.35208			6
2025.08.25	01:20:49.500	1.35203	1.35206			6
2025.08.25	01:21:00.007	1.35202	1.35205			6
2025.08.25	01:21:00.313	1.35203	1.35206			6
2025.08.25	01:21:01.857	1.35201	1.35204			6
2025.08.25	01:21:02.162	1.35202	1.35205			6
2025.08.25	01:21:02.471	1.35196	1.35199			6
2025.08.25	01:21:03.102	1.35197	1.35200			6
2025.08.25	01:21:16.132	1.35196	1.35199			6
2025.08.25	01:21:17.060	1.35197	1.35200			6
2025.08.25	01:21:17.378	1.35196	1.35199			6
2025.08.25	01:21:17.691	1.35197	1.35200			6
2025.08.25	01:21:20.489	1.35196	1.35199			6
2025.08.25	01:21:29.494	1.35197	1.35200			6
2025.08.25	01:21:30.116	1.35196	1.35199			6
2025.08.25	01:21:31.355	1.35198	1.35201			6
2025.08.25	01:21:31.660	1.35197	1.35200			6
2025.08.25	01:21:34.146	1.35196	1.35199			6
2025.08.25	01:21:35.396	1.35197	1.35200			6
2025.08.25	01:21:39.132	1.35196	1.35199			6
2025.08.25	01:21:39.757	1.35197	1.35200			6
2025.08.25	01:21:44.425	1.35199	1.35202			6
2025.08.25	01:21:44.730	1.35200	1.35203			6
2025.08.25	01:21:48.469	1.35201	1.35204			6
2025.08.25	01:21:48.772	1.35204	1.35207			6
2025.08.25	01:21:49.078	1.35205	1.35208			6
2025.08.25	01:21:49.696	1.35204	1.35207			6
2025.08.25	01:21:57.774	1.35205	1.35208			6
2025.08.25	01:21:58.081	1.35204	1.35207			6
2025.08.25	01:22:00.250	1.35205	1.35208			6
2025.08.25	01:22:01.487	1.35204	1.35207			6
2025.08.25	01:22:02.102	1.35205	1.35208			6
2025.08.25	01:22:45.520	1.35204	1.35207			6
2025.08.25	01:22:48.615	1.35205	1.35208			6
2025.08.25	01:22:49.542	1.35204	1.35207			6
2025.08.25	01:22:51.702	1.35205	1.35208			6
2025.08.25	01:22:54.800	1.35204	1.35207			6
2025.08.25	01:22:59.752	1.35205	1.35208			6
2025.08.25	01:23:00.063	1.35205				2
2025.08.25	01:23:00.372	1.35204	1.35207			6
2025.08.25	01:23:01.307	1.35205	1.35208			6
2025.08.25	01:23:02.231	1.35203	1.35206			6
2025.08.25	01:23:02.857	1.35204	1.35207			6
2025.08.25	01:23:10.895	1.35203	1.35206			6
2025.08.25	01:23:18.034	1.35202	1.35205			6
2025.08.25	01:23:18.343	1.35203	1.35206			6
2025.08.25	01:23:23.902	1.35204	1.35207			6
2025.08.25	01:23:25.145	1.35205	1.35208			6
2025.08.25	01:23:26.384	1.35204	1.35207			6
2025.08.25	01:23:27.312	1.35205	1.35208			6
2025.08.25	01:23:29.776	1.35204	1.35207			6
2025.08.25	01:23:35.029	1.35203	1.35206			6
2025.08.25	01:23:44.641	1.35202	1.35205			6
2025.08.25	01:23:46.179	1.35203	1.35206			6
2025.08.25	01:23:58.642	1.35202	1.35205			6
2025.08.25	01:24:00.194	1.35202				2
2025.08.25	01:24:05.161	1.35203	1.35206			6
2025.08.25	01:24:10.445	1.35201	1.35204			6
2025.08.25	01:24:10.761	1.35200	1.35203			6
2025.08.25	01:24:11.689	1.35199	1.35202			6
2025.08.25	01:24:15.424	1.35191	1.35194			6
2025.08.25	01:24:15.727	1.35192	1.35195			6
2025.08.25	01:24:16.037	1.35191	1.35194			6
2025.08.25	01:24:16.351	1.35190	1.35193			6
2025.08.25	01:24:17.281	1.35189	1.35192			6
2025.08.25	01:24:18.217	1.35190	1.35193			6
2025.08.25	01:24:25.666	1.35193	1.35196			6
2025.08.25	01:24:27.853	1.35192	1.35195			6
2025.08.25	01:24:29.094	1.35194	1.35197			6
2025.08.25	01:24:29.400	1.35196	1.35199			6
2025.08.25	01:24:30.649	1.35195	1.35198			6
2025.08.25	01:24:33.452	1.35192	1.35194			6
2025.08.25	01:24:34.689	1.35191				2
2025.08.25	01:24:34.997		1.35193			4
2025.08.25	01:24:35.317	1.35193	1.35196			6
2025.08.25	01:24:46.428	1.35192	1.35195			6
2025.08.25	01:24:50.123	1.35193	1.35196			6
2025.08.25	01:24:57.779	1.35192	1.35195			6
2025.08.25	01:24:59.009	1.35193	1.35196			6
2025.08.25	01:24:59.315	1.35192	1.35195			6
2025.08.25	01:25:00.240	1.35192				2
2025.08.25	01:25:03.632	1.35193	1.35196			6
2025.08.25	01:25:05.166	1.35194				2
2025.08.25	01:25:05.474	1.35193				2
2025.08.25	01:25:05.795	1.35192	1.35195			6
2025.08.25	01:25:07.336	1.35191	1.35194			6
2025.08.25	01:25:08.261	1.35192	1.35195			6
2025.08.25	01:25:17.820	1.35191	1.35194			6
2025.08.25	01:25:20.620	1.35192	1.35195			6
2025.08.25	01:25:50.783	1.35191	1.35194			6
2025.08.25	01:25:56.998	1.35192	1.35195			6
2025.08.25	01:25:58.862	1.35191	1.35194			6
2025.08.25	01:26:00.116	1.35190	1.35193			6
2025.08.25	01:26:01.667	1.35191	1.35194			6
2025.08.25	01:26:03.544	1.35190	1.35193			6
2025.08.25	01:26:04.782	1.35191	1.35194			6
2025.08.25	01:26:05.404	1.35190	1.35193			6
2025.08.25	01:26:14.095	1.35191	1.35194			6
2025.08.25	01:26:14.409	1.35190	1.35193			6
2025.08.25	01:26:16.576	1.35189	1.35192			6
2025.08.25	01:26:18.773	1.35190	1.35193			6
2025.08.25	01:27:00.046	1.35190				2
2025.08.25	01:27:02.550		1.35192			4
2025.08.25	01:27:03.180		1.35193			4
2025.08.25	01:27:12.834	1.35189	1.35192			6
2025.08.25	01:28:00.213	1.35189				2
2025.08.25	01:28:12.892		1.35192			4
2025.08.25	01:28:13.200	1.35190	1.35193			6
2025.08.25	01:28:30.250	1.35187	1.35188			6
2025.08.25	01:28:30.556	1.35186	1.35187			6
2025.08.25	01:28:31.483	1.35185				2
2025.08.25	01:28:31.801		1.35188			4
2025.08.25	01:28:32.736	1.35184	1.35187			6
2025.08.25	01:28:36.429	1.35185	1.35186			6
2025.08.25	01:28:37.675	1.35182	1.35185			6
2025.08.25	01:28:38.300	1.35183				2
2025.08.25	01:28:39.537	1.35182				2
2025.08.25	01:28:40.161	1.35185	1.35188			6
2025.08.25	01:28:41.097	1.35186	1.35189			6
2025.08.25	01:28:41.721	1.35185	1.35188			6
2025.08.25	01:28:49.174	1.35184	1.35187			6
2025.08.25	01:28:49.796	1.35185	1.35188			6
2025.08.25	01:28:51.323	1.35184	1.35187			6
2025.08.25	01:28:53.493	1.35185	1.35188			6
2025.08.25	01:28:58.414	1.35189	1.35192			6
2025.08.25	01:28:59.338	1.35191	1.35194			6
2025.08.25	01:29:00.262	1.35191				2
2025.08.25	01:29:00.569	1.35192	1.35195			6
2025.08.25	01:29:00.876	1.35191	1.35194			6
2025.08.25	01:29:01.807	1.35192	1.35195			6
2025.08.25	01:29:03.356	1.35191	1.35193			6
2025.08.25	01:29:04.285	1.35193	1.35195			6
2025.08.25	01:29:36.362		1.35196			4
2025.08.25	01:30:00.184	1.35193				2
2025.08.25	01:30:01.435	1.35194	1.35197			6
2025.08.25	01:30:07.043		1.35196			4
2025.08.25	01:30:16.337	1.35184	1.35187			6
2025.08.25	01:30:18.503	1.35183	1.35186			6
2025.08.25	01:30:20.980	1.35184				2
2025.08.25	01:30:25.641	1.35183	1.35185			6
2025.08.25	01:30:26.572	1.35180	1.35181			6
2025.08.25	01:30:26.878	1.35176	1.35179			6
2025.08.25	01:30:27.497	1.35175	1.35178			6
2025.08.25	01:30:28.117	1.35174	1.35177			6
2025.08.25	01:30:28.430	1.35175				2
2025.08.25	01:30:29.047	1.35174				2
2025.08.25	01:30:39.824	1.35173	1.35176			6
2025.08.25	01:30:43.508	1.35174	1.35177			6
2025.08.25	01:30:52.149	1.35173	1.35176			6
2025.08.25	01:31:00.228	1.35173				2
2025.08.25	01:31:17.340	1.35180	1.35181			6
2025.08.25	01:31:17.651	1.35183	1.35186			6
2025.08.25	01:31:29.147	1.35184	1.35187			6
2025.08.25	01:31:35.602		1.35186			4
2025.08.25	01:31:49.504	1.35175	1.35176			6
2025.08.25	01:31:49.810		1.35178			4
2025.08.25	01:31:50.743	1.35174	1.35177			6
2025.08.25	01:32:00.075	1.35174				2
2025.08.25	01:32:05.367	1.35173	1.35176			6
2025.08.25	01:32:19.294	1.35174	1.35177			6
2025.08.25	01:32:19.604	1.35173	1.35176			6
2025.08.25	01:32:26.142	1.35174	1.35177			6
2025.08.25	01:32:29.236	1.35173	1.35176			6
2025.08.25	01:32:30.468	1.35174	1.35177			6
2025.08.25	01:32:32.013	1.35173	1.35176			6
2025.08.25	01:32:39.733	1.35174	1.35177			6
2025.08.25	01:32:43.449	1.35173	1.35176			6
2025.08.25	01:32:49.654	1.35174	1.35177			6
2025.08.25	01:32:57.097	1.35165	1.35168			6
2025.08.25	01:32:57.721	1.35164	1.35167			6
2025.08.25	01:33:00.201	1.35164				2
2025.08.25	01:33:07.984	1.35163	1.35166			6
2025.08.25	01:33:15.435	1.35164	1.35167			6
2025.08.25	01:33:31.462		1.35165			4
2025.08.25	01:33:37.037		1.35167			4
2025.08.25	01:33:46.315	1.35163	1.35166			6
2025.08.25	01:33:47.555	1.35164	1.35167			6
2025.08.25	01:34:00.252	1.35164				2
2025.08.25	01:34:47.669		1.35167			4
2025.08.25	01:35:00.045	1.35164				2
2025.08.25	01:35:47.839		1.35167			4
2025.08.25	01:36:00.173	1.35164				2
2025.08.25	01:36:07.594	1.35163	1.35166			6
2025.08.25	01:36:08.831	1.35164	1.35167			6
2025.08.25	01:37:00.194	1.35164				2
2025.08.25	01:37:09.140		1.35167			4
2025.08.25	01:37:33.901	1.35157	1.35160			6
2025.08.25	01:37:34.209	1.35158				2
2025.08.25	01:37:35.133	1.35155	1.35158			6
2025.08.25	01:37:55.153	1.35156				2
2025.08.25	01:38:00.084	1.35156				2
2025.08.25	01:38:07.773	1.35155				2
2025.08.25	01:38:08.081	1.35162	1.35165			6
2025.08.25	01:38:09.006	1.35163	1.35166			6
2025.08.25	01:38:09.935	1.35164	1.35167			6
2025.08.25	01:38:20.159		1.35166			4
2025.08.25	01:38:23.875		1.35167			4
2025.08.25	01:38:24.807	1.35163	1.35166			6
2025.08.25	01:38:34.425	1.35164	1.35167			6
2025.08.25	01:39:00.165	1.35164				2
2025.08.25	01:39:34.536		1.35167			4
2025.08.25	01:40:00.283	1.35164				2
2025.08.25	01:40:01.216	1.35162	1.35163			6
2025.08.25	01:40:01.521	1.35145	1.35148			6
2025.08.25	01:40:01.822	1.35146	1.35149			6
2025.08.25	01:40:02.751	1.35145	1.35148			6
2025.08.25	01:40:03.364	1.35144	1.35147			6
2025.08.25	01:40:14.938	1.35148	1.35151			6
2025.08.25	01:40:15.254	1.35147	1.35150			6
2025.08.25	01:40:16.182	1.35144	1.35147			6
2025.08.25	01:40:48.222	1.35143	1.35146			6
2025.08.25	01:40:54.412	1.35144	1.35147			6
2025.08.25	01:40:56.576	1.35143	1.35146			6
2025.08.25	01:41:00.300	1.35143				2
2025.08.25	01:41:01.546	1.35144	1.35147			6
2025.08.25	01:41:02.472	1.35143	1.35146			6
2025.08.25	01:41:02.779	1.35144	1.35147			6
2025.08.25	01:41:04.028	1.35143	1.35146			6
2025.08.25	01:41:04.344	1.35144	1.35147			6
2025.08.25	01:41:15.502	1.35145				2
2025.08.25	01:41:15.816	1.35144				2
2025.08.25	01:41:30.620	1.35152	1.35155			6
2025.08.25	01:41:32.189	1.35153	1.35156			6
2025.08.25	01:41:50.420	1.35152	1.35153			6
2025.08.25	01:41:50.728	1.35148	1.35151			6
2025.08.25	01:41:51.958	1.35146	1.35148			6
2025.08.25	01:41:52.577		1.35147			4
2025.08.25	01:41:52.881	1.35153	1.35156			6
2025.08.25	01:41:53.185	1.35156	1.35159			6
2025.08.25	01:41:53.797	1.35153	1.35156			6
2025.08.25	01:41:55.649	1.35154	1.35157			6
2025.08.25	01:42:00.010	1.35154				2
2025.08.25	01:42:10.782	1.35155	1.35158			6
2025.08.25	01:42:11.086	1.35154	1.35157			6
2025.08.25	01:42:23.400	1.35155	1.35158			6
2025.08.25	01:42:28.986		1.35157			4
2025.08.25	01:42:29.612		1.35158			4
2025.08.25	01:42:30.861	1.35154	1.35157			6
2025.08.25	01:43:00.059	1.35154				2
2025.08.25	01:43:06.314	1.35153	1.35156			6
2025.08.25	01:43:09.139	1.35145	1.35148			6
2025.08.25	01:43:11.307	1.35144	1.35147			6
2025.08.25	01:43:27.420	1.35148	1.35151			6
2025.08.25	01:43:28.363	1.35150	1.35153			6
2025.08.25	01:43:28.668	1.35149	1.35152			6
2025.08.25	01:43:32.691	1.35150	1.35153			6
2025.08.25	01:43:34.578	1.35149	1.35152			6
2025.08.25	01:43:40.149	1.35150	1.35153			6
2025.08.25	01:43:41.089	1.35144	1.35147			6
2025.08.25	01:43:42.643	1.35145	1.35148			6
2025.08.25	01:44:00.036	1.35145				2
2025.08.25	01:44:17.439	1.35144	1.35147			6
2025.08.25	01:44:26.760		1.35146			4
2025.08.25	01:44:28.326		1.35147			4
2025.08.25	01:44:30.189	1.35143	1.35144			6
2025.08.25	01:44:30.495	1.35134	1.35137			6
2025.08.25	01:44:36.723	1.35133	1.35136			6
2025.08.25	01:44:39.518	1.35134	1.35137			6
2025.08.25	01:44:57.516	1.35133	1.35136			6
2025.08.25	01:44:58.448	1.35134	1.35137			6
2025.08.25	01:45:00.005	1.35134				2
2025.08.25	01:45:14.583	1.35142	1.35145			6
2025.08.25	01:45:15.515	1.35143	1.35146			6
2025.08.25	01:45:15.826	1.35142	1.35145			6
2025.08.25	01:45:16.446	1.35143	1.35146			6
2025.08.25	01:45:20.164	1.35135	1.35138			6
2025.08.25	01:45:31.314	1.35137	1.35140			6
2025.08.25	01:45:31.617	1.35138	1.35141			6
2025.08.25	01:45:32.233	1.35136	1.35138			6
2025.08.25	01:45:32.539	1.35135				2
2025.08.25	01:45:32.848	1.35141	1.35144			6
2025.08.25	01:45:33.469	1.35142	1.35145			6
2025.08.25	01:45:34.721	1.35143	1.35146			6
2025.08.25	01:45:45.788	1.35144	1.35147			6
2025.08.25	01:45:47.643	1.35143	1.35146			6
2025.08.25	01:45:48.254	1.35144	1.35147			6
2025.08.25	01:45:54.137	1.35143	1.35146			6
2025.08.25	01:45:54.442	1.35144	1.35147			6
2025.08.25	01:45:55.671	1.35143	1.35146			6
2025.08.25	01:45:57.833	1.35134	1.35137			6
2025.08.25	01:45:58.759		1.35135			4
2025.08.25	01:45:59.677		1.35137			4
2025.08.25	01:46:00.292	1.35134				2
2025.08.25	01:46:20.327	1.35135				2
2025.08.25	01:46:24.655	1.35134				2
2025.08.25	01:46:25.264	1.35135	1.35138			6
2025.08.25	01:46:27.124	1.35134	1.35137			6
2025.08.25	01:46:28.675	1.35135				2
2025.08.25	01:46:30.849		1.35138			4
2025.08.25	01:46:32.405		1.35137			4
2025.08.25	01:46:33.645		1.35138			4
2025.08.25	01:46:36.432	1.35134	1.35137			6
2025.08.25	01:46:37.981	1.35135				2
2025.08.25	01:46:38.911		1.35138			4
2025.08.25	01:46:40.452	1.35134	1.35137			6
2025.08.25	01:46:48.192	1.35143	1.35146			6
2025.08.25	01:46:48.810	1.35142	1.35145			6
2025.08.25	01:46:57.492	1.35144	1.35146			6
2025.08.25	01:46:57.806		1.35147			4
2025.08.25	01:47:00.274	1.35144				2
2025.08.25	01:47:00.595		1.35146			4
2025.08.25	01:47:01.521		1.35147			4
2025.08.25	01:47:03.060		1.35146			4
2025.08.25	01:47:08.633		1.35147			4
2025.08.25	01:47:11.725		1.35146			4
2025.08.25	01:47:12.956		1.35147			4
2025.08.25	01:47:15.745		1.35146			4
2025.08.25	01:47:18.842	1.35143				2
2025.08.25	01:47:21.312	1.35142	1.35145			6
2025.08.25	01:47:21.623	1.35143	1.35146			6
2025.08.25	01:47:22.246	1.35140	1.35143			6
2025.08.25	01:47:22.563	1.35142	1.35145			6
2025.08.25	01:47:23.492	1.35143	1.35146			6
2025.08.25	01:47:28.442	1.35144	1.35147			6
2025.08.25	01:47:28.752	1.35143	1.35146			6
2025.08.25	01:47:29.062	1.35142	1.35145			6
2025.08.25	01:47:29.689	1.35143	1.35146			6
2025.08.25	01:47:36.808	1.35144	1.35147			6
2025.08.25	01:47:40.498	1.35142	1.35145			6
2025.08.25	01:47:41.423	1.35140	1.35142			6
2025.08.25	01:47:42.341	1.35142	1.35145			6
2025.08.25	01:47:46.036	1.35140	1.35142			6
2025.08.25	01:47:47.907	1.35143	1.35146			6
2025.08.25	01:47:51.609	1.35139	1.35142			6
2025.08.25	01:47:52.231	1.35142	1.35145			6
2025.08.25	01:47:53.471	1.35144	1.35147			6
2025.08.25	01:47:57.187	1.35140	1.35143			6
2025.08.25	01:47:57.493	1.35142	1.35145			6
2025.08.25	01:47:58.737	1.35143	1.35146			6
2025.08.25	01:47:59.675	1.35144	1.35147			6
2025.08.25	01:48:00.292	1.35144				2
2025.08.25	01:48:03.079	1.35140	1.35143			6
2025.08.25	01:48:03.386	1.35142	1.35145			6
2025.08.25	01:48:04.330	1.35144	1.35147			6
2025.08.25	01:48:08.668	1.35141	1.35143			6
2025.08.25	01:48:09.280	1.35143	1.35146			6
2025.08.25	01:48:10.212	1.35144	1.35147			6
2025.08.25	01:48:14.543	1.35140	1.35143			6
2025.08.25	01:48:14.847	1.35142	1.35145			6
2025.08.25	01:48:15.764	1.35143	1.35146			6
2025.08.25	01:48:16.711	1.35144	1.35147			6
2025.08.25	01:48:24.773	1.35143	1.35146			6
2025.08.25	01:48:25.079	1.35142	1.35145			6
2025.08.25	01:48:26.018	1.35143	1.35146			6
2025.08.25	01:48:30.953	1.35144	1.35147			6
2025.08.25	01:48:31.259	1.35143	1.35146			6
2025.08.25	01:48:35.280	1.35142	1.35145			6
2025.08.25	01:48:35.908	1.35143	1.35146			6
2025.08.25	01:48:37.778	1.35144	1.35147			6
2025.08.25	01:49:00.104	1.35144				2
2025.08.25	01:49:20.508	1.35142	1.35145			6
2025.08.25	01:49:20.813	1.35144	1.35147			6
2025.08.25	01:49:33.424	1.35145	1.35148			6
2025.08.25	01:49:34.658		1.35147			4
2025.08.25	01:49:43.268	1.35153	1.35156			6
2025.08.25	01:49:45.442	1.35154	1.35157			6
2025.08.25	01:49:52.515	1.35157	1.35160			6
2025.08.25	01:49:52.823	1.35154	1.35157			6
2025.08.25	01:50:00.191	1.35154				2
2025.08.25	01:50:00.498	1.35155	1.35158			6
2025.08.25	01:50:01.126	1.35154	1.35157			6
2025.08.25	01:50:16.558	1.35153	1.35156			6
2025.08.25	01:50:38.498	1.35154	1.35157			6
2025.08.25	01:51:00.173	1.35154				2
2025.08.25	01:51:04.492	1.35156	1.35159			6
2025.08.25	01:51:04.802	1.35154	1.35157			6
2025.08.25	01:52:00.041	1.35154				2
2025.08.25	01:52:00.350	1.35153	1.35156			6
2025.08.25	01:52:00.660	1.35154	1.35157			6
2025.08.25	01:52:20.389	1.35153	1.35156			6
2025.08.25	01:52:20.696	1.35144	1.35147			6
2025.08.25	01:52:30.603	1.35147	1.35148			6
2025.08.25	01:52:30.912	1.35152	1.35155			6
2025.08.25	01:52:32.160	1.35153	1.35156			6
2025.08.25	01:52:33.090	1.35154				2
2025.08.25	01:52:48.177		1.35157			4
2025.08.25	01:52:48.483	1.35151	1.35154			6
2025.08.25	01:52:48.797	1.35154	1.35157			6
2025.08.25	01:52:58.935		1.35155			4
2025.08.25	01:53:00.157	1.35154				2
2025.08.25	01:53:01.689	1.35153	1.35156			6
2025.08.25	01:53:01.993	1.35154	1.35157			6
2025.08.25	01:53:10.328	1.35144	1.35147			6
2025.08.25	01:53:11.562	1.35141	1.35144			6
2025.08.25	01:53:40.268	1.35142				2
2025.08.25	01:53:54.508	1.35144	1.35147			6
2025.08.25	01:53:56.983	1.35147	1.35150			6
2025.08.25	01:53:57.917	1.35144	1.35147			6
2025.08.25	01:54:00.094	1.35144				2
2025.08.25	01:54:02.260	1.35153	1.35156			6
2025.08.25	01:54:05.362	1.35154	1.35157			6
2025.08.25	01:54:09.996	1.35153	1.35156			6
2025.08.25	01:54:10.303	1.35154	1.35157			6
2025.08.25	01:55:00.177	1.35154				2
2025.08.25	01:55:09.170	1.35157	1.35160			6
2025.08.25	01:55:09.487	1.35154	1.35157			6
2025.08.25	01:55:19.678	1.35156	1.35159			6
2025.08.25	01:55:19.989	1.35159	1.35162			6
2025.08.25	01:55:20.621	1.35158	1.35161			6
2025.08.25	01:55:21.540	1.35156	1.35159			6
2025.08.25	01:55:26.808	1.35155	1.35158			6
2025.08.25	01:55:43.803	1.35156	1.35159			6
2025.08.25	01:55:46.278	1.35163	1.35166			6
2025.08.25	01:55:53.401	1.35161	1.35164			6
2025.08.25	01:56:00.237	1.35161				2
2025.08.25	01:56:06.754	1.35160	1.35162			6
2025.08.25	01:56:07.060	1.35161	1.35164			6
2025.08.25	01:56:34.659	1.35166	1.35169			6
2025.08.25	01:56:35.601	1.35165	1.35168			6
2025.08.25	01:56:35.909	1.35166	1.35169			6
2025.08.25	01:56:36.215	1.35170	1.35171			6
2025.08.25	01:56:36.520		1.35172			4
2025.08.25	01:56:37.459	1.35169				2
2025.08.25	01:56:38.075	1.35171	1.35173			6
2025.08.25	01:56:38.393	1.35172				2
2025.08.25	01:56:41.176	1.35168	1.35170			6
2025.08.25	01:56:42.105	1.35166	1.35169			6
2025.08.25	01:56:56.912	1.35165	1.35168			6
2025.08.25	01:56:59.375	1.35164	1.35167			6
2025.08.25	01:57:00.288	1.35164				2
2025.08.25	01:57:01.227	1.35163	1.35166			6
2025.08.25	01:57:03.701	1.35164	1.35167			6
2025.08.25	01:57:08.333	1.35158	1.35161			6
2025.08.25	01:57:09.263	1.35160	1.35163			6
2025.08.25	01:57:09.887	1.35161	1.35164			6
2025.08.25	01:57:10.199	1.35162				2
2025.08.25	01:57:11.134	1.35163				2
2025.08.25	01:57:11.753		1.35166			4
2025.08.25	01:57:13.922	1.35164	1.35167			6
2025.08.25	01:57:14.229	1.35163	1.35166			6
2025.08.25	01:57:15.167	1.35164	1.35167			6
2025.08.25	01:57:16.094	1.35163	1.35166			6
2025.08.25	01:57:17.954	1.35164	1.35167			6
2025.08.25	01:57:33.315	1.35162	1.35165			6
2025.08.25	01:57:33.622	1.35164	1.35167			6
2025.08.25	01:58:00.209	1.35164				2
2025.08.25	01:58:09.506	1.35163	1.35166			6
2025.08.25	01:58:11.361	1.35164	1.35167			6
2025.08.25	01:58:41.426	1.35163	1.35166			6
2025.08.25	01:58:45.158	1.35165	1.35168			6
2025.08.25	01:58:45.462	1.35163	1.35166			6
2025.08.25	01:58:49.826	1.35164	1.35167			6
2025.08.25	01:58:55.717	1.35155	1.35158			6
2025.08.25	01:58:57.577	1.35154	1.35157			6
2025.08.25	01:59:00.060	1.35154				2
2025.08.25	01:59:17.146	1.35156	1.35159			6
2025.08.25	01:59:17.458	1.35154	1.35157			6
2025.08.25	01:59:29.836	1.35158	1.35161			6
2025.08.25	01:59:30.141	1.35156	1.35159			6
2025.08.25	01:59:31.077	1.35155	1.35158			6
2025.08.25	01:59:34.489	1.35158	1.35159			6
2025.08.25	01:59:34.796	1.35155	1.35158			6
2025.08.25	01:59:40.673	1.35158	1.35161			6
2025.08.25	01:59:48.405	1.35156	1.35159			6
2025.08.25	01:59:49.323		1.35158			4
2025.08.25	01:59:51.787	1.35155				2
2025.08.25	01:59:56.415	1.35156	1.35159			6
2025.08.25	01:59:57.339	1.35155	1.35158			6
2025.08.25	02:00:00.096	1.35155				2
2025.08.25	02:00:00.400	1.35160	1.35163			6
2025.08.25	02:00:00.721	1.35158	1.35161			6
2025.08.25	02:00:01.028	1.35159	1.35162			6
2025.08.25	02:00:01.647	1.35156	1.35159			6
2025.08.25	02:00:02.565	1.35160	1.35163			6
2025.08.25	02:00:02.871	1.35159	1.35162			6
2025.08.25	02:00:03.795	1.35160	1.35163			6
