<DATE>	<TIME>	<BID>	<ASK>	<LAST>	<VOLUME>	<FLAGS>
2025.11.10	00:03:31.163	1.31427	1.31628			6
2025.11.10	00:04:00.094	1.31427				2
2025.11.10	00:04:31.169		1.31628			4
2025.11.10	00:04:41.941	1.31547	1.31709			6
2025.11.10	00:05:00.010	1.31547				2
2025.11.10	00:05:03.073	1.31544	1.31712			6
2025.11.10	00:05:10.142	1.31540				2
2025.11.10	00:05:10.455	1.31536				2
2025.11.10	00:05:11.062	1.31534				2
2025.11.10	00:05:17.499	1.31533				2
2025.11.10	00:05:25.446		1.31706			4
2025.11.10	00:05:25.747		1.31703			4
2025.11.10	00:05:26.054		1.31712			4
2025.11.10	00:05:36.477		1.31703			4
2025.11.10	00:06:00.064	1.31533				2
2025.11.10	00:06:03.754		1.31708			4
2025.11.10	00:06:19.075		1.31707			4
2025.11.10	00:06:19.384	1.31531				2
2025.11.10	00:06:24.587	1.31542	1.31694			6
2025.11.10	00:07:00.492	1.31542				2
2025.11.10	00:07:00.927	1.31554				2
2025.11.10	00:07:02.964		1.31682			4
2025.11.10	00:07:07.872		1.31681			4
2025.11.10	00:07:09.105		1.31680			4
2025.11.10	00:07:11.563		1.31679			4
2025.11.10	00:07:20.158		1.31678			4
2025.11.10	00:07:30.907		1.31677			4
2025.11.10	00:07:39.190		1.31676			4
2025.11.10	00:07:47.481		1.31675			4
2025.11.10	00:07:54.223		1.31674			4
2025.11.10	00:08:00.047	1.31554				2
2025.11.10	00:08:03.418		1.31673			4
2025.11.10	00:08:15.696		1.31672			4
2025.11.10	00:08:44.077		1.31671			4
2025.11.10	00:08:51.505		1.31685			4
2025.11.10	00:08:59.218		1.31684			4
2025.11.10	00:09:00.148	1.31554				2
2025.11.10	00:09:00.453		1.31685			4
2025.11.10	00:09:01.994		1.31684			4
2025.11.10	00:09:04.154		1.31680			4
2025.11.10	00:09:05.692		1.31681			4
2025.11.10	00:09:14.341		1.31680			4
2025.11.10	00:09:23.905		1.31679			4
2025.11.10	00:09:33.464		1.31678			4
2025.11.10	00:09:39.019		1.31677			4
2025.11.10	00:09:44.559		1.31679			4
2025.11.10	00:09:49.185		1.31678			4
2025.11.10	00:09:50.426		1.31680			4
2025.11.10	00:09:54.139		1.31681			4
2025.11.10	00:09:56.604		1.31680			4
2025.11.10	00:09:58.145		1.31679			4
2025.11.10	00:10:00.307	1.31554	1.31663			6
2025.11.10	00:10:09.532		1.31666			4
2025.11.10	00:10:11.259		1.31665			4
2025.11.10	00:10:33.531		1.31662			4
2025.11.10	00:10:35.331		1.31663			4
2025.11.10	00:10:37.557		1.31664			4
2025.11.10	00:10:38.031		1.31665			4
2025.11.10	00:10:46.435		1.31664			4
2025.11.10	00:10:51.532		1.31665			4
2025.11.10	00:10:53.630		1.31664			4
2025.11.10	00:10:54.833		1.31665			4
2025.11.10	00:10:58.732		1.31664			4
2025.11.10	00:11:00.492	1.31554				2
2025.11.10	00:11:02.352	1.31581	1.31674			6
2025.11.10	00:11:03.205		1.31675			4
2025.11.10	00:11:07.438		1.31673			4
2025.11.10	00:11:08.636		1.31671			4
2025.11.10	00:11:09.531		1.31670			4
2025.11.10	00:11:13.131		1.31669			4
2025.11.10	00:11:14.332		1.31670			4
2025.11.10	00:11:17.029		1.31669			4
2025.11.10	00:11:24.530		1.31668			4
2025.11.10	00:11:25.130		1.31669			4
2025.11.10	00:11:29.930		1.31668			4
2025.11.10	00:11:52.430		1.31667			4
2025.11.10	00:12:00.532	1.31581				2
2025.11.10	00:12:03.872		1.31666			4
2025.11.10	00:12:11.632		1.31667			4
2025.11.10	00:12:12.833		1.31666			4
2025.11.10	00:12:14.854	1.31584				2
2025.11.10	00:12:33.832		1.31665			4
2025.11.10	00:12:35.032		1.31666			4
2025.11.10	00:12:45.532		1.31665			4
2025.11.10	00:13:00.230	1.31584				2
2025.11.10	00:13:01.578		1.31666			4
2025.11.10	00:14:00.531	1.31584				2
2025.11.10	00:14:02.030		1.31666			4
2025.11.10	00:14:03.956		1.31672			4
2025.11.10	00:14:21.285	1.31589				2
2025.11.10	00:14:22.736		1.31671			4
2025.11.10	00:14:30.531		1.31672			4
2025.11.10	00:14:32.032		1.31671			4
2025.11.10	00:14:34.131		1.31672			4
2025.11.10	00:14:37.131		1.31671			4
2025.11.10	00:15:00.231	1.31589				2
2025.11.10	00:15:04.430		1.31670			4
2025.11.10	00:15:05.635		1.31671			4
2025.11.10	00:15:11.034		1.31670			4
2025.11.10	00:15:12.230		1.31671			4
2025.11.10	00:15:13.507		1.31670			4
2025.11.10	00:15:37.086		1.31669			4
2025.11.10	00:15:38.074		1.31670			4
2025.11.10	00:15:50.931		1.31669			4
2025.11.10	00:15:54.466		1.31668			4
2025.11.10	00:15:57.231		1.31667			4
2025.11.10	00:16:00.966	1.31589	1.31668			6
2025.11.10	00:16:02.336		1.31667			4
2025.11.10	00:16:08.191		1.31669			4
2025.11.10	00:16:10.468		1.31668			4
2025.11.10	00:16:30.230		1.31667			4
2025.11.10	00:16:30.832		1.31668			4
2025.11.10	00:17:01.133	1.31589				2
2025.11.10	00:17:29.394		1.31670			4
2025.11.10	00:17:40.414		1.31669			4
2025.11.10	00:17:41.634		1.31668			4
2025.11.10	00:18:00.492	1.31589				2
2025.11.10	00:18:05.331		1.31667			4
2025.11.10	00:18:14.632		1.31668			4
2025.11.10	00:18:17.331		1.31667			4
2025.11.10	00:18:22.134		1.31668			4
2025.11.10	00:18:53.632		1.31667			4
2025.11.10	00:19:00.831	1.31589				2
2025.11.10	00:19:19.430		1.31669			4
2025.11.10	00:20:00.967	1.31589				2
2025.11.10	00:20:17.331	1.31579	1.31649			6
2025.11.10	00:20:18.082	1.31580				2
2025.11.10	00:20:19.288	1.31582	1.31648			6
2025.11.10	00:20:20.116	1.31585	1.31645			6
2025.11.10	00:21:00.492	1.31585				2
2025.11.10	00:21:20.492		1.31645			4
2025.11.10	00:22:00.492	1.31585				2
2025.11.10	00:22:06.532	1.31588	1.31658			6
2025.11.10	00:22:08.342		1.31657			4
2025.11.10	00:22:11.331		1.31658			4
2025.11.10	00:22:17.033		1.31657			4
2025.11.10	00:22:50.966		1.31656			4
2025.11.10	00:22:51.538		1.31657			4
2025.11.10	00:22:55.348		1.31656			4
2025.11.10	00:23:00.531	1.31588				2
2025.11.10	00:23:11.817		1.31657			4
2025.11.10	00:23:12.814		1.31656			4
2025.11.10	00:23:14.529		1.31657			4
2025.11.10	00:23:15.051		1.31656			4
2025.11.10	00:23:32.634		1.31655			4
2025.11.10	00:23:33.824		1.31656			4
2025.11.10	00:23:38.630		1.31655			4
2025.11.10	00:23:44.811		1.31656			4
2025.11.10	00:23:47.636		1.31655			4
2025.11.10	00:23:55.811		1.31656			4
2025.11.10	00:23:57.142		1.31655			4
2025.11.10	00:24:01.106	1.31588				2
2025.11.10	00:24:05.814		1.31656			4
2025.11.10	00:24:13.579	1.31586	1.31651			6
2025.11.10	00:24:15.837		1.31650			4
2025.11.10	00:25:00.230	1.31586				2
2025.11.10	00:25:01.730		1.31649			4
2025.11.10	00:25:09.231		1.31650			4
2025.11.10	00:25:30.493		1.31649			4
2025.11.10	00:26:00.495	1.31586				2
2025.11.10	00:26:32.031		1.31649			4
2025.11.10	00:27:00.530	1.31586				2
2025.11.10	00:27:32.337		1.31649			4
2025.11.10	00:28:00.231	1.31586				2
2025.11.10	00:28:33.235		1.31649			4
2025.11.10	00:28:35.932		1.31648			4
2025.11.10	00:29:00.233	1.31586				2
2025.11.10	00:29:38.334		1.31647			4
2025.11.10	00:29:54.854	1.31559	1.31663			6
2025.11.10	00:29:58.242	1.31586	1.31647			6
2025.11.10	00:30:01.662	1.31586	1.31649			6
2025.11.10	00:30:02.159		1.31647			4
2025.11.10	00:30:11.930		1.31646			4
2025.11.10	00:30:21.530		1.31647			4
2025.11.10	00:30:24.896		1.31646			4
2025.11.10	00:31:01.434	1.31586				2
2025.11.10	00:31:05.578		1.31644			4
2025.11.10	00:31:17.266		1.31643			4
2025.11.10	00:31:23.631		1.31644			4
2025.11.10	00:31:26.031		1.31643			4
2025.11.10	00:31:34.718		1.31641			4
2025.11.10	00:31:50.934		1.31642			4
2025.11.10	00:31:52.430		1.31641			4
2025.11.10	00:32:00.531	1.31586				2
2025.11.10	00:32:13.463		1.31640			4
2025.11.10	00:32:51.831		1.31639			4
2025.11.10	00:32:58.730		1.31640			4
2025.11.10	00:33:02.631	1.31586				2
2025.11.10	00:33:07.061	1.31555	1.31659			6
2025.11.10	00:33:10.464	1.31586	1.31640			6
2025.11.10	00:33:19.734		1.31639			4
2025.11.10	00:33:32.961		1.31635			4
2025.11.10	00:33:34.346		1.31638			4
2025.11.10	00:33:34.732		1.31639			4
2025.11.10	00:33:40.165		1.31637			4
2025.11.10	00:33:41.692		1.31639			4
2025.11.10	00:33:56.031		1.31640			4
2025.11.10	00:33:56.937		1.31639			4
2025.11.10	00:34:02.332	1.31586				2
2025.11.10	00:34:04.439		1.31642			4
2025.11.10	00:34:10.658		1.31641			4
2025.11.10	00:34:14.584	1.31578				2
2025.11.10	00:34:31.434		1.31642			4
2025.11.10	00:34:40.434		1.31641			4
2025.11.10	00:34:45.230		1.31642			4
2025.11.10	00:34:46.430		1.31641			4
2025.11.10	00:34:49.132		1.31642			4
2025.11.10	00:34:53.247		1.31640			4
2025.11.10	00:35:01.131	1.31578				2
2025.11.10	00:35:03.546		1.31638			4
2025.11.10	00:35:03.890	1.31574	1.31635			6
2025.11.10	00:35:23.630		1.31634			4
2025.11.10	00:35:26.631		1.31635			4
2025.11.10	00:35:29.935		1.31636			4
2025.11.10	00:35:32.190		1.31634			4
2025.11.10	00:35:34.132		1.31635			4
2025.11.10	00:35:35.630		1.31634			4
2025.11.10	00:35:44.930		1.31635			4
2025.11.10	00:35:46.436		1.31634			4
2025.11.10	00:35:48.801	1.31543	1.31612			6
2025.11.10	00:35:49.115	1.31549				2
2025.11.10	00:35:49.487	1.31554				2
2025.11.10	00:35:50.168	1.31555				2
2025.11.10	00:35:57.667	1.31510	1.31616			6
2025.11.10	00:35:57.973	1.31497	1.31617			6
2025.11.10	00:35:58.277	1.31513				2
2025.11.10	00:35:58.584	1.31497	1.31615			6
2025.11.10	00:36:00.117	1.31497				2
2025.11.10	00:36:02.574		1.31616			4
2025.11.10	00:36:05.031		1.31615			4
2025.11.10	00:36:06.267	1.31511				2
2025.11.10	00:36:09.350	1.31512				2
2025.11.10	00:36:10.584		1.31614			4
2025.11.10	00:36:13.365	1.31420	1.31567			6
2025.11.10	00:36:13.679	1.31390				2
2025.11.10	00:36:13.984	1.31396				2
2025.11.10	00:36:14.294	1.31394				2
2025.11.10	00:36:14.604	1.31336	1.31537			6
2025.11.10	00:36:14.920	1.31345	1.31546			6
2025.11.10	00:36:15.852	1.31342	1.31543			6
2025.11.10	00:36:16.162	1.31344	1.31545			6
2025.11.10	00:36:16.470	1.31343	1.31544			6
2025.11.10	00:36:16.782	1.31344	1.31545			6
2025.11.10	00:36:17.089	1.31341	1.31542			6
2025.11.10	00:36:17.397	1.31342	1.31543			6
2025.11.10	00:36:18.634	1.31340	1.31541			6
2025.11.10	00:36:20.171	1.31471	1.31564			6
2025.11.10	00:36:22.202		1.31566			4
2025.11.10	00:36:31.133	1.31477	1.31564			6
2025.11.10	00:36:40.450	1.31483	1.31567			6
2025.11.10	00:36:50.087		1.31577			4
2025.11.10	00:36:59.977	1.31487	1.31578			6
2025.11.10	00:37:01.135	1.31487				2
2025.11.10	00:37:12.548	1.31492				2
2025.11.10	00:37:15.913	1.31494				2
2025.11.10	00:37:43.235	1.31430	1.31579			6
2025.11.10	00:37:44.287		1.31577			4
2025.11.10	00:37:46.132		1.31579			4
2025.11.10	00:37:47.333		1.31577			4
2025.11.10	00:37:47.930		1.31579			4
2025.11.10	00:37:52.288		1.31576			4
2025.11.10	00:37:55.378		1.31578			4
2025.11.10	00:37:55.715		1.31577			4
2025.11.10	00:37:56.206		1.31576			4
2025.11.10	00:37:56.538	1.31475				2
2025.11.10	00:38:00.834	1.31475	1.31575			6
2025.11.10	00:38:03.314		1.31574			4
2025.11.10	00:38:04.236		1.31572			4
2025.11.10	00:38:22.035		1.31571			4
2025.11.10	00:38:27.548		1.31574			4
2025.11.10	00:38:31.229		1.31572			4
2025.11.10	00:38:36.792		1.31571			4
2025.11.10	00:38:41.430		1.31570			4
2025.11.10	00:38:45.750		1.31569			4
2025.11.10	00:38:56.559		1.31570			4
2025.11.10	00:39:00.264	1.31475				2
2025.11.10	00:39:03.968	1.31490	1.31574			6
2025.11.10	00:39:05.144		1.31572			4
2025.11.10	00:39:06.531		1.31573			4
2025.11.10	00:39:07.131		1.31574			4
2025.11.10	00:39:12.243		1.31573			4
2025.11.10	00:39:12.550		1.31574			4
2025.11.10	00:39:13.731		1.31573			4
2025.11.10	00:39:14.748		1.31571			4
2025.11.10	00:39:16.902		1.31573			4
2025.11.10	00:39:32.332		1.31572			4
2025.11.10	00:39:38.927		1.31571			4
2025.11.10	00:39:46.130		1.31572			4
2025.11.10	00:39:53.031		1.31571			4
2025.11.10	00:40:01.131	1.31490	1.31570			6
2025.11.10	00:40:02.630		1.31571			4
2025.11.10	00:40:04.135		1.31570			4
2025.11.10	00:40:05.631		1.31571			4
2025.11.10	00:40:09.233		1.31570			4
2025.11.10	00:40:14.631		1.31571			4
2025.11.10	00:40:16.054		1.31570			4
2025.11.10	00:40:17.934		1.31571			4
2025.11.10	00:40:20.539		1.31570			4
2025.11.10	00:40:31.136		1.31569			4
2025.11.10	00:40:35.902		1.31568			4
2025.11.10	00:40:40.132		1.31569			4
2025.11.10	00:40:49.185		1.31568			4
2025.11.10	00:40:56.331		1.31567			4
2025.11.10	00:40:56.932		1.31568			4
2025.11.10	00:41:00.493	1.31490				2
2025.11.10	00:41:09.676		1.31567			4
2025.11.10	00:41:11.032		1.31568			4
2025.11.10	00:41:15.530		1.31567			4
2025.11.10	00:41:30.407		1.31568			4
2025.11.10	00:41:35.033		1.31567			4
2025.11.10	00:41:40.080	1.31503	1.31584			6
2025.11.10	00:41:51.499	1.31499	1.31583			6
2025.11.10	00:41:53.036		1.31582			4
2025.11.10	00:41:57.364		1.31581			4
2025.11.10	00:42:00.147	1.31499				2
2025.11.10	00:42:01.383	1.31502	1.31584			6
2025.11.10	00:42:07.559	1.31503				2
2025.11.10	00:42:10.649		1.31585			4
2025.11.10	00:42:27.020	1.31500	1.31583			6
2025.11.10	00:42:37.438	1.31501				2
2025.11.10	00:42:39.530		1.31582			4
2025.11.10	00:42:40.158	1.31500				2
2025.11.10	00:42:42.011	1.31497				2
2025.11.10	00:42:44.789	1.31500				2
2025.11.10	00:42:46.331		1.31583			4
2025.11.10	00:42:47.869	1.31499				2
2025.11.10	00:42:49.732	1.31500				2
2025.11.10	00:42:50.341	1.31499				2
2025.11.10	00:42:56.838	1.31500				2
2025.11.10	00:43:00.232	1.31500	1.31582			6
2025.11.10	00:43:10.423		1.31577			4
2025.11.10	00:43:13.432	1.31499				2
2025.11.10	00:43:27.180	1.31500				2
2025.11.10	00:43:40.493		1.31576			4
2025.11.10	00:43:41.330		1.31577			4
2025.11.10	00:43:57.543		1.31583			4
2025.11.10	00:44:00.019	1.31500				2
2025.11.10	00:44:17.298	1.31503	1.31585			6
2025.11.10	00:44:17.606	1.31501	1.31584			6
2025.11.10	00:44:18.233		1.31583			4
2025.11.10	00:44:18.540		1.31582			4
2025.11.10	00:44:19.773		1.31583			4
2025.11.10	00:44:20.082	1.31502				2
2025.11.10	00:44:28.412		1.31585			4
2025.11.10	00:44:30.268	1.31503				2
2025.11.10	00:44:31.506	1.31504				2
2025.11.10	00:44:31.815	1.31503				2
2025.11.10	00:45:00.181	1.31503				2
2025.11.10	00:45:02.966	1.31481				2
2025.11.10	00:45:04.814	1.31482	1.31586			6
2025.11.10	00:45:06.665	1.31503				2
2025.11.10	00:45:11.016	1.31519	1.31570			6
2025.11.10	00:45:20.415	1.31520				2
2025.11.10	00:45:21.963		1.31571			4
2025.11.10	00:45:27.517	1.31519	1.31570			6
2025.11.10	00:46:00.261	1.31518				2
2025.11.10	00:46:05.512		1.31569			4
2025.11.10	00:46:06.440	1.31517				2
2025.11.10	00:46:09.829	1.31514	1.31567			6
2025.11.10	00:46:11.683	1.31519	1.31571			6
2025.11.10	00:46:11.987	1.31518	1.31570			6
2025.11.10	00:46:12.304	1.31517				2
2025.11.10	00:46:14.159	1.31520	1.31572			6
2025.11.10	00:46:16.314		1.31570			4
2025.11.10	00:46:16.619		1.31571			4
2025.11.10	00:46:16.929		1.31570			4
2025.11.10	00:46:17.237		1.31569			4
2025.11.10	00:46:17.856		1.31570			4
2025.11.10	00:46:21.254	1.31521				2
2025.11.10	00:46:22.478	1.31520	1.31571			6
2025.11.10	00:46:23.715	1.31522	1.31570			6
2025.11.10	00:46:24.020		1.31571			4
2025.11.10	00:46:28.954	1.31520				2
2025.11.10	00:46:29.882		1.31570			4
2025.11.10	00:46:31.424		1.31569			4
2025.11.10	00:46:31.729	1.31519	1.31570			6
2025.11.10	00:46:34.203	1.31517				2
2025.11.10	00:46:44.986		1.31569			4
2025.11.10	00:46:56.082		1.31568			4
2025.11.10	00:47:00.094	1.31517				2
2025.11.10	00:47:01.019		1.31569			4
2025.11.10	00:47:03.182	1.31497				2
2025.11.10	00:47:06.569	1.31517				2
2025.11.10	00:47:11.809	1.31518				2
2025.11.10	00:47:13.350		1.31564			4
2025.11.10	00:47:17.037	1.31517				2
2025.11.10	00:47:18.884	1.31518				2
2025.11.10	00:47:23.492	1.31517				2
2025.11.10	00:47:25.965	1.31519				2
2025.11.10	00:47:31.219	1.31520				2
2025.11.10	00:47:45.743	1.31519				2
2025.11.10	00:47:46.049	1.31520				2
2025.11.10	00:47:59.331	1.31519				2
2025.11.10	00:47:59.643	1.31520				2
2025.11.10	00:48:00.257	1.31520				2
2025.11.10	00:48:03.659	1.31521				2
2025.11.10	00:48:05.194	1.31520				2
2025.11.10	00:48:13.515		1.31564			4
2025.11.10	00:48:41.559	1.31519				2
2025.11.10	00:48:42.177	1.31520				2
2025.11.10	00:48:44.954	1.31519				2
2025.11.10	00:48:49.893		1.31563			4
2025.11.10	00:48:57.912		1.31561			4
2025.11.10	00:48:59.765	1.31518				2
2025.11.10	00:49:00.072	1.31518				2
2025.11.10	00:49:25.050		1.31566			4
2025.11.10	00:49:30.905	1.31517				2
2025.11.10	00:49:37.381	1.31518				2
2025.11.10	00:49:40.773	1.31517				2
2025.11.10	00:49:49.705	1.31516				2
2025.11.10	00:49:50.318	1.31517				2
2025.11.10	00:50:00.204	1.31517				2
2025.11.10	00:50:01.743	1.31516				2
2025.11.10	00:50:03.593	1.31517				2
2025.11.10	00:50:04.827	1.31516				2
2025.11.10	00:50:10.994	1.31515				2
2025.11.10	00:50:11.307	1.31517				2
2025.11.10	00:50:11.615	1.31515				2
2025.11.10	00:50:12.230	1.31514				2
2025.11.10	00:50:12.538	1.31511	1.31559			6
2025.11.10	00:50:12.846	1.31514	1.31556			6
2025.11.10	00:50:14.696	1.31513	1.31557			6
2025.11.10	00:50:20.245	1.31514	1.31556			6
2025.11.10	00:50:22.412	1.31515	1.31555			6
2025.11.10	00:50:23.648	1.31516	1.31554			6
2025.11.10	00:50:24.264	1.31515	1.31555			6
2025.11.10	00:50:24.572	1.31514	1.31556			6
2025.11.10	00:50:26.732	1.31515	1.31555			6
2025.11.10	00:50:28.586	1.31517	1.31553			6
2025.11.10	00:50:29.824	1.31516	1.31554			6
2025.11.10	00:50:35.991	1.31515	1.31555			6
2025.11.10	00:50:36.605	1.31516	1.31554			6
2025.11.10	00:50:39.068	1.31517	1.31553			6
2025.11.10	00:50:41.223	1.31516	1.31554			6
2025.11.10	00:50:47.682	1.31517	1.31553			6
2025.11.10	00:50:48.915	1.31516	1.31554			6
2025.11.10	00:51:00.305	1.31516				2
2025.11.10	00:51:02.459	1.31506				2
2025.11.10	00:51:04.604	1.31507	1.31553			6
2025.11.10	00:51:13.251	1.31506	1.31554			6
2025.11.10	00:51:40.085	1.31505	1.31555			6
2025.11.10	00:51:42.559	1.31506	1.31554			6
2025.11.10	00:52:00.136	1.31506				2
2025.11.10	00:52:04.769	1.31505	1.31555			6
2025.11.10	00:52:05.078	1.31506	1.31554			6
2025.11.10	00:52:06.316	1.31507	1.31553			6
2025.11.10	00:52:11.251	1.31506	1.31554			6
2025.11.10	00:52:19.278	1.31505	1.31555			6
2025.11.10	00:52:20.205	1.31506	1.31554			6
2025.11.10	00:52:44.586	1.31516				2
2025.11.10	00:52:48.588	1.31505	1.31551			6
2025.11.10	00:52:50.745	1.31504	1.31553			6
2025.11.10	00:52:51.051	1.31503	1.31554			6
2025.11.10	00:53:00.288	1.31503				2
2025.11.10	00:53:10.497		1.31556			4
2025.11.10	00:53:19.127		1.31554			4
2025.11.10	00:53:22.841		1.31555			4
2025.11.10	00:53:25.932		1.31554			4
2025.11.10	00:53:36.120		1.31553			4
2025.11.10	00:53:40.740		1.31552			4
2025.11.10	00:54:00.275	1.31503				2
2025.11.10	00:54:01.198		1.31553			4
2025.11.10	00:54:12.340		1.31552			4
2025.11.10	00:54:39.782		1.31553			4
2025.11.10	00:54:42.250		1.31552			4
2025.11.10	00:55:00.160	1.31503				2
2025.11.10	00:55:00.471	1.31504	1.31551			6
2025.11.10	00:55:24.288	1.31506	1.31549			6
2025.11.10	00:55:24.600	1.31505	1.31550			6
2025.11.10	00:55:26.444	1.31504	1.31551			6
2025.11.10	00:55:27.057	1.31506	1.31549			6
2025.11.10	00:55:30.438	1.31505	1.31547			6
2025.11.10	00:55:30.759	1.31504	1.31548			6
2025.11.10	00:55:31.379		1.31547			4
2025.11.10	00:55:33.219		1.31548			4
2025.11.10	00:55:45.578		1.31547			4
2025.11.10	00:55:59.790		1.31548			4
2025.11.10	00:56:00.094	1.31504				2
2025.11.10	00:56:03.499	1.31505	1.31547			6
2025.11.10	00:56:04.731	1.31504				2
2025.11.10	00:56:05.652		1.31548			4
2025.11.10	00:56:30.334		1.31547			4
2025.11.10	00:56:32.496		1.31548			4
2025.11.10	00:56:34.339		1.31547			4
2025.11.10	00:56:36.803	1.31506	1.31546			6
2025.11.10	00:56:39.906	1.31505				2
2025.11.10	00:56:42.376	1.31506				2
2025.11.10	00:56:43.607	1.31505				2
2025.11.10	00:56:44.840		1.31547			4
2025.11.10	00:56:51.311	1.31506	1.31545			6
2025.11.10	00:56:51.618	1.31505	1.31546			6
2025.11.10	00:57:00.257	1.31505				2
2025.11.10	00:57:00.875	1.31506				2
2025.11.10	00:57:07.659	1.31505	1.31547			6
2025.11.10	00:57:07.967	1.31506	1.31546			6
2025.11.10	00:57:10.121	1.31505				2
2025.11.10	00:57:15.678	1.31506				2
2025.11.10	00:57:17.840	1.31505	1.31547			6
2025.11.10	00:57:24.319	1.31506	1.31545			6
2025.11.10	00:57:24.628	1.31505	1.31546			6
2025.11.10	00:57:34.360	1.31506				2
2025.11.10	00:57:36.850	1.31505	1.31547			6
2025.11.10	00:57:47.677	1.31506	1.31546			6
2025.11.10	00:57:55.395	1.31507	1.31545			6
2025.11.10	00:57:57.862	1.31506				2
2025.11.10	00:57:58.481		1.31546			4
2025.11.10	00:58:00.037	1.31506				2
2025.11.10	00:58:00.340	1.31505				2
2025.11.10	00:58:01.271		1.31547			4
2025.11.10	00:58:09.308		1.31546			4
2025.11.10	00:58:11.774	1.31506				2
2025.11.10	00:58:12.699		1.31545			4
2025.11.10	00:58:19.477		1.31546			4
2025.11.10	00:58:21.023		1.31545			4
2025.11.10	00:58:25.343	1.31507				2
2025.11.10	00:58:27.185	1.31506	1.31546			6
2025.11.10	00:58:29.647	1.31504	1.31549			6
2025.11.10	00:58:31.506		1.31551			4
2025.11.10	00:58:31.814		1.31548			4
2025.11.10	00:58:32.435		1.31549			4
2025.11.10	00:58:33.359		1.31547			4
2025.11.10	00:58:33.666		1.31551			4
2025.11.10	00:58:34.905		1.31550			4
2025.11.10	00:58:35.824		1.31553			4
2025.11.10	00:58:36.133		1.31552			4
2025.11.10	00:58:36.744		1.31553			4
2025.11.10	00:58:37.674		1.31551			4
2025.11.10	00:58:39.227		1.31552			4
2025.11.10	00:58:40.461		1.31553			4
2025.11.10	00:58:42.928		1.31554			4
2025.11.10	00:58:43.545		1.31556			4
2025.11.10	00:58:45.085		1.31557			4
2025.11.10	00:58:45.702		1.31552			4
2025.11.10	00:58:47.856		1.31550			4
2025.11.10	00:58:49.402		1.31546			4
2025.11.10	00:58:50.325	1.31506	1.31544			6
2025.11.10	00:58:50.633	1.31505	1.31545			6
2025.11.10	00:58:53.107	1.31506	1.31544			6
2025.11.10	00:58:53.419	1.31505	1.31545			6
2025.11.10	00:58:54.040	1.31504	1.31547			6
2025.11.10	00:58:54.964		1.31549			4
2025.11.10	00:58:56.510		1.31550			4
2025.11.10	00:58:59.289		1.31551			4
2025.11.10	00:59:00.215	1.31504				2
2025.11.10	00:59:01.141		1.31549			4
2025.11.10	00:59:02.374		1.31550			4
2025.11.10	00:59:04.219	1.31503				2
2025.11.10	00:59:05.455		1.31551			4
2025.11.10	00:59:06.075		1.31550			4
2025.11.10	00:59:06.378		1.31552			4
2025.11.10	00:59:09.467		1.31553			4
2025.11.10	00:59:10.085		1.31554			4
2025.11.10	00:59:10.699		1.31553			4
2025.11.10	00:59:12.544		1.31555			4
2025.11.10	00:59:13.472		1.31553			4
2025.11.10	00:59:14.702		1.31554			4
2025.11.10	00:59:15.322		1.31549			4
2025.11.10	00:59:16.555		1.31548			4
2025.11.10	00:59:18.103	1.31516	1.31574			6
2025.11.10	00:59:18.411	1.31517				2
2025.11.10	00:59:18.714	1.31516				2
2025.11.10	00:59:20.264	1.31517				2
2025.11.10	00:59:24.577	1.31518				2
2025.11.10	00:59:27.048	1.31516				2
2025.11.10	00:59:27.359	1.31513	1.31569			6
2025.11.10	00:59:27.668	1.31511				2
2025.11.10	00:59:28.584	1.31508				2
2025.11.10	00:59:30.136	1.31509				2
2025.11.10	00:59:31.059	1.31508				2
2025.11.10	00:59:31.982	1.31510				2
2025.11.10	00:59:32.913	1.31511				2
2025.11.10	00:59:33.219	1.31510				2
2025.11.10	00:59:34.145	1.31516				2
2025.11.10	00:59:34.454	1.31510				2
2025.11.10	00:59:35.072		1.31571			4
2025.11.10	00:59:37.229	1.31511				2
2025.11.10	00:59:37.850		1.31568			4
2025.11.10	00:59:40.933	1.31516	1.31569			6
2025.11.10	00:59:41.238	1.31518	1.31572			6
2025.11.10	00:59:43.710	1.31516				2
2025.11.10	00:59:44.634	1.31517				2
2025.11.10	00:59:46.482	1.31516				2
2025.11.10	00:59:47.410	1.31517				2
2025.11.10	00:59:48.033	1.31515				2
2025.11.10	00:59:48.648	1.31512				2
2025.11.10	00:59:49.268	1.31513				2
2025.11.10	00:59:51.423	1.31519	1.31575			6
2025.11.10	00:59:57.303	1.31520				2
2025.11.10	00:59:59.767	1.31519	1.31584			6
2025.11.10	01:00:00.070	1.31516	1.31586			6
2025.11.10	01:00:00.374	1.31499	1.31577			6
2025.11.10	01:00:00.994		1.31575			4
2025.11.10	01:00:01.298		1.31574			4
2025.11.10	01:00:01.600		1.31563			4
2025.11.10	01:00:01.902		1.31562			4
2025.11.10	01:00:02.219		1.31566			4
2025.11.10	01:00:02.521		1.31563			4
2025.11.10	01:00:02.840		1.31564			4
2025.11.10	01:00:03.146	1.31502	1.31565			6
2025.11.10	01:00:03.454	1.31503	1.31566			6
2025.11.10	01:00:03.769	1.31489	1.31568			6
2025.11.10	01:00:04.072	1.31488				2
2025.11.10	01:00:04.389	1.31492				2
2025.11.10	01:00:04.698	1.31496	1.31566			6
2025.11.10	01:00:05.011		1.31568			4
2025.11.10	01:00:05.317	1.31516	1.31561			6
2025.11.10	01:00:05.620	1.31508	1.31573			6
2025.11.10	01:00:05.928	1.31511	1.31571			6
2025.11.10	01:00:06.239	1.31532	1.31573			6
2025.11.10	01:00:06.542	1.31550	1.31557			6
2025.11.10	01:00:07.462	1.31551	1.31558			6
2025.11.10	01:00:07.772	1.31539	1.31574			6
2025.11.10	01:00:08.080	1.31554	1.31561			6
2025.11.10	01:00:08.388	1.31539	1.31566			6
2025.11.10	01:00:08.694		1.31570			4
2025.11.10	01:00:08.997	1.31552	1.31559			6
2025.11.10	01:00:09.304	1.31553	1.31560			6
2025.11.10	01:00:09.606	1.31556	1.31563			6
2025.11.10	01:00:09.909	1.31554	1.31561			6
2025.11.10	01:00:10.222	1.31556	1.31563			6
2025.11.10	01:00:10.526	1.31555	1.31562			6
2025.11.10	01:00:11.134	1.31556	1.31563			6
2025.11.10	01:00:11.436	1.31554	1.31561			6
2025.11.10	01:00:11.749	1.31553	1.31560			6
2025.11.10	01:00:12.059	1.31554	1.31561			6
2025.11.10	01:00:12.682	1.31555	1.31562			6
2025.11.10	01:00:12.989	1.31554	1.31561			6
2025.11.10	01:00:13.293	1.31553	1.31560			6
2025.11.10	01:00:13.600	1.31554	1.31561			6
2025.11.10	01:00:14.211	1.31553	1.31560			6
2025.11.10	01:00:14.823	1.31551	1.31558			6
2025.11.10	01:00:15.125	1.31555	1.31562			6
2025.11.10	01:00:15.427	1.31554	1.31561			6
2025.11.10	01:00:15.731	1.31556	1.31563			6
2025.11.10	01:00:16.343	1.31558	1.31565			6
2025.11.10	01:00:17.268	1.31557	1.31564			6
2025.11.10	01:00:17.571	1.31544	1.31579			6
2025.11.10	01:00:19.102	1.31557	1.31564			6
2025.11.10	01:00:20.026	1.31555	1.31562			6
2025.11.10	01:00:20.960	1.31556	1.31563			6
2025.11.10	01:00:21.263	1.31555	1.31562			6
2025.11.10	01:00:21.569	1.31544	1.31579			6
2025.11.10	01:00:21.876	1.31556	1.31563			6
2025.11.10	01:00:22.184	1.31555	1.31562			6
2025.11.10	01:00:22.802	1.31556	1.31563			6
2025.11.10	01:00:23.105	1.31553	1.31560			6
2025.11.10	01:00:23.409	1.31558	1.31565			6
2025.11.10	01:00:23.711	1.31544	1.31579			6
2025.11.10	01:00:24.024	1.31557	1.31564			6
2025.11.10	01:00:25.258	1.31556	1.31563			6
2025.11.10	01:00:25.875	1.31557	1.31564			6
2025.11.10	01:00:27.102	1.31556	1.31563			6
2025.11.10	01:00:27.709	1.31555	1.31562			6
2025.11.10	01:00:28.325	1.31557	1.31564			6
2025.11.10	01:00:29.259	1.31545	1.31580			6
2025.11.10	01:00:29.882	1.31557	1.31564			6
2025.11.10	01:00:30.187	1.31545	1.31585			6
2025.11.10	01:00:30.488	1.31555	1.31562			6
2025.11.10	01:00:30.796	1.31558	1.31565			6
2025.11.10	01:00:31.103	1.31545	1.31580			6
2025.11.10	01:00:31.412		1.31606			4
2025.11.10	01:00:31.717		1.31584			4
2025.11.10	01:00:32.023		1.31586			4
2025.11.10	01:00:32.626		1.31587			4
2025.11.10	01:00:33.239		1.31583			4
2025.11.10	01:00:33.849		1.31584			4
2025.11.10	01:00:34.156		1.31580			4
2025.11.10	01:00:34.459	1.31547	1.31581			6
2025.11.10	01:00:34.763	1.31545	1.31579			6
2025.11.10	01:00:35.066		1.31585			4
2025.11.10	01:00:35.374		1.31586			4
2025.11.10	01:00:35.681		1.31585			4
2025.11.10	01:00:36.290		1.31583			4
2025.11.10	01:00:36.598	1.31558	1.31565			6
2025.11.10	01:00:36.901	1.31545	1.31586			6
2025.11.10	01:00:37.207		1.31587			4
2025.11.10	01:00:37.514		1.31586			4
2025.11.10	01:00:38.126		1.31583			4
2025.11.10	01:00:39.670		1.31586			4
2025.11.10	01:00:39.972	1.31549	1.31589			6
2025.11.10	01:00:40.294	1.31546				2
2025.11.10	01:00:40.595	1.31548	1.31588			6
2025.11.10	01:00:40.897		1.31590			4
2025.11.10	01:00:41.205	1.31546	1.31589			6
2025.11.10	01:00:41.507	1.31548	1.31591			6
2025.11.10	01:00:42.137	1.31546	1.31589			6
2025.11.10	01:00:42.443		1.31587			4
2025.11.10	01:00:42.751		1.31585			4
2025.11.10	01:00:43.368	1.31563	1.31566			6
2025.11.10	01:00:43.672	1.31553	1.31585			6
2025.11.10	01:00:43.984	1.31551				2
2025.11.10	01:00:44.287	1.31550	1.31583			6
2025.11.10	01:00:44.594		1.31586			4
2025.11.10	01:00:44.908	1.31549	1.31584			6
2025.11.10	01:00:45.217	1.31551	1.31586			6
2025.11.10	01:00:45.520	1.31563	1.31566			6
2025.11.10	01:00:45.827	1.31551	1.31592			6
2025.11.10	01:00:46.135	1.31552				2
2025.11.10	01:00:46.442		1.31593			4
2025.11.10	01:00:46.748	1.31550	1.31592			6
2025.11.10	01:00:47.057		1.31593			4
2025.11.10	01:00:47.371	1.31552				2
2025.11.10	01:00:47.674	1.31551	1.31595			6
2025.11.10	01:00:47.978		1.31597			4
2025.11.10	01:00:48.283		1.31595			4
2025.11.10	01:00:48.591		1.31590			4
2025.11.10	01:00:48.897		1.31589			4
2025.11.10	01:00:49.212		1.31592			4
2025.11.10	01:00:49.526		1.31591			4
2025.11.10	01:00:49.833		1.31592			4
2025.11.10	01:00:50.144	1.31549				2
2025.11.10	01:00:50.454		1.31591			4
2025.11.10	01:00:51.062	1.31553	1.31614			6
2025.11.10	01:00:59.091	1.31549	1.31574			6
2025.11.10	01:00:59.398	1.31530	1.31567			6
2025.11.10	01:00:59.707		1.31572			4
2025.11.10	01:01:00.014	1.31530				2
2025.11.10	01:01:00.321	1.31529	1.31592			6
2025.11.10	01:01:00.637	1.31525	1.31575			6
2025.11.10	01:01:00.945		1.31568			4
2025.11.10	01:01:01.257		1.31564			4
2025.11.10	01:01:04.353		1.31566			4
2025.11.10	01:01:04.973		1.31564			4
2025.11.10	01:01:05.275	1.31536	1.31539			6
2025.11.10	01:01:05.579	1.31506	1.31553			6
2025.11.10	01:01:05.893	1.31511	1.31551			6
2025.11.10	01:01:06.204	1.31507	1.31568			6
2025.11.10	01:01:06.510	1.31509				2
2025.11.10	01:01:07.123		1.31563			4
2025.11.10	01:01:07.428	1.31518	1.31547			6
2025.11.10	01:01:07.733	1.31515	1.31558			6
2025.11.10	01:01:08.047	1.31518	1.31566			6
2025.11.10	01:01:09.272	1.31520	1.31565			6
2025.11.10	01:01:09.579		1.31545			4
2025.11.10	01:01:10.189	1.31515	1.31546			6
2025.11.10	01:01:11.414	1.31516	1.31545			6
2025.11.10	01:01:12.336	1.31517				2
2025.11.10	01:01:12.639	1.31512	1.31546			6
2025.11.10	01:01:12.947	1.31510	1.31547			6
2025.11.10	01:01:13.869	1.31511				2
2025.11.10	01:01:14.793	1.31509	1.31575			6
2025.11.10	01:01:15.100	1.31514	1.31572			6
2025.11.10	01:01:15.403	1.31522	1.31568			6
2025.11.10	01:01:16.020	1.31521	1.31574			6
2025.11.10	01:01:16.632	1.31522	1.31569			6
2025.11.10	01:01:19.400	1.31518	1.31571			6
2025.11.10	01:01:19.703	1.31532	1.31565			6
2025.11.10	01:01:20.007	1.31530	1.31566			6
2025.11.10	01:01:20.312	1.31531	1.31565			6
2025.11.10	01:01:20.621	1.31533				2
2025.11.10	01:01:21.234	1.31524	1.31567			6
2025.11.10	01:01:22.463	1.31517	1.31568			6
2025.11.10	01:01:23.079	1.31532	1.31564			6
2025.11.10	01:01:27.670	1.31527	1.31560			6
2025.11.10	01:01:29.835	1.31515	1.31562			6
2025.11.10	01:01:30.143		1.31561			4
2025.11.10	01:01:30.451	1.31518	1.31559			6
2025.11.10	01:01:30.760	1.31514	1.31561			6
2025.11.10	01:01:31.068		1.31559			4
2025.11.10	01:01:31.370	1.31516				2
2025.11.10	01:01:31.687	1.31518				2
2025.11.10	01:01:31.998	1.31506	1.31555			6
2025.11.10	01:01:32.309	1.31507	1.31553			6
2025.11.10	01:01:32.617	1.31506				2
2025.11.10	01:01:32.920		1.31541			4
2025.11.10	01:01:33.223		1.31579			4
2025.11.10	01:01:34.156		1.31578			4
2025.11.10	01:01:35.697		1.31542			4
2025.11.10	01:01:36.622		1.31541			4
2025.11.10	01:01:37.542	1.31508	1.31542			6
2025.11.10	01:01:38.465	1.31506				2
2025.11.10	01:01:38.771	1.31507				2
2025.11.10	01:01:39.077	1.31508				2
2025.11.10	01:01:40.304	1.31509	1.31541			6
2025.11.10	01:01:40.606	1.31510				2
2025.11.10	01:01:40.907	1.31506	1.31542			6
2025.11.10	01:01:41.226		1.31541			4
2025.11.10	01:01:41.527		1.31542			4
2025.11.10	01:01:41.836		1.31552			4
2025.11.10	01:01:43.059	1.31540	1.31543			6
2025.11.10	01:01:43.364	1.31506	1.31552			6
2025.11.10	01:01:43.680		1.31571			4
2025.11.10	01:01:43.984	1.31517	1.31561			6
2025.11.10	01:01:44.297	1.31523	1.31560			6
2025.11.10	01:01:44.608	1.31519	1.31559			6
2025.11.10	01:01:44.916	1.31523				2
2025.11.10	01:01:45.841	1.31529				2
2025.11.10	01:01:46.147	1.31517	1.31561			6
2025.11.10	01:01:46.452	1.31516				2
2025.11.10	01:01:46.759	1.31519	1.31560			6
2025.11.10	01:01:48.607	1.31522				2
2025.11.10	01:01:54.146		1.31558			4
2025.11.10	01:01:54.758	1.31511	1.31563			6
2025.11.10	01:01:55.072	1.31516	1.31561			6
2025.11.10	01:01:55.379	1.31523	1.31559			6
2025.11.10	01:01:58.145	1.31515	1.31562			6
2025.11.10	01:01:58.457	1.31530	1.31560			6
2025.11.10	01:01:58.767	1.31517	1.31563			6
2025.11.10	01:01:59.087	1.31535	1.31559			6
2025.11.10	01:01:59.393	1.31522	1.31561			6
2025.11.10	01:01:59.699	1.31517	1.31563			6
2025.11.10	01:02:00.012	1.31517				2
2025.11.10	01:02:00.320	1.31518	1.31564			6
2025.11.10	01:02:00.943	1.31516				2
2025.11.10	01:02:01.247		1.31565			4
2025.11.10	01:02:01.563		1.31564			4
2025.11.10	01:02:01.874	1.31513				2
2025.11.10	01:02:02.183	1.31515	1.31562			6
2025.11.10	01:02:04.342	1.31511	1.31563			6
2025.11.10	01:02:04.647	1.31515	1.31561			6
2025.11.10	01:02:05.571	1.31511	1.31562			6
2025.11.10	01:02:06.182		1.31566			4
2025.11.10	01:02:06.797	1.31515				2
2025.11.10	01:02:07.106		1.31565			4
2025.11.10	01:02:07.412	1.31511	1.31566			6
2025.11.10	01:02:07.719		1.31565			4
2025.11.10	01:02:08.025	1.31512	1.31564			6
2025.11.10	01:02:08.947	1.31515				2
2025.11.10	01:02:09.265	1.31511				2
2025.11.10	01:02:09.570	1.31516	1.31563			6
2025.11.10	01:02:10.189	1.31522	1.31562			6
2025.11.10	01:02:10.495	1.31525	1.31561			6
2025.11.10	01:02:10.808	1.31515	1.31563			6
2025.11.10	01:02:11.113	1.31530	1.31561			6
2025.11.10	01:02:11.419		1.31563			4
2025.11.10	01:02:11.724	1.31523	1.31561			6
2025.11.10	01:02:12.035	1.31526				2
2025.11.10	01:02:12.353	1.31528	1.31562			6
2025.11.10	01:02:12.658	1.31530	1.31560			6
2025.11.10	01:02:13.275	1.31518	1.31561			6
2025.11.10	01:02:13.581	1.31526	1.31559			6
2025.11.10	01:02:13.888	1.31525				2
2025.11.10	01:02:14.205	1.31527				2
2025.11.10	01:02:14.821	1.31526				2
2025.11.10	01:02:15.128	1.31528				2
2025.11.10	01:02:15.432	1.31519	1.31560			6
2025.11.10	01:02:15.735	1.31523	1.31559			6
2025.11.10	01:02:16.055		1.31564			4
2025.11.10	01:02:16.370	1.31526	1.31560			6
2025.11.10	01:02:16.673	1.31523	1.31561			6
2025.11.10	01:02:17.291	1.31524	1.31560			6
2025.11.10	01:02:18.535	1.31525	1.31558			6
2025.11.10	01:02:18.840	1.31517	1.31559			6
2025.11.10	01:02:19.147	1.31519				2
2025.11.10	01:02:19.459	1.31512	1.31561			6
2025.11.10	01:02:19.769	1.31518	1.31559			6
2025.11.10	01:02:20.072	1.31519				2
2025.11.10	01:02:20.383	1.31517	1.31552			6
2025.11.10	01:02:20.690	1.31525				2
2025.11.10	01:02:20.993	1.31521	1.31550			6
2025.11.10	01:02:21.607	1.31518	1.31559			6
2025.11.10	01:02:21.921	1.31515	1.31563			6
2025.11.10	01:02:22.236	1.31511	1.31552			6
2025.11.10	01:02:22.851	1.31513	1.31551			6
2025.11.10	01:02:23.466	1.31519	1.31550			6
2025.11.10	01:02:23.777		1.31562			4
2025.11.10	01:02:24.084	1.31514	1.31564			6
2025.11.10	01:02:24.388	1.31516	1.31560			6
2025.11.10	01:02:24.694	1.31514				2
2025.11.10	01:02:25.007	1.31515	1.31559			6
2025.11.10	01:02:25.313	1.31516	1.31560			6
2025.11.10	01:02:25.624	1.31511				2
2025.11.10	01:02:25.929	1.31514	1.31559			6
2025.11.10	01:02:26.232	1.31518	1.31560			6
2025.11.10	01:02:26.536	1.31514	1.31575			6
2025.11.10	01:02:26.851	1.31521	1.31572			6
2025.11.10	01:02:27.157	1.31513	1.31575			6
2025.11.10	01:02:27.771	1.31512	1.31574			6
2025.11.10	01:02:28.383	1.31511				2
2025.11.10	01:02:29.000	1.31508				2
2025.11.10	01:02:29.606	1.31511	1.31560			6
2025.11.10	01:02:29.918	1.31514	1.31559			6
2025.11.10	01:02:30.226	1.31513				2
2025.11.10	01:02:30.540	1.31515	1.31558			6
2025.11.10	01:02:31.464	1.31514				2
2025.11.10	01:02:32.076	1.31515				2
2025.11.10	01:02:32.999	1.31516				2
2025.11.10	01:02:33.314	1.31518				2
2025.11.10	01:02:36.092	1.31519	1.31562			6
2025.11.10	01:02:36.401	1.31517	1.31559			6
2025.11.10	01:02:37.325		1.31558			4
2025.11.10	01:02:38.553	1.31521	1.31563			6
2025.11.10	01:02:39.160	1.31516	1.31564			6
2025.11.10	01:02:39.462	1.31515	1.31561			6
2025.11.10	01:02:39.770	1.31513	1.31562			6
2025.11.10	01:02:40.077	1.31511	1.31563			6
2025.11.10	01:02:40.391	1.31518	1.31561			6
2025.11.10	01:02:41.624	1.31512	1.31562			6
2025.11.10	01:02:41.929	1.31517	1.31561			6
2025.11.10	01:02:43.168	1.31519				2
2025.11.10	01:02:45.017	1.31517	1.31559			6
2025.11.10	01:02:45.323	1.31512	1.31561			6
2025.11.10	01:02:45.627	1.31515	1.31559			6
2025.11.10	01:02:45.937	1.31512	1.31560			6
2025.11.10	01:02:46.241	1.31520	1.31559			6
2025.11.10	01:02:46.545	1.31522				2
2025.11.10	01:02:46.856	1.31520				2
2025.11.10	01:02:47.473	1.31518				2
2025.11.10	01:02:48.093	1.31519				2
2025.11.10	01:02:49.016	1.31518				2
2025.11.10	01:02:49.320	1.31517				2
2025.11.10	01:02:49.630	1.31522	1.31558			6
2025.11.10	01:02:49.936	1.31515	1.31559			6
2025.11.10	01:02:50.238	1.31517				2
2025.11.10	01:02:50.862	1.31518	1.31558			6
2025.11.10	01:02:51.781	1.31511	1.31560			6
2025.11.10	01:02:52.091	1.31518	1.31559			6
2025.11.10	01:02:52.400	1.31519	1.31558			6
2025.11.10	01:02:53.320	1.31514	1.31559			6
2025.11.10	01:02:53.626	1.31517	1.31558			6
2025.11.10	01:02:53.932	1.31519				2
2025.11.10	01:02:54.857	1.31513	1.31559			6
2025.11.10	01:02:55.170	1.31514				2
2025.11.10	01:02:55.472	1.31513				2
2025.11.10	01:02:55.784	1.31517	1.31558			6
2025.11.10	01:02:56.094	1.31511	1.31559			6
2025.11.10	01:02:57.337	1.31514				2
2025.11.10	01:02:57.946	1.31515				2
2025.11.10	01:02:58.249	1.31516	1.31558			6
2025.11.10	01:02:58.562	1.31511	1.31560			6
2025.11.10	01:02:58.868	1.31512	1.31559			6
2025.11.10	01:02:59.181	1.31514	1.31558			6
2025.11.10	01:02:59.487	1.31512	1.31559			6
2025.11.10	01:02:59.791	1.31513	1.31560			6
2025.11.10	01:03:00.106	1.31513				2
2025.11.10	01:03:01.327	1.31514	1.31559			6
2025.11.10	01:03:01.630	1.31510	1.31560			6
2025.11.10	01:03:02.243	1.31514	1.31559			6
2025.11.10	01:03:02.856	1.31513				2
2025.11.10	01:03:03.163	1.31515				2
2025.11.10	01:03:03.467	1.31512	1.31560			6
2025.11.10	01:03:03.781	1.31517	1.31559			6
2025.11.10	01:03:04.085	1.31509	1.31560			6
2025.11.10	01:03:04.390		1.31561			4
2025.11.10	01:03:04.700	1.31511	1.31559			6
2025.11.10	01:03:05.008	1.31510	1.31560			6
2025.11.10	01:03:05.314	1.31513				2
2025.11.10	01:03:05.616	1.31512	1.31559			6
2025.11.10	01:03:05.933	1.31510	1.31560			6
2025.11.10	01:03:06.238	1.31511	1.31559			6
2025.11.10	01:03:06.858	1.31512	1.31560			6
2025.11.10	01:03:07.478	1.31514				2
2025.11.10	01:03:08.086	1.31510	1.31572			6
2025.11.10	01:03:08.388	1.31514	1.31564			6
2025.11.10	01:03:08.709	1.31516	1.31563			6
2025.11.10	01:03:09.319	1.31519	1.31561			6
2025.11.10	01:03:09.632		1.31562			4
2025.11.10	01:03:09.940	1.31522				2
2025.11.10	01:03:10.246	1.31523	1.31561			6
2025.11.10	01:03:10.548	1.31524				2
2025.11.10	01:03:10.856	1.31523				2
2025.11.10	01:03:11.170	1.31514				2
2025.11.10	01:03:11.476	1.31511				2
2025.11.10	01:03:11.779	1.31517	1.31560			6
2025.11.10	01:03:12.092	1.31519	1.31561			6
2025.11.10	01:03:12.399	1.31521				2
2025.11.10	01:03:12.705	1.31517				2
2025.11.10	01:03:13.008	1.31520				2
2025.11.10	01:03:13.624	1.31511				2
2025.11.10	01:03:14.239	1.31520	1.31559			6
2025.11.10	01:03:14.550	1.31518	1.31562			6
2025.11.10	01:03:14.859	1.31519				2
2025.11.10	01:03:15.167	1.31509	1.31563			6
2025.11.10	01:03:15.472	1.31510	1.31553			6
2025.11.10	01:03:16.097	1.31513	1.31552			6
2025.11.10	01:03:16.407	1.31511				2
2025.11.10	01:03:16.715	1.31512				2
2025.11.10	01:03:17.638	1.31513	1.31551			6
2025.11.10	01:03:17.950	1.31510	1.31552			6
2025.11.10	01:03:18.256	1.31512	1.31551			6
2025.11.10	01:03:18.563	1.31510	1.31552			6
2025.11.10	01:03:18.877		1.31551			4
2025.11.10	01:03:21.651	1.31511				2
2025.11.10	01:03:21.959	1.31510	1.31553			6
2025.11.10	01:03:22.272	1.31512	1.31552			6
2025.11.10	01:03:22.576	1.31511				2
2025.11.10	01:03:22.887	1.31512	1.31550			6
2025.11.10	01:03:23.195	1.31511	1.31551			6
2025.11.10	01:03:24.121	1.31508	1.31552			6
2025.11.10	01:03:25.044		1.31551			4
2025.11.10	01:03:26.284		1.31559			4
2025.11.10	01:03:26.591	1.31510				2
2025.11.10	01:03:26.892	1.31508	1.31564			6
2025.11.10	01:03:27.200	1.31520	1.31560			6
2025.11.10	01:03:27.512	1.31522				2
2025.11.10	01:03:27.829	1.31517	1.31561			6
2025.11.10	01:03:28.136	1.31521	1.31560			6
2025.11.10	01:03:28.439	1.31522	1.31562			6
2025.11.10	01:03:28.750	1.31523				2
2025.11.10	01:03:29.057	1.31524	1.31561			6
2025.11.10	01:03:29.368	1.31512	1.31564			6
2025.11.10	01:03:29.677	1.31511	1.31563			6
2025.11.10	01:03:30.905	1.31515	1.31560			6
2025.11.10	01:03:31.220	1.31522	1.31561			6
2025.11.10	01:03:31.526	1.31529	1.31560			6
2025.11.10	01:03:31.829	1.31521	1.31561			6
2025.11.10	01:03:32.138	1.31513				2
2025.11.10	01:03:32.760		1.31562			4
2025.11.10	01:03:33.368	1.31514				2
2025.11.10	01:03:33.673	1.31523	1.31560			6
2025.11.10	01:03:33.979	1.31524				2
2025.11.10	01:03:34.293	1.31528				2
2025.11.10	01:03:35.211	1.31516	1.31563			6
2025.11.10	01:03:35.516	1.31526	1.31561			6
2025.11.10	01:03:35.823		1.31562			4
2025.11.10	01:03:36.126	1.31523	1.31561			6
2025.11.10	01:03:37.050	1.31526				2
2025.11.10	01:03:37.360	1.31515	1.31563			6
2025.11.10	01:03:38.286	1.31514				2
2025.11.10	01:03:38.592	1.31516	1.31561			6
2025.11.10	01:03:40.438		1.31563			4
2025.11.10	01:03:40.740	1.31517				2
2025.11.10	01:03:41.042	1.31514	1.31564			6
2025.11.10	01:03:41.354	1.31515				2
2025.11.10	01:03:42.278	1.31528	1.31561			6
2025.11.10	01:03:42.580	1.31527	1.31560			6
2025.11.10	01:03:42.884	1.31539	1.31571			6
2025.11.10	01:03:43.800		1.31569			4
2025.11.10	01:03:50.257	1.31554	1.31557			6
2025.11.10	01:03:50.561	1.31515	1.31559			6
2025.11.10	01:03:50.865	1.31522	1.31558			6
2025.11.10	01:03:52.406	1.31526				2
2025.11.10	01:03:52.712	1.31520				2
2025.11.10	01:03:53.326	1.31524				2
2025.11.10	01:03:53.628	1.31522				2
2025.11.10	01:03:53.945	1.31525				2
2025.11.10	01:03:54.868	1.31522	1.31557			6
2025.11.10	01:03:55.173	1.31515	1.31559			6
2025.11.10	01:03:55.477	1.31521	1.31556			6
2025.11.10	01:03:55.794	1.31520	1.31557			6
2025.11.10	01:03:56.719	1.31514	1.31559			6
2025.11.10	01:03:57.337	1.31521	1.31551			6
2025.11.10	01:03:57.639	1.31510	1.31541			6
2025.11.10	01:04:00.101	1.31510				2
2025.11.10	01:04:00.403		1.31540			4
2025.11.10	01:04:00.712	1.31505	1.31557			6
2025.11.10	01:04:01.013	1.31507	1.31558			6
2025.11.10	01:04:01.333	1.31515	1.31557			6
2025.11.10	01:04:02.879	1.31507	1.31559			6
2025.11.10	01:04:03.185	1.31516	1.31556			6
2025.11.10	01:04:03.492	1.31518				2
2025.11.10	01:04:04.725	1.31516				2
2025.11.10	01:04:05.041	1.31520				2
2025.11.10	01:04:05.345	1.31513	1.31547			6
2025.11.10	01:04:05.650	1.31515	1.31538			6
2025.11.10	01:04:05.963	1.31516				2
2025.11.10	01:04:06.586	1.31517				2
2025.11.10	01:04:09.962		1.31537			4
2025.11.10	01:04:13.631		1.31546			4
2025.11.10	01:04:14.551		1.31537			4
2025.11.10	01:04:15.163		1.31538			4
2025.11.10	01:04:17.307	1.31515	1.31536			6
2025.11.10	01:04:17.930	1.31517				2
2025.11.10	01:04:19.471		1.31535			4
2025.11.10	01:04:22.239	1.31515				2
2025.11.10	01:04:22.543		1.31534			4
2025.11.10	01:04:23.473		1.31533			4
2025.11.10	01:04:23.778		1.31534			4
2025.11.10	01:04:28.714		1.31535			4
2025.11.10	01:04:29.955	1.31526	1.31529			6
2025.11.10	01:04:31.178	1.31521	1.31522			6
2025.11.10	01:04:31.794	1.31516	1.31517			6
2025.11.10	01:04:32.709	1.31514	1.31515			6
2025.11.10	01:04:36.374	1.31515	1.31518			6
2025.11.10	01:04:39.438	1.31514	1.31517			6
2025.11.10	01:04:40.053	1.31525	1.31528			6
2025.11.10	01:04:40.358	1.31511	1.31533			6
2025.11.10	01:04:40.675		1.31532			4
2025.11.10	01:04:41.296		1.31531			4
2025.11.10	01:04:42.211		1.31530			4
2025.11.10	01:04:42.823		1.31532			4
2025.11.10	01:04:43.131	1.31525	1.31528			6
2025.11.10	01:04:44.352	1.31511	1.31533			6
2025.11.10	01:04:45.590		1.31532			4
2025.11.10	01:04:46.806		1.31533			4
2025.11.10	01:04:49.263		1.31532			4
2025.11.10	01:04:49.869	1.31506	1.31530			6
2025.11.10	01:04:50.176		1.31529			4
2025.11.10	01:04:52.963	1.31507	1.31533			6
2025.11.10	01:04:53.265	1.31510	1.31534			6
2025.11.10	01:04:53.574	1.31511				2
2025.11.10	01:04:54.505	1.31513				2
2025.11.10	01:05:00.056	1.31513				2
2025.11.10	01:05:05.330		1.31533			4
2025.11.10	01:05:11.181	1.31507	1.31530			6
2025.11.10	01:05:11.490		1.31533			4
2025.11.10	01:05:11.799	1.31510				2
2025.11.10	01:05:12.103	1.31512				2
2025.11.10	01:05:12.418	1.31508				2
2025.11.10	01:05:12.727	1.31511				2
2025.11.10	01:05:13.037	1.31508	1.31529			6
2025.11.10	01:05:25.039	1.31504	1.31524			6
2025.11.10	01:05:26.573	1.31513	1.31516			6
2025.11.10	01:05:26.878	1.31504	1.31524			6
2025.11.10	01:05:29.343	1.31502	1.31521			6
2025.11.10	01:05:29.648		1.31519			4
2025.11.10	01:05:29.958		1.31520			4
2025.11.10	01:05:31.193	1.31509	1.31512			6
2025.11.10	01:05:31.496	1.31502	1.31519			6
2025.11.10	01:05:32.738		1.31520			4
2025.11.10	01:05:35.810	1.31504				2
2025.11.10	01:05:36.428	1.31502	1.31516			6
2025.11.10	01:05:37.657	1.31474	1.31520			6
2025.11.10	01:05:37.959	1.31475				2
2025.11.10	01:05:38.879	1.31474	1.31498			6
2025.11.10	01:05:39.188		1.31494			4
2025.11.10	01:05:39.494		1.31493			4
2025.11.10	01:05:39.802	1.31473				2
2025.11.10	01:05:41.047		1.31498			4
2025.11.10	01:05:42.276	1.31474				2
2025.11.10	01:05:42.897	1.31475				2
2025.11.10	01:05:43.205	1.31474				2
2025.11.10	01:05:43.513	1.31473	1.31497			6
2025.11.10	01:05:48.756	1.31468				2
2025.11.10	01:05:49.064	1.31471				2
2025.11.10	01:05:49.692		1.31498			4
2025.11.10	01:05:50.307		1.31497			4
2025.11.10	01:05:51.545		1.31498			4
2025.11.10	01:05:51.851		1.31497			4
2025.11.10	01:05:54.016	1.31474				2
2025.11.10	01:05:56.481		1.31498			4
2025.11.10	01:05:57.088	1.31477	1.31501			6
2025.11.10	01:05:57.722	1.31480				2
2025.11.10	01:06:00.189	1.31480				2
2025.11.10	01:06:02.650		1.31502			4
2025.11.10	01:06:03.270		1.31501			4
2025.11.10	01:06:13.470		1.31502			4
2025.11.10	01:06:16.235		1.31501			4
2025.11.10	01:06:22.737		1.31502			4
2025.11.10	01:06:23.664	1.31482				2
2025.11.10	01:06:27.075	1.31478				2
2025.11.10	01:06:28.002	1.31482				2
2025.11.10	01:06:43.456		1.31501			4
2025.11.10	01:06:51.520		1.31502			4
2025.11.10	01:06:51.828		1.31501			4
2025.11.10	01:06:58.925		1.31502			4
2025.11.10	01:06:59.237	1.31483				2
2025.11.10	01:07:00.167	1.31487	1.31522			6
2025.11.10	01:07:00.477	1.31486				2
2025.11.10	01:07:00.783	1.31487				2
2025.11.10	01:07:02.629	1.31490				2
2025.11.10	01:07:06.338	1.31489	1.31512			6
2025.11.10	01:07:08.809		1.31518			4
2025.11.10	01:07:09.424	1.31496	1.31512			6
2025.11.10	01:07:09.735		1.31511			4
2025.11.10	01:07:12.193	1.31497				2
2025.11.10	01:07:12.501	1.31496	1.31510			6
2025.11.10	01:07:13.432		1.31511			4
2025.11.10	01:07:14.661	1.31497				2
2025.11.10	01:07:15.274	1.31496				2
2025.11.10	01:07:16.197	1.31497				2
2025.11.10	01:07:16.806	1.31496				2
2025.11.10	01:07:21.425		1.31513			4
2025.11.10	01:07:26.061	1.31497				2
2025.11.10	01:07:27.604		1.31512			4
2025.11.10	01:07:28.843		1.31513			4
2025.11.10	01:07:32.863		1.31512			4
2025.11.10	01:07:33.169		1.31513			4
2025.11.10	01:07:49.872		1.31511			4
2025.11.10	01:08:00.064	1.31497				2
2025.11.10	01:08:23.518	1.31496	1.31510			6
2025.11.10	01:08:24.139	1.31501	1.31504			6
2025.11.10	01:08:28.105	1.31496	1.31510			6
2025.11.10	01:08:29.336		1.31511			4
2025.11.10	01:08:29.651	1.31501	1.31504			6
2025.11.10	01:08:29.954	1.31500	1.31503			6
2025.11.10	01:08:30.573	1.31502	1.31505			6
2025.11.10	01:08:33.640	1.31503	1.31506			6
2025.11.10	01:08:34.868	1.31502	1.31505			6
2025.11.10	01:08:38.848	1.31504	1.31507			6
2025.11.10	01:08:39.154	1.31503	1.31506			6
2025.11.10	01:08:40.687	1.31489	1.31504			6
2025.11.10	01:08:41.001		1.31497			4
2025.11.10	01:08:41.924	1.31492	1.31495			6
2025.11.10	01:08:49.889	1.31490	1.31501			6
2025.11.10	01:08:55.758	1.31494	1.31497			6
2025.11.10	01:08:58.819	1.31496	1.31499			6
2025.11.10	01:09:00.043	1.31496				2
2025.11.10	01:09:00.665	1.31495	1.31498			6
2025.11.10	01:09:01.579	1.31496	1.31499			6
2025.11.10	01:09:02.196	1.31494	1.31497			6
2025.11.10	01:09:02.502	1.31495	1.31498			6
2025.11.10	01:09:02.808	1.31496	1.31499			6
2025.11.10	01:09:07.723	1.31495	1.31498			6
2025.11.10	01:09:08.937	1.31496	1.31499			6
2025.11.10	01:09:09.241	1.31495	1.31498			6
2025.11.10	01:09:11.393	1.31493	1.31496			6
2025.11.10	01:09:11.696	1.31485	1.31499			6
2025.11.10	01:09:12.014	1.31486	1.31498			6
2025.11.10	01:09:12.323	1.31492	1.31495			6
2025.11.10	01:09:12.630	1.31489	1.31492			6
2025.11.10	01:09:12.938	1.31483	1.31494			6
2025.11.10	01:09:13.560	1.31487	1.31490			6
2025.11.10	01:09:14.484	1.31471	1.31485			6
2025.11.10	01:09:14.792	1.31475	1.31478			6
2025.11.10	01:09:15.104	1.31469	1.31480			6
2025.11.10	01:09:15.423	1.31468				2
2025.11.10	01:09:15.728	1.31467				2
2025.11.10	01:09:16.038	1.31472	1.31475			6
2025.11.10	01:09:17.573	1.31471	1.31474			6
2025.11.10	01:09:24.325	1.31472	1.31475			6
2025.11.10	01:09:35.680	1.31474	1.31477			6
2025.11.10	01:09:36.291	1.31475	1.31478			6
2025.11.10	01:09:37.216	1.31474	1.31477			6
2025.11.10	01:09:37.521	1.31475	1.31478			6
2025.11.10	01:09:39.952	1.31474	1.31477			6
2025.11.10	01:09:46.078	1.31472	1.31475			6
2025.11.10	01:09:48.826	1.31462	1.31493			6
2025.11.10	01:09:49.134	1.31467	1.31494			6
2025.11.10	01:09:49.438	1.31478	1.31481			6
2025.11.10	01:09:49.751	1.31479	1.31482			6
2025.11.10	01:09:50.054	1.31480	1.31483			6
2025.11.10	01:09:50.357	1.31473	1.31498			6
2025.11.10	01:09:50.664	1.31480	1.31483			6
2025.11.10	01:09:50.970	1.31481	1.31484			6
2025.11.10	01:09:51.283	1.31474	1.31499			6
2025.11.10	01:09:52.213		1.31500			4
2025.11.10	01:09:52.520		1.31502			4
2025.11.10	01:09:52.827		1.31501			4
2025.11.10	01:09:53.137		1.31503			4
2025.11.10	01:09:57.790	1.31477	1.31501			6
2025.11.10	01:09:58.411	1.31474	1.31502			6
2025.11.10	01:10:00.265	1.31474				2
2025.11.10	01:10:03.049	1.31469	1.31504			6
2025.11.10	01:10:04.595	1.31471				2
2025.11.10	01:10:04.902	1.31469				2
2025.11.10	01:10:07.676	1.31475	1.31501			6
2025.11.10	01:10:09.225	1.31474				2
2025.11.10	01:10:11.075	1.31468	1.31502			6
2025.11.10	01:10:12.305	1.31470	1.31508			6
2025.11.10	01:10:12.616	1.31476	1.31505			6
2025.11.10	01:10:12.924	1.31473	1.31503			6
2025.11.10	01:10:13.862		1.31507			4
2025.11.10	01:10:14.170		1.31516			4
2025.11.10	01:10:14.793	1.31474	1.31505			6
2025.11.10	01:10:15.108	1.31473	1.31515			6
2025.11.10	01:10:15.416	1.31474	1.31516			6
2025.11.10	01:10:16.036	1.31475	1.31506			6
2025.11.10	01:10:16.967	1.31477	1.31505			6
2025.11.10	01:10:17.275		1.31516			4
2025.11.10	01:10:17.580		1.31514			4
2025.11.10	01:10:18.201		1.31516			4
2025.11.10	01:10:18.507	1.31469	1.31510			6
2025.11.10	01:10:19.126		1.31500			4
2025.11.10	01:10:20.365		1.31508			4
2025.11.10	01:10:20.669		1.31510			4
2025.11.10	01:10:20.974		1.31501			4
2025.11.10	01:10:23.446	1.31470				2
2025.11.10	01:10:25.930	1.31469				2
2025.11.10	01:10:28.081	1.31470	1.31500			6
2025.11.10	01:10:28.383		1.31498			4
2025.11.10	01:10:29.000		1.31499			4
2025.11.10	01:10:29.323		1.31497			4
2025.11.10	01:10:29.633		1.31499			4
2025.11.10	01:10:29.945	1.31471				2
2025.11.10	01:10:30.253		1.31501			4
2025.11.10	01:10:30.560		1.31502			4
2025.11.10	01:10:30.869	1.31466	1.31500			6
2025.11.10	01:10:31.177	1.31471	1.31502			6
2025.11.10	01:10:32.412		1.31501			4
2025.11.10	01:10:32.721		1.31500			4
2025.11.10	01:10:33.028		1.31502			4
2025.11.10	01:10:33.330	1.31478	1.31504			6
2025.11.10	01:10:33.645	1.31476				2
2025.11.10	01:10:35.500		1.31503			4
2025.11.10	01:10:37.376		1.31504			4
2025.11.10	01:10:38.919	1.31480	1.31513			6
2025.11.10	01:10:39.223	1.31481	1.31514			6
2025.11.10	01:10:40.753		1.31515			4
2025.11.10	01:10:41.057		1.31514			4
2025.11.10	01:10:41.369		1.31515			4
2025.11.10	01:10:41.675	1.31465	1.31517			6
2025.11.10	01:10:41.982	1.31467	1.31515			6
2025.11.10	01:10:42.285	1.31470	1.31511			6
2025.11.10	01:10:42.602	1.31462	1.31510			6
2025.11.10	01:10:42.904	1.31461	1.31515			6
2025.11.10	01:10:43.205	1.31466	1.31509			6
2025.11.10	01:10:43.817	1.31469	1.31517			6
2025.11.10	01:10:44.130	1.31467	1.31516			6
2025.11.10	01:10:44.751		1.31511			4
2025.11.10	01:10:47.857	1.31468	1.31508			6
2025.11.10	01:10:48.164	1.31467	1.31510			6
2025.11.10	01:10:48.783		1.31509			4
2025.11.10	01:10:49.085		1.31507			4
2025.11.10	01:10:49.405	1.31468	1.31506			6
2025.11.10	01:10:50.023	1.31467	1.31507			6
2025.11.10	01:10:50.330	1.31468				2
2025.11.10	01:10:58.656	1.31457	1.31509			6
2025.11.10	01:10:58.966	1.31454	1.31508			6
2025.11.10	01:10:59.271	1.31463	1.31509			6
2025.11.10	01:10:59.579	1.31454	1.31508			6
2025.11.10	01:10:59.889	1.31462	1.31514			6
2025.11.10	01:11:00.195	1.31459	1.31513			6
2025.11.10	01:11:00.501	1.31468				2
2025.11.10	01:11:01.121		1.31497			4
2025.11.10	01:11:01.742	1.31470	1.31494			6
2025.11.10	01:11:03.891		1.31492			4
2025.11.10	01:11:06.375	1.31472				2
2025.11.10	01:11:09.768	1.31467	1.31495			6
2025.11.10	01:11:10.080	1.31474				2
2025.11.10	01:11:10.699	1.31476				2
2025.11.10	01:11:13.167	1.31475				2
2025.11.10	01:11:13.469	1.31473				2
2025.11.10	01:11:16.568	1.31475				2
2025.11.10	01:11:18.761	1.31472	1.31521			6
2025.11.10	01:11:19.065	1.31474	1.31518			6
2025.11.10	01:11:19.371	1.31479	1.31519			6
2025.11.10	01:11:19.689		1.31517			4
2025.11.10	01:11:19.992	1.31478				2
2025.11.10	01:11:20.294	1.31479				2
2025.11.10	01:11:20.913	1.31480	1.31516			6
2025.11.10	01:11:21.230	1.31470	1.31517			6
2025.11.10	01:11:21.537		1.31519			4
2025.11.10	01:11:21.841	1.31477				2
2025.11.10	01:11:22.145	1.31470	1.31517			6
2025.11.10	01:11:22.454	1.31477				2
2025.11.10	01:11:22.761		1.31514			4
2025.11.10	01:11:23.073	1.31478				2
2025.11.10	01:11:23.374	1.31477				2
2025.11.10	01:11:24.619	1.31478				2
2025.11.10	01:11:28.011	1.31465	1.31507			6
2025.11.10	01:11:28.321	1.31466				2
2025.11.10	01:11:29.247		1.31508			4
2025.11.10	01:11:29.567	1.31472	1.31506			6
2025.11.10	01:11:30.479	1.31473				2
2025.11.10	01:11:43.168	1.31474				2
2025.11.10	01:11:44.094	1.31473	1.31504			6
2025.11.10	01:11:45.340	1.31474				2
2025.11.10	01:11:45.966	1.31473	1.31505			6
2025.11.10	01:11:46.274	1.31474	1.31504			6
2025.11.10	01:11:47.202	1.31475				2
2025.11.10	01:11:48.123	1.31477	1.31502			6
2025.11.10	01:11:49.056	1.31476	1.31504			6
2025.11.10	01:11:49.359	1.31472				2
2025.11.10	01:11:50.292	1.31473	1.31503			6
2025.11.10	01:11:58.315	1.31474	1.31504			6
2025.11.10	01:12:00.167	1.31474				2
2025.11.10	01:12:01.711		1.31502			4
2025.11.10	01:12:02.017		1.31503			4
2025.11.10	01:12:03.251	1.31473	1.31504			6
2025.11.10	01:12:10.641	1.31469	1.31505			6
2025.11.10	01:12:10.946	1.31472	1.31503			6
2025.11.10	01:12:25.459	1.31474				2
2025.11.10	01:12:30.415	1.31472	1.31504			6
2025.11.10	01:12:33.201		1.31502			4
2025.11.10	01:12:38.459	1.31473	1.31505			6
2025.11.10	01:12:39.692	1.31471	1.31498			6
2025.11.10	01:12:42.494		1.31497			4
2025.11.10	01:12:42.800	1.31472				2
2025.11.10	01:12:44.340		1.31498			4
2025.11.10	01:12:54.941		1.31500			4
2025.11.10	01:12:55.864	1.31474				2
2025.11.10	01:12:56.791	1.31464	1.31499			6
2025.11.10	01:12:57.105	1.31470	1.31497			6
2025.11.10	01:12:59.875	1.31471				2
2025.11.10	01:13:00.182	1.31470				2
2025.11.10	01:13:05.141	1.31472	1.31498			6
2025.11.10	01:13:05.758	1.31471				2
2025.11.10	01:13:06.999	1.31474				2
2025.11.10	01:13:07.613		1.31500			4
2025.11.10	01:13:07.918	1.31472				2
2025.11.10	01:13:08.225	1.31475				2
2025.11.10	01:13:09.766	1.31471	1.31499			6
2025.11.10	01:13:10.077	1.31464	1.31495			6
2025.11.10	01:13:10.698	1.31467	1.31490			6
2025.11.10	01:13:11.001	1.31464				2
2025.11.10	01:13:11.313		1.31488			4
2025.11.10	01:13:11.619	1.31465				2
2025.11.10	01:13:15.930	1.31466				2
2025.11.10	01:13:19.936	1.31464				2
2025.11.10	01:13:20.240	1.31466				2
2025.11.10	01:13:20.860	1.31464				2
2025.11.10	01:13:22.097	1.31465				2
2025.11.10	01:13:31.064	1.31464				2
2025.11.10	01:13:31.680	1.31466				2
2025.11.10	01:13:32.607	1.31467				2
2025.11.10	01:13:32.919		1.31489			4
2025.11.10	01:13:36.006		1.31490			4
2025.11.10	01:13:36.625	1.31466	1.31493			6
2025.11.10	01:13:36.936	1.31467				2
2025.11.10	01:13:38.806	1.31466				2
2025.11.10	01:13:43.442	1.31464	1.31498			6
2025.11.10	01:13:43.747	1.31471	1.31499			6
2025.11.10	01:13:48.060	1.31472				2
2025.11.10	01:13:57.343		1.31497			4
2025.11.10	01:13:58.263		1.31499			4
2025.11.10	01:14:00.118	1.31472				2
2025.11.10	01:14:01.676		1.31502			4
2025.11.10	01:14:01.982		1.31499			4
2025.11.10	01:14:02.303		1.31501			4
2025.11.10	01:14:02.611		1.31503			4
2025.11.10	01:14:02.925		1.31505			4
2025.11.10	01:14:03.230	1.31480				2
2025.11.10	01:14:03.544		1.31503			4
2025.11.10	01:14:04.172	1.31471	1.31501			6
2025.11.10	01:14:04.472		1.31502			4
2025.11.10	01:14:04.776	1.31472				2
2025.11.10	01:14:07.267	1.31473				2
2025.11.10	01:14:07.574	1.31472				2
2025.11.10	01:14:07.880		1.31501			4
2025.11.10	01:14:08.821	1.31471				2
2025.11.10	01:14:10.679	1.31472				2
2025.11.10	01:14:10.986	1.31473				2
2025.11.10	01:14:13.754	1.31472				2
2025.11.10	01:14:14.070	1.31474				2
2025.11.10	01:14:14.685	1.31472				2
2025.11.10	01:14:16.843	1.31473	1.31498			6
2025.11.10	01:14:18.697	1.31472				2
2025.11.10	01:14:22.130	1.31473				2
2025.11.10	01:14:32.351	1.31474				2
2025.11.10	01:14:32.963	1.31473	1.31499			6
2025.11.10	01:14:33.280	1.31475				2
2025.11.10	01:14:34.524	1.31472				2
2025.11.10	01:14:35.449	1.31475				2
2025.11.10	01:14:36.993	1.31473				2
2025.11.10	01:14:37.913	1.31475				2
2025.11.10	01:14:42.218	1.31478	1.31505			6
2025.11.10	01:14:42.523	1.31480	1.31501			6
2025.11.10	01:14:45.311	1.31481				2
2025.11.10	01:14:46.843	1.31474	1.31498			6
2025.11.10	01:14:47.153	1.31476	1.31497			6
2025.11.10	01:14:47.463		1.31498			4
2025.11.10	01:14:49.316	1.31477				2
2025.11.10	01:14:52.424	1.31474	1.31499			6
2025.11.10	01:14:53.051	1.31475				2
2025.11.10	01:14:53.364		1.31498			4
2025.11.10	01:14:53.670		1.31497			4
2025.11.10	01:14:55.837	1.31474	1.31501			6
2025.11.10	01:14:56.154	1.31477				2
2025.11.10	01:14:56.466	1.31475				2
2025.11.10	01:14:56.772		1.31499			4
2025.11.10	01:14:57.392	1.31477				2
2025.11.10	01:14:58.319		1.31498			4
2025.11.10	01:14:58.630		1.31499			4
2025.11.10	01:14:59.561	1.31474	1.31498			6
2025.11.10	01:14:59.866		1.31497			4
2025.11.10	01:15:00.186	1.31474				2
2025.11.10	01:15:00.809	1.31475	1.31496			6
2025.11.10	01:15:01.116	1.31477	1.31494			6
2025.11.10	01:15:01.422	1.31475	1.31497			6
2025.11.10	01:15:01.725	1.31473	1.31496			6
2025.11.10	01:15:02.046	1.31475				2
2025.11.10	01:15:03.588	1.31476	1.31495			6
2025.11.10	01:15:03.894	1.31473	1.31496			6
2025.11.10	01:15:04.203	1.31474				2
2025.11.10	01:15:04.516	1.31476				2
2025.11.10	01:15:05.759	1.31483	1.31495			6
2025.11.10	01:15:06.062	1.31488	1.31491			6
2025.11.10	01:15:13.422	1.31480				2
2025.11.10	01:15:14.650		1.31490			4
2025.11.10	01:15:15.274		1.31491			4
2025.11.10	01:15:15.888		1.31490			4
2025.11.10	01:15:16.814	1.31488	1.31491			6
2025.11.10	01:15:17.116	1.31487	1.31490			6
2025.11.10	01:15:18.341	1.31489	1.31492			6
2025.11.10	01:15:20.182	1.31494	1.31497			6
2025.11.10	01:15:20.487	1.31492	1.31495			6
2025.11.10	01:15:26.313	1.31491	1.31494			6
2025.11.10	01:15:32.137	1.31492	1.31495			6
2025.11.10	01:15:39.799	1.31491	1.31494			6
2025.11.10	01:15:40.103	1.31490	1.31493			6
2025.11.10	01:15:40.406	1.31491	1.31494			6
2025.11.10	01:15:43.154	1.31490	1.31493			6
2025.11.10	01:15:47.730	1.31486	1.31489			6
2025.11.10	01:15:48.037	1.31484	1.31487			6
2025.11.10	01:15:48.344	1.31483	1.31486			6
2025.11.10	01:15:48.951	1.31482	1.31485			6
2025.11.10	01:15:54.455	1.31481	1.31484			6
2025.11.10	01:15:54.763	1.31483	1.31486			6
2025.11.10	01:15:55.068	1.31480	1.31483			6
2025.11.10	01:15:56.600	1.31479	1.31482			6
2025.11.10	01:16:00.266	1.31479				2
2025.11.10	01:16:01.798	1.31478	1.31481			6
2025.11.10	01:16:03.643	1.31471	1.31482			6
2025.11.10	01:16:03.946		1.31481			4
2025.11.10	01:16:04.558	1.31470	1.31482			6
2025.11.10	01:16:05.176	1.31474	1.31477			6
2025.11.10	01:16:07.632	1.31471	1.31482			6
2025.11.10	01:16:08.868		1.31483			4
2025.11.10	01:16:11.978	1.31474	1.31477			6
2025.11.10	01:16:13.824	1.31475	1.31478			6
2025.11.10	01:16:14.742	1.31474	1.31477			6
2025.11.10	01:16:23.019	1.31475	1.31478			6
2025.11.10	01:16:27.004	1.31474	1.31477			6
2025.11.10	01:16:32.247	1.31473	1.31476			6
2025.11.10	01:16:32.870	1.31470	1.31479			6
2025.11.10	01:16:33.174	1.31472	1.31475			6
2025.11.10	01:16:34.995	1.31471	1.31474			6
2025.11.10	01:16:35.915	1.31472	1.31475			6
2025.11.10	01:16:36.526	1.31470	1.31473			6
2025.11.10	01:16:38.381	1.31468	1.31471			6
2025.11.10	01:16:42.679	1.31466	1.31469			6
2025.11.10	01:16:42.983	1.31467	1.31470			6
2025.11.10	01:16:47.578	1.31466	1.31469			6
2025.11.10	01:16:51.553	1.31469	1.31472			6
2025.11.10	01:16:51.859	1.31470	1.31473			6
2025.11.10	01:16:52.172	1.31468	1.31478			6
2025.11.10	01:16:52.479	1.31472	1.31475			6
2025.11.10	01:16:52.784	1.31473	1.31476			6
2025.11.10	01:16:57.994	1.31471	1.31474			6
2025.11.10	01:16:58.606	1.31472	1.31475			6
2025.11.10	01:17:00.137	1.31472				2
2025.11.10	01:17:01.355	1.31468	1.31471			6
2025.11.10	01:17:11.774	1.31469	1.31472			6
2025.11.10	01:17:14.529	1.31468	1.31471			6
2025.11.10	01:17:15.446	1.31466	1.31469			6
2025.11.10	01:17:16.365	1.31468	1.31471			6
2025.11.10	01:17:21.558	1.31467	1.31470			6
2025.11.10	01:17:22.168	1.31468	1.31471			6
2025.11.10	01:17:22.471	1.31467	1.31470			6
2025.11.10	01:17:22.776	1.31468	1.31471			6
2025.11.10	01:17:23.078	1.31467	1.31470			6
2025.11.10	01:17:24.308	1.31468	1.31471			6
2025.11.10	01:17:25.546	1.31467	1.31470			6
2025.11.10	01:17:25.853	1.31468	1.31471			6
2025.11.10	01:17:26.772	1.31467	1.31470			6
2025.11.10	01:17:29.223	1.31468	1.31471			6
2025.11.10	01:17:29.533	1.31467	1.31470			6
2025.11.10	01:17:29.836	1.31468	1.31471			6
2025.11.10	01:17:34.136	1.31467	1.31470			6
2025.11.10	01:17:34.439	1.31468	1.31471			6
2025.11.10	01:17:35.654	1.31467	1.31470			6
2025.11.10	01:17:35.958	1.31466	1.31469			6
2025.11.10	01:17:36.264	1.31465	1.31468			6
2025.11.10	01:17:36.570	1.31466	1.31469			6
2025.11.10	01:17:36.877	1.31467	1.31470			6
2025.11.10	01:17:37.182	1.31468	1.31471			6
2025.11.10	01:17:43.301	1.31467	1.31470			6
2025.11.10	01:17:43.606	1.31468	1.31471			6
2025.11.10	01:17:43.921	1.31469	1.31472			6
2025.11.10	01:17:44.229	1.31468	1.31471			6
2025.11.10	01:17:44.533	1.31469	1.31472			6
2025.11.10	01:17:45.151	1.31468	1.31471			6
2025.11.10	01:17:50.977	1.31467	1.31470			6
2025.11.10	01:17:55.900	1.31465	1.31468			6
2025.11.10	01:17:56.204	1.31466	1.31469			6
2025.11.10	01:17:57.124	1.31465	1.31468			6
2025.11.10	01:17:58.347	1.31466	1.31469			6
2025.11.10	01:17:59.572	1.31465	1.31468			6
2025.11.10	01:18:00.192	1.31465				2
2025.11.10	01:18:01.414	1.31466	1.31469			6
2025.11.10	01:18:02.022	1.31467	1.31470			6
2025.11.10	01:18:04.791	1.31466	1.31469			6
2025.11.10	01:18:06.939	1.31467	1.31470			6
2025.11.10	01:18:07.241	1.31466	1.31469			6
2025.11.10	01:18:09.390	1.31467	1.31470			6
2025.11.10	01:18:10.306	1.31466	1.31469			6
2025.11.10	01:18:17.950	1.31464	1.31467			6
2025.11.10	01:18:18.253	1.31465	1.31468			6
2025.11.10	01:18:21.330	1.31464	1.31467			6
2025.11.10	01:18:21.948	1.31465	1.31468			6
2025.11.10	01:18:22.863	1.31464	1.31467			6
2025.11.10	01:18:25.935	1.31465	1.31468			6
2025.11.10	01:18:26.239	1.31464	1.31467			6
2025.11.10	01:18:27.465	1.31465	1.31468			6
2025.11.10	01:18:28.388	1.31464	1.31467			6
2025.11.10	01:18:32.987	1.31465	1.31468			6
2025.11.10	01:18:33.615	1.31464	1.31467			6
2025.11.10	01:18:37.726	1.31462	1.31465			6
2025.11.10	01:18:41.095	1.31461	1.31464			6
2025.11.10	01:18:42.317	1.31462	1.31465			6
2025.11.10	01:18:49.369	1.31460	1.31463			6
2025.11.10	01:18:49.677	1.31459	1.31462			6
2025.11.10	01:18:49.983	1.31460	1.31463			6
2025.11.10	01:18:51.497	1.31461	1.31464			6
2025.11.10	01:18:52.423	1.31459	1.31462			6
2025.11.10	01:18:52.732	1.31460	1.31463			6
2025.11.10	01:18:53.946	1.31461	1.31464			6
2025.11.10	01:18:58.828	1.31462	1.31465			6
2025.11.10	01:19:00.051	1.31462				2
2025.11.10	01:19:03.428	1.31459	1.31462			6
2025.11.10	01:19:13.864	1.31460	1.31463			6
2025.11.10	01:19:15.714	1.31459	1.31462			6
2025.11.10	01:19:20.983	1.31460	1.31463			6
2025.11.10	01:19:21.300	1.31459	1.31462			6
2025.11.10	01:19:33.398	1.31460	1.31463			6
2025.11.10	01:19:34.327	1.31459	1.31462			6
2025.11.10	01:19:34.955	1.31460	1.31463			6
2025.11.10	01:19:36.819	1.31459	1.31462			6
2025.11.10	01:19:39.905	1.31460	1.31463			6
2025.11.10	01:19:40.215	1.31459	1.31462			6
2025.11.10	01:19:40.526	1.31460	1.31463			6
2025.11.10	01:19:40.832	1.31459	1.31462			6
2025.11.10	01:19:41.146	1.31460	1.31463			6
2025.11.10	01:19:50.156	1.31461	1.31464			6
2025.11.10	01:19:50.459	1.31460	1.31463			6
2025.11.10	01:19:59.174	1.31461	1.31464			6
2025.11.10	01:19:59.477	1.31459	1.31462			6
2025.11.10	01:20:00.101	1.31460	1.31463			6
2025.11.10	01:20:00.427	1.31459	1.31462			6
2025.11.10	01:20:01.042	1.31461	1.31464			6
2025.11.10	01:20:01.349	1.31460	1.31463			6
2025.11.10	01:20:01.980	1.31459	1.31461			6
2025.11.10	01:20:02.906		1.31462			4
2025.11.10	01:20:10.954	1.31461	1.31464			6
2025.11.10	01:20:13.440	1.31460	1.31463			6
2025.11.10	01:20:13.756	1.31461	1.31464			6
2025.11.10	01:20:14.067	1.31460	1.31463			6
2025.11.10	01:20:14.376	1.31461	1.31464			6
2025.11.10	01:20:16.566	1.31460	1.31463			6
2025.11.10	01:20:17.191	1.31461	1.31464			6
2025.11.10	01:20:18.422	1.31460	1.31463			6
2025.11.10	01:20:21.826	1.31459	1.31462			6
2025.11.10	01:20:22.135	1.31460	1.31463			6
2025.11.10	01:20:28.325	1.31461	1.31464			6
2025.11.10	01:20:28.938	1.31460	1.31463			6
2025.11.10	01:20:32.658	1.31461	1.31464			6
2025.11.10	01:20:32.968	1.31460	1.31463			6
2025.11.10	01:20:36.687	1.31465	1.31468			6
2025.11.10	01:20:38.565	1.31466	1.31469			6
2025.11.10	01:20:39.192	1.31465	1.31468			6
2025.11.10	01:20:40.740	1.31469	1.31472			6
2025.11.10	01:20:41.043	1.31471	1.31474			6
2025.11.10	01:20:41.968	1.31470	1.31473			6
2025.11.10	01:20:42.286	1.31471	1.31474			6
2025.11.10	01:20:43.227	1.31469	1.31472			6
2025.11.10	01:20:44.478	1.31468	1.31471			6
2025.11.10	01:20:44.793	1.31469	1.31472			6
2025.11.10	01:20:48.828	1.31468	1.31471			6
2025.11.10	01:20:49.468	1.31467	1.31470			6
2025.11.10	01:20:49.783	1.31464	1.31467			6
2025.11.10	01:20:50.087	1.31462	1.31465			6
2025.11.10	01:20:50.710	1.31463	1.31466			6
2025.11.10	01:20:51.012	1.31462	1.31465			6
2025.11.10	01:20:51.638	1.31463	1.31466			6
2025.11.10	01:20:53.201	1.31464	1.31467			6
2025.11.10	01:20:54.142	1.31463	1.31466			6
2025.11.10	01:20:56.332	1.31464	1.31467			6
2025.11.10	01:20:57.262	1.31463	1.31466			6
2025.11.10	01:20:57.884	1.31464	1.31467			6
2025.11.10	01:20:58.201	1.31463	1.31466			6
2025.11.10	01:21:00.069	1.31463				2
2025.11.10	01:21:00.687	1.31464	1.31467			6
2025.11.10	01:21:01.307	1.31463	1.31466			6
2025.11.10	01:21:02.564	1.31464	1.31467			6
2025.11.10	01:21:02.869	1.31465	1.31468			6
2025.11.10	01:21:03.491	1.31464	1.31467			6
2025.11.10	01:21:04.113	1.31465	1.31468			6
2025.11.10	01:21:04.420	1.31464	1.31467			6
2025.11.10	01:21:06.297	1.31465	1.31468			6
2025.11.10	01:21:11.296	1.31464	1.31467			6
2025.11.10	01:21:14.747	1.31465	1.31468			6
2025.11.10	01:21:17.870	1.31464	1.31467			6
2025.11.10	01:21:18.178	1.31465	1.31468			6
2025.11.10	01:21:18.801	1.31464	1.31467			6
2025.11.10	01:21:20.349	1.31465	1.31468			6
2025.11.10	01:21:24.393	1.31464	1.31467			6
2025.11.10	01:21:25.007	1.31465	1.31468			6
2025.11.10	01:21:26.246	1.31464	1.31467			6
2025.11.10	01:21:27.806	1.31465	1.31468			6
2025.11.10	01:21:29.353	1.31464	1.31467			6
2025.11.10	01:21:29.659	1.31465	1.31468			6
2025.11.10	01:21:30.593	1.31464	1.31467			6
2025.11.10	01:21:30.912	1.31465	1.31468			6
2025.11.10	01:21:32.473	1.31464	1.31467			6
2025.11.10	01:21:36.510	1.31466	1.31469			6
2025.11.10	01:21:37.755	1.31467	1.31470			6
2025.11.10	01:21:38.380	1.31468	1.31471			6
2025.11.10	01:21:40.234	1.31469	1.31472			6
2025.11.10	01:21:40.540	1.31470	1.31473			6
2025.11.10	01:21:43.965	1.31471	1.31474			6
2025.11.10	01:21:50.517	1.31469	1.31472			6
2025.11.10	01:21:54.855	1.31470	1.31473			6
2025.11.10	01:21:58.867	1.31472	1.31475			6
2025.11.10	01:21:59.171	1.31471	1.31474			6
2025.11.10	01:22:00.100	1.31471				2
2025.11.10	01:22:01.034	1.31469	1.31472			6
2025.11.10	01:22:01.343	1.31468	1.31471			6
2025.11.10	01:22:02.596	1.31470	1.31473			6
2025.11.10	01:22:07.250	1.31469	1.31472			6
2025.11.10	01:22:07.557	1.31470	1.31473			6
2025.11.10	01:22:15.009	1.31472	1.31475			6
2025.11.10	01:22:16.858	1.31470	1.31473			6
2025.11.10	01:22:17.160	1.31469	1.31472			6
2025.11.10	01:22:18.705	1.31460	1.31463			6
2025.11.10	01:22:19.008	1.31459	1.31462			6
2025.11.10	01:22:22.108	1.31460	1.31463			6
2025.11.10	01:22:24.274	1.31461	1.31464			6
2025.11.10	01:22:24.583	1.31459	1.31462			6
2025.11.10	01:22:24.898	1.31461	1.31464			6
2025.11.10	01:22:25.205	1.31462	1.31465			6
2025.11.10	01:22:25.518	1.31461	1.31464			6
2025.11.10	01:22:26.453	1.31460	1.31463			6
2025.11.10	01:22:26.760	1.31462	1.31465			6
2025.11.10	01:22:32.668	1.31461	1.31464			6
2025.11.10	01:22:32.973	1.31462	1.31465			6
2025.11.10	01:22:33.593	1.31460	1.31463			6
2025.11.10	01:22:34.211	1.31462	1.31465			6
2025.11.10	01:22:35.441	1.31461	1.31464			6
2025.11.10	01:22:37.002	1.31462	1.31465			6
2025.11.10	01:22:41.640	1.31461	1.31464			6
2025.11.10	01:22:50.305	1.31457	1.31460			6
2025.11.10	01:22:50.614	1.31456	1.31458			6
2025.11.10	01:22:51.224		1.31459			4
2025.11.10	01:22:57.111		1.31458			4
2025.11.10	01:22:57.733		1.31459			4
2025.11.10	01:23:00.208	1.31456				2
2025.11.10	01:23:07.962	1.31455	1.31458			6
2025.11.10	01:23:08.885	1.31456	1.31459			6
2025.11.10	01:23:12.293	1.31457	1.31460			6
2025.11.10	01:23:13.844	1.31455	1.31458			6
2025.11.10	01:23:14.469	1.31456	1.31459			6
2025.11.10	01:23:14.774		1.31458			4
2025.11.10	01:23:15.089	1.31455				2
2025.11.10	01:23:15.396	1.31456	1.31459			6
2025.11.10	01:23:15.702	1.31455	1.31458			6
2025.11.10	01:23:16.325	1.31456	1.31459			6
2025.11.10	01:23:22.207	1.31455	1.31458			6
2025.11.10	01:23:23.464	1.31454	1.31457			6
2025.11.10	01:23:27.495	1.31455	1.31458			6
2025.11.10	01:23:28.117	1.31454	1.31457			6
2025.11.10	01:23:29.354	1.31455	1.31458			6
2025.11.10	01:23:31.215	1.31456	1.31459			6
2025.11.10	01:23:33.083	1.31455	1.31458			6
2025.11.10	01:23:34.013	1.31456	1.31459			6
2025.11.10	01:23:40.533	1.31457				2
2025.11.10	01:23:46.712		1.31458			4
2025.11.10	01:23:47.018		1.31459			4
2025.11.10	01:23:48.869		1.31458			4
2025.11.10	01:23:49.176		1.31459			4
2025.11.10	01:23:51.027		1.31458			4
2025.11.10	01:23:51.340		1.31459			4
2025.11.10	01:23:52.260		1.31458			4
2025.11.10	01:23:52.568		1.31459			4
2025.11.10	01:23:57.534		1.31458			4
2025.11.10	01:24:00.017	1.31457				2
2025.11.10	01:24:01.561	1.31455	1.31457			6
2025.11.10	01:24:04.661		1.31458			4
2025.11.10	01:24:04.978		1.31457			4
2025.11.10	01:24:09.017		1.31458			4
2025.11.10	01:24:09.323	1.31456	1.31459			6
2025.11.10	01:24:10.260	1.31455	1.31458			6
2025.11.10	01:24:10.577	1.31458	1.31461			6
2025.11.10	01:24:10.880	1.31460	1.31463			6
2025.11.10	01:24:11.192	1.31459	1.31462			6
2025.11.10	01:24:12.441	1.31458	1.31460			6
2025.11.10	01:24:12.746	1.31459	1.31462			6
2025.11.10	01:24:14.602	1.31460	1.31463			6
2025.11.10	01:24:15.530	1.31459	1.31462			6
2025.11.10	01:24:18.012	1.31460	1.31463			6
2025.11.10	01:24:20.174	1.31459	1.31462			6
2025.11.10	01:24:20.482	1.31460	1.31463			6
2025.11.10	01:24:27.649	1.31461	1.31464			6
2025.11.10	01:24:29.201	1.31460	1.31463			6
2025.11.10	01:24:30.141	1.31465	1.31468			6
2025.11.10	01:24:31.072	1.31466	1.31469			6
2025.11.10	01:24:31.382	1.31465	1.31468			6
2025.11.10	01:24:33.256	1.31466	1.31469			6
2025.11.10	01:24:34.502	1.31465	1.31468			6
2025.11.10	01:24:34.809	1.31466	1.31469			6
2025.11.10	01:24:36.682	1.31467	1.31470			6
2025.11.10	01:24:43.508	1.31466	1.31469			6
2025.11.10	01:24:43.814	1.31464	1.31467			6
2025.11.10	01:24:44.119	1.31462	1.31465			6
2025.11.10	01:24:44.426	1.31463	1.31466			6
2025.11.10	01:24:45.051	1.31464	1.31467			6
2025.11.10	01:24:46.615	1.31463	1.31466			6
2025.11.10	01:24:47.228	1.31461	1.31464			6
2025.11.10	01:24:50.344	1.31462	1.31465			6
2025.11.10	01:24:51.900	1.31461	1.31464			6
2025.11.10	01:24:52.518	1.31462	1.31465			6
2025.11.10	01:24:54.395	1.31463	1.31466			6
2025.11.10	01:24:55.330	1.31462	1.31465			6
2025.11.10	01:24:55.634	1.31463	1.31466			6
2025.11.10	01:24:56.887	1.31462	1.31465			6
2025.11.10	01:24:59.994	1.31461	1.31464			6
2025.11.10	01:25:00.306	1.31461				2
2025.11.10	01:25:00.930	1.31462	1.31465			6
2025.11.10	01:25:01.553	1.31463	1.31466			6
2025.11.10	01:25:02.186	1.31464	1.31467			6
2025.11.10	01:25:07.798	1.31463	1.31466			6
2025.11.10	01:25:10.601	1.31464	1.31467			6
2025.11.10	01:25:13.092	1.31465	1.31468			6
2025.11.10	01:25:13.718	1.31464	1.31467			6
2025.11.10	01:25:15.592	1.31463	1.31466			6
2025.11.10	01:25:16.823	1.31458	1.31461			6
2025.11.10	01:25:17.442	1.31457	1.31460			6
2025.11.10	01:25:23.378	1.31452	1.31455			6
2025.11.10	01:25:23.986	1.31453	1.31456			6
2025.11.10	01:25:24.605	1.31452	1.31455			6
2025.11.10	01:25:27.109	1.31451	1.31454			6
2025.11.10	01:25:28.656	1.31450	1.31453			6
2025.11.10	01:25:29.885		1.31452			4
2025.11.10	01:25:30.815		1.31453			4
2025.11.10	01:25:32.667	1.31451	1.31454			6
2025.11.10	01:25:32.968	1.31450	1.31453			6
2025.11.10	01:25:34.200	1.31449	1.31452			6
2025.11.10	01:25:34.809	1.31450	1.31453			6
2025.11.10	01:25:35.125	1.31449	1.31452			6
2025.11.10	01:25:38.855	1.31450	1.31453			6
2025.11.10	01:25:40.723	1.31449	1.31452			6
2025.11.10	01:25:41.032		1.31451			4
2025.11.10	01:25:43.522		1.31452			4
2025.11.10	01:25:46.002	1.31448	1.31451			6
2025.11.10	01:25:48.787		1.31450			4
2025.11.10	01:25:49.099		1.31451			4
2025.11.10	01:25:50.031	1.31449	1.31452			6
2025.11.10	01:25:51.257	1.31448	1.31451			6
2025.11.10	01:26:00.263	1.31448				2
2025.11.10	01:26:09.277	1.31449	1.31452			6
2025.11.10	01:26:10.818	1.31448	1.31451			6
2025.11.10	01:26:12.359	1.31450	1.31453			6
2025.11.10	01:26:13.912	1.31445	1.31448			6
2025.11.10	01:26:16.721	1.31444	1.31447			6
2025.11.10	01:26:17.357	1.31445	1.31448			6
2025.11.10	01:26:29.118	1.31446	1.31449			6
2025.11.10	01:26:40.272	1.31447	1.31450			6
2025.11.10	01:26:41.195	1.31446	1.31449			6
2025.11.10	01:26:41.500	1.31447	1.31450			6
2025.11.10	01:26:43.359	1.31446	1.31449			6
2025.11.10	01:26:48.936	1.31445	1.31448			6
2025.11.10	01:26:53.608	1.31444	1.31447			6
2025.11.10	01:26:53.926	1.31445	1.31448			6
2025.11.10	01:26:57.641	1.31446	1.31449			6
2025.11.10	01:27:00.109	1.31446				2
2025.11.10	01:27:01.351	1.31445	1.31448			6
2025.11.10	01:27:02.915	1.31447	1.31450			6
2025.11.10	01:27:03.220	1.31451	1.31454			6
2025.11.10	01:27:03.525	1.31450	1.31453			6
2025.11.10	01:27:03.827	1.31451	1.31454			6
2025.11.10	01:27:04.449	1.31450	1.31453			6
2025.11.10	01:27:04.766	1.31449	1.31452			6
2025.11.10	01:27:05.074	1.31450	1.31453			6
2025.11.10	01:27:05.392	1.31451	1.31454			6
2025.11.10	01:27:05.707	1.31449	1.31452			6
2025.11.10	01:27:06.324	1.31448	1.31451			6
2025.11.10	01:27:06.635	1.31449	1.31452			6
2025.11.10	01:27:07.555	1.31450	1.31453			6
2025.11.10	01:27:08.178	1.31448	1.31451			6
2025.11.10	01:27:08.802	1.31449	1.31452			6
2025.11.10	01:27:09.424	1.31450	1.31453			6
2025.11.10	01:27:10.360	1.31451	1.31454			6
2025.11.10	01:27:12.856	1.31452	1.31455			6
2025.11.10	01:27:13.158	1.31451	1.31454			6
2025.11.10	01:27:14.088	1.31452	1.31455			6
2025.11.10	01:27:14.710	1.31450	1.31453			6
2025.11.10	01:27:15.021	1.31451	1.31454			6
2025.11.10	01:27:17.190	1.31452	1.31455			6
2025.11.10	01:27:18.436	1.31450	1.31453			6
2025.11.10	01:27:19.363	1.31452	1.31455			6
2025.11.10	01:27:19.985	1.31451	1.31454			6
2025.11.10	01:27:20.289	1.31450	1.31453			6
2025.11.10	01:27:21.533	1.31451	1.31454			6
2025.11.10	01:27:22.170	1.31452	1.31455			6
2025.11.10	01:27:23.420	1.31450	1.31453			6
2025.11.10	01:27:23.729	1.31452	1.31455			6
2025.11.10	01:27:24.039	1.31453	1.31456			6
2025.11.10	01:27:24.341	1.31452	1.31455			6
2025.11.10	01:27:24.948	1.31453	1.31456			6
2025.11.10	01:27:25.582	1.31450	1.31453			6
2025.11.10	01:27:25.892	1.31452	1.31455			6
2025.11.10	01:27:30.239	1.31451	1.31454			6
2025.11.10	01:27:30.550	1.31452	1.31455			6
2025.11.10	01:27:32.101	1.31453	1.31456			6
2025.11.10	01:27:32.723	1.31452	1.31455			6
2025.11.10	01:27:33.042	1.31453	1.31456			6
2025.11.10	01:27:34.892	1.31452	1.31455			6
2025.11.10	01:27:35.827	1.31453	1.31456			6
2025.11.10	01:27:41.094	1.31451	1.31454			6
2025.11.10	01:27:41.395	1.31453	1.31456			6
2025.11.10	01:27:42.325	1.31454	1.31457			6
2025.11.10	01:27:43.869	1.31455	1.31458			6
2025.11.10	01:27:44.483	1.31454	1.31457			6
2025.11.10	01:27:46.035	1.31455	1.31458			6
2025.11.10	01:27:46.349	1.31454	1.31457			6
2025.11.10	01:27:46.658	1.31455	1.31458			6
2025.11.10	01:27:46.961	1.31454	1.31457			6
2025.11.10	01:27:47.273	1.31455	1.31458			6
2025.11.10	01:27:47.576	1.31454	1.31457			6
2025.11.10	01:27:47.882	1.31455	1.31458			6
2025.11.10	01:27:50.050	1.31456	1.31459			6
2025.11.10	01:27:50.362	1.31452	1.31455			6
2025.11.10	01:27:50.671	1.31456	1.31459			6
2025.11.10	01:27:50.986	1.31455	1.31458			6
2025.11.10	01:27:51.926	1.31456	1.31459			6
2025.11.10	01:27:53.794	1.31455	1.31458			6
2025.11.10	01:27:54.102	1.31456	1.31459			6
2025.11.10	01:27:54.413	1.31455	1.31458			6
2025.11.10	01:27:55.651	1.31456	1.31459			6
2025.11.10	01:28:00.313	1.31456				2
2025.11.10	01:28:02.167	1.31455	1.31458			6
2025.11.10	01:28:02.786	1.31454	1.31457			6
2025.11.10	01:28:03.729	1.31455	1.31458			6
2025.11.10	01:28:05.883	1.31456	1.31459			6
2025.11.10	01:28:11.190	1.31455	1.31458			6
2025.11.10	01:28:11.503	1.31456	1.31459			6
2025.11.10	01:28:18.317	1.31455	1.31458			6
2025.11.10	01:28:19.253	1.31456	1.31459			6
2025.11.10	01:28:20.176	1.31455	1.31458			6
2025.11.10	01:28:21.714	1.31456	1.31459			6
2025.11.10	01:28:25.103	1.31457	1.31460			6
2025.11.10	01:28:26.035	1.31456	1.31459			6
2025.11.10	01:28:26.645	1.31457	1.31460			6
2025.11.10	01:28:28.208	1.31459	1.31461			6
2025.11.10	01:28:28.844		1.31462			4
2025.11.10	01:28:31.614	1.31458	1.31461			6
2025.11.10	01:28:33.484	1.31459	1.31462			6
2025.11.10	01:28:33.791	1.31458	1.31461			6
2025.11.10	01:28:34.107	1.31457	1.31460			6
2025.11.10	01:28:34.416	1.31458	1.31461			6
2025.11.10	01:28:47.719	1.31457	1.31460			6
2025.11.10	01:28:50.215	1.31456	1.31459			6
2025.11.10	01:28:50.524	1.31457	1.31460			6
2025.11.10	01:28:53.004	1.31458	1.31461			6
2025.11.10	01:28:53.320	1.31457	1.31460			6
2025.11.10	01:28:53.627	1.31454	1.31457			6
2025.11.10	01:28:53.943	1.31452	1.31455			6
2025.11.10	01:28:54.549	1.31453	1.31456			6
2025.11.10	01:28:56.734	1.31452	1.31455			6
2025.11.10	01:28:57.054	1.31459	1.31461			6
2025.11.10	01:28:57.359	1.31458				2
2025.11.10	01:28:58.286		1.31460			4
2025.11.10	01:28:58.597		1.31461			4
2025.11.10	01:28:58.906	1.31455	1.31458			6
2025.11.10	01:28:59.843	1.31457	1.31460			6
2025.11.10	01:29:00.163	1.31456	1.31459			6
2025.11.10	01:29:00.470	1.31457	1.31460			6
2025.11.10	01:29:02.989	1.31454	1.31457			6
2025.11.10	01:29:06.713	1.31453	1.31456			6
2025.11.10	01:29:07.319	1.31457	1.31460			6
2025.11.10	01:29:07.942	1.31456	1.31459			6
2025.11.10	01:29:08.869	1.31457	1.31460			6
2025.11.10	01:29:09.800	1.31455	1.31458			6
2025.11.10	01:29:10.109	1.31456	1.31459			6
2025.11.10	01:29:10.424	1.31450	1.31453			6
2025.11.10	01:29:12.281	1.31449	1.31452			6
2025.11.10	01:29:12.594	1.31450	1.31453			6
2025.11.10	01:29:20.649	1.31451	1.31454			6
2025.11.10	01:29:26.892	1.31450	1.31453			6
2025.11.10	01:29:30.305	1.31449	1.31452			6
2025.11.10	01:29:35.922	1.31450	1.31453			6
2025.11.10	01:29:40.564	1.31449	1.31452			6
2025.11.10	01:29:44.283	1.31450	1.31453			6
2025.11.10	01:29:47.687	1.31451	1.31454			6
2025.11.10	01:29:48.922	1.31450	1.31453			6
2025.11.10	01:29:54.187	1.31451	1.31454			6
2025.11.10	01:30:00.083	1.31451				2
2025.11.10	01:30:00.389	1.31452	1.31455			6
2025.11.10	01:30:01.304	1.31451	1.31454			6
2025.11.10	01:30:07.232	1.31450	1.31453			6
2025.11.10	01:30:12.213	1.31449	1.31452			6
2025.11.10	01:30:12.531	1.31450	1.31453			6
2025.11.10	01:30:13.159	1.31449	1.31452			6
2025.11.10	01:30:14.091	1.31450	1.31453			6
2025.11.10	01:30:14.392	1.31451	1.31454			6
2025.11.10	01:30:17.807	1.31449	1.31452			6
2025.11.10	01:30:18.122	1.31450	1.31453			6
2025.11.10	01:30:19.355	1.31449	1.31452			6
2025.11.10	01:30:20.299	1.31450	1.31453			6
2025.11.10	01:30:20.919	1.31447	1.31450			6
2025.11.10	01:30:21.228	1.31448	1.31451			6
2025.11.10	01:30:23.721	1.31447	1.31450			6
2025.11.10	01:30:24.024	1.31449	1.31452			6
2025.11.10	01:30:24.335	1.31447	1.31450			6
2025.11.10	01:30:24.954	1.31449	1.31452			6
2025.11.10	01:30:25.259	1.31448	1.31451			6
2025.11.10	01:30:26.828	1.31447	1.31450			6
2025.11.10	01:30:28.363	1.31448	1.31451			6
2025.11.10	01:30:31.480	1.31447	1.31450			6
2025.11.10	01:30:34.892	1.31446	1.31449			6
2025.11.10	01:30:35.512	1.31448	1.31451			6
2025.11.10	01:30:36.138	1.31447	1.31450			6
2025.11.10	01:30:39.543	1.31451	1.31454			6
2025.11.10	01:30:40.472		1.31453			4
2025.11.10	01:30:42.643	1.31450	1.31451			6
2025.11.10	01:30:45.444	1.31451	1.31452			6
2025.11.10	01:30:47.298	1.31450	1.31451			6
2025.11.10	01:30:47.605	1.31451	1.31452			6
2025.11.10	01:30:48.228	1.31449	1.31451			6
2025.11.10	01:30:48.846	1.31450				2
2025.11.10	01:30:49.160	1.31449	1.31452			6
2025.11.10	01:30:49.477	1.31451				2
2025.11.10	01:30:50.406		1.31453			4
2025.11.10	01:30:51.641		1.31452			4
2025.11.10	01:30:51.951		1.31453			4
2025.11.10	01:30:55.964	1.31449	1.31452			6
2025.11.10	01:30:56.571	1.31451	1.31453			6
2025.11.10	01:30:58.756		1.31452			4
2025.11.10	01:30:59.383		1.31453			4
2025.11.10	01:31:00.002	1.31451				2
2025.11.10	01:31:00.309		1.31452			4
2025.11.10	01:31:00.620	1.31449				2
2025.11.10	01:31:01.233		1.31451			4
2025.11.10	01:31:02.780		1.31450			4
2025.11.10	01:31:03.088		1.31451			4
2025.11.10	01:31:08.971		1.31452			4
2025.11.10	01:31:09.282	1.31451	1.31453			6
2025.11.10	01:31:09.597		1.31452			4
2025.11.10	01:31:10.543	1.31450	1.31451			6
2025.11.10	01:31:10.863	1.31451	1.31452			6
2025.11.10	01:31:11.486		1.31453			4
2025.11.10	01:31:12.725	1.31452	1.31455			6
2025.11.10	01:31:19.821	1.31451	1.31454			6
2025.11.10	01:31:20.140	1.31452	1.31455			6
2025.11.10	01:31:20.442	1.31453	1.31456			6
2025.11.10	01:31:21.680	1.31451	1.31454			6
2025.11.10	01:31:22.304	1.31456	1.31458			6
2025.11.10	01:31:22.613	1.31455				2
2025.11.10	01:31:22.930	1.31456				2
2025.11.10	01:31:23.244		1.31457			4
2025.11.10	01:31:23.551		1.31458			4
2025.11.10	01:31:25.719	1.31455				2
2025.11.10	01:31:26.645	1.31452	1.31455			6
2025.11.10	01:31:27.268	1.31451	1.31454			6
2025.11.10	01:31:29.130	1.31453	1.31456			6
2025.11.10	01:31:39.084	1.31456	1.31458			6
2025.11.10	01:31:40.633	1.31455				2
2025.11.10	01:31:41.876	1.31456				2
2025.11.10	01:31:43.126		1.31457			4
2025.11.10	01:31:43.442	1.31455	1.31458			6
2025.11.10	01:31:44.368	1.31456	1.31459			6
2025.11.10	01:31:47.453	1.31455	1.31458			6
2025.11.10	01:31:47.763	1.31456	1.31459			6
2025.11.10	01:31:48.072	1.31455	1.31458			6
2025.11.10	01:31:49.634	1.31456	1.31459			6
2025.11.10	01:31:49.942	1.31455	1.31458			6
2025.11.10	01:31:55.203	1.31456	1.31459			6
2025.11.10	01:31:55.824	1.31455	1.31458			6
2025.11.10	01:31:56.445	1.31451	1.31454			6
2025.11.10	01:31:57.066	1.31452	1.31455			6
2025.11.10	01:31:58.913	1.31453	1.31456			6
2025.11.10	01:32:00.153	1.31453				2
2025.11.10	01:32:00.459	1.31451	1.31454			6
2025.11.10	01:32:01.686	1.31446	1.31449			6
2025.11.10	01:32:12.524	1.31441	1.31444			6
2025.11.10	01:32:12.828	1.31446	1.31449			6
2025.11.10	01:32:19.645	1.31449	1.31452			6
2025.11.10	01:32:19.955	1.31447	1.31450			6
2025.11.10	01:32:20.571	1.31446	1.31449			6
2025.11.10	01:32:33.346	1.31447	1.31450			6
2025.11.10	01:32:33.651	1.31446	1.31449			6
2025.11.10	01:33:00.025	1.31446				2
2025.11.10	01:33:08.728	1.31447	1.31450			6
2025.11.10	01:33:09.345	1.31446	1.31449			6
2025.11.10	01:33:09.970	1.31451	1.31454			6
2025.11.10	01:33:14.001	1.31455	1.31458			6
2025.11.10	01:33:14.303	1.31451	1.31454			6
2025.11.10	01:33:15.226	1.31454	1.31457			6
2025.11.10	01:33:15.830	1.31455	1.31458			6
2025.11.10	01:33:16.143	1.31451	1.31454			6
2025.11.10	01:33:18.628	1.31450	1.31453			6
2025.11.10	01:33:19.251	1.31454	1.31457			6
2025.11.10	01:33:19.555	1.31450	1.31453			6
2025.11.10	01:33:19.862	1.31443	1.31446			6
2025.11.10	01:33:20.163	1.31442	1.31445			6
2025.11.10	01:33:20.469	1.31443	1.31446			6
2025.11.10	01:33:20.771	1.31442	1.31445			6
2025.11.10	01:33:21.707	1.31444	1.31446			6
2025.11.10	01:33:22.015	1.31442	1.31445			6
2025.11.10	01:33:22.322	1.31441	1.31444			6
2025.11.10	01:33:22.627	1.31442	1.31445			6
2025.11.10	01:33:25.099	1.31443	1.31446			6
2025.11.10	01:33:25.405	1.31442	1.31445			6
2025.11.10	01:33:26.638	1.31443	1.31446			6
2025.11.10	01:33:26.948	1.31444	1.31447			6
2025.11.10	01:33:27.251	1.31446	1.31449			6
2025.11.10	01:33:27.877	1.31447	1.31450			6
2025.11.10	01:33:28.182	1.31446	1.31449			6
2025.11.10	01:33:30.031	1.31447	1.31450			6
2025.11.10	01:33:31.281	1.31446	1.31449			6
2025.11.10	01:33:34.994	1.31451	1.31454			6
2025.11.10	01:33:56.933	1.31453	1.31456			6
2025.11.10	01:33:57.242	1.31455	1.31458			6
2025.11.10	01:33:58.160	1.31454	1.31457			6
2025.11.10	01:33:58.463	1.31455	1.31458			6
2025.11.10	01:33:58.779	1.31456	1.31459			6
2025.11.10	01:34:00.020	1.31456				2
2025.11.10	01:34:00.644	1.31455	1.31458			6
2025.11.10	01:34:02.495	1.31456	1.31459			6
2025.11.10	01:34:06.203	1.31455	1.31458			6
2025.11.10	01:34:09.289	1.31456	1.31459			6
2025.11.10	01:34:17.006		1.31458			4
2025.11.10	01:34:17.323	1.31455				2
2025.11.10	01:34:17.625	1.31442				2
2025.11.10	01:34:17.926	1.31443	1.31459			6
2025.11.10	01:34:18.232	1.31455	1.31458			6
2025.11.10	01:34:20.714	1.31448	1.31451			6
2025.11.10	01:34:21.951	1.31451	1.31454			6
2025.11.10	01:34:27.513	1.31447	1.31450			6
2025.11.10	01:34:29.374	1.31450	1.31453			6
2025.11.10	01:34:30.312	1.31447	1.31450			6
2025.11.10	01:34:30.926	1.31446	1.31449			6
2025.11.10	01:34:32.781	1.31436	1.31454			6
2025.11.10	01:34:33.402	1.31441	1.31444			6
2025.11.10	01:34:33.712	1.31442	1.31445			6
2025.11.10	01:34:34.018	1.31441	1.31444			6
2025.11.10	01:34:39.577	1.31440	1.31443			6
2025.11.10	01:34:40.203	1.31441	1.31444			6
2025.11.10	01:34:44.238	1.31440	1.31443			6
2025.11.10	01:34:48.273	1.31442	1.31445			6
2025.11.10	01:34:48.580	1.31434	1.31452			6
2025.11.10	01:34:48.881	1.31444	1.31447			6
2025.11.10	01:34:50.123	1.31443	1.31446			6
2025.11.10	01:34:50.439	1.31442	1.31445			6
2025.11.10	01:34:52.303	1.31443	1.31446			6
2025.11.10	01:34:53.550	1.31444	1.31447			6
2025.11.10	01:34:54.791	1.31443	1.31446			6
2025.11.10	01:34:55.100	1.31441	1.31444			6
2025.11.10	01:34:55.718	1.31442	1.31445			6
2025.11.10	01:34:56.342	1.31441	1.31444			6
2025.11.10	01:34:57.269	1.31439	1.31442			6
2025.11.10	01:34:57.892	1.31440	1.31443			6
2025.11.10	01:34:58.512	1.31432	1.31435			6
2025.11.10	01:34:58.833	1.31435	1.31438			6
2025.11.10	01:34:59.140	1.31434	1.31437			6
2025.11.10	01:34:59.454	1.31435	1.31438			6
2025.11.10	01:34:59.762	1.31436	1.31439			6
2025.11.10	01:35:00.069	1.31435	1.31438			6
2025.11.10	01:35:04.412	1.31433	1.31436			6
2025.11.10	01:35:05.338	1.31438	1.31441			6
2025.11.10	01:35:05.642	1.31435	1.31438			6
2025.11.10	01:35:05.946	1.31434	1.31437			6
2025.11.10	01:35:08.742	1.31435	1.31438			6
2025.11.10	01:35:09.356	1.31434	1.31437			6
2025.11.10	01:35:15.224	1.31435	1.31438			6
2025.11.10	01:35:16.780	1.31434	1.31437			6
2025.11.10	01:35:17.404	1.31435	1.31438			6
2025.11.10	01:35:17.715	1.31436	1.31439			6
2025.11.10	01:35:18.023	1.31434	1.31437			6
2025.11.10	01:35:21.118	1.31435	1.31438			6
2025.11.10	01:35:22.974	1.31434	1.31437			6
2025.11.10	01:35:24.509	1.31435	1.31438			6
2025.11.10	01:35:26.059	1.31436	1.31439			6
2025.11.10	01:35:27.924	1.31441	1.31444			6
2025.11.10	01:35:28.227		1.31443			4
2025.11.10	01:35:29.475	1.31439	1.31441			6
2025.11.10	01:35:30.709		1.31440			4
2025.11.10	01:35:31.953		1.31441			4
2025.11.10	01:35:32.880	1.31435	1.31438			6
2025.11.10	01:35:54.520	1.31434	1.31437			6
2025.11.10	01:35:55.752	1.31433	1.31436			6
2025.11.10	01:35:57.601	1.31434	1.31437			6
2025.11.10	01:36:00.079	1.31434				2
2025.11.10	01:36:05.038	1.31435	1.31438			6
2025.11.10	01:36:13.402	1.31436	1.31439			6
2025.11.10	01:36:14.938		1.31438			4
2025.11.10	01:36:18.655		1.31439			4
2025.11.10	01:36:18.966	1.31439	1.31442			6
2025.11.10	01:36:19.274	1.31440	1.31443			6
2025.11.10	01:36:19.891	1.31439	1.31442			6
2025.11.10	01:36:20.806	1.31440				2
2025.11.10	01:36:31.932		1.31441			4
2025.11.10	01:36:35.945	1.31437	1.31440			6
2025.11.10	01:36:38.116		1.31439			4
2025.11.10	01:36:38.424		1.31440			4
2025.11.10	01:36:41.510		1.31439			4
2025.11.10	01:36:41.820	1.31444	1.31445			6
2025.11.10	01:36:42.121	1.31445	1.31447			6
2025.11.10	01:36:42.436	1.31444	1.31446			6
2025.11.10	01:36:43.364	1.31443				2
2025.11.10	01:36:43.676	1.31444	1.31445			6
2025.11.10	01:36:44.906	1.31440	1.31443			6
2025.11.10	01:36:46.761	1.31436	1.31439			6
2025.11.10	01:36:47.689	1.31435	1.31438			6
2025.11.10	01:36:48.307	1.31436	1.31439			6
2025.11.10	01:36:49.543	1.31435	1.31438			6
2025.11.10	01:37:00.037	1.31435				2
2025.11.10	01:37:00.346	1.31439	1.31441			6
2025.11.10	01:37:00.655	1.31436	1.31439			6
2025.11.10	01:37:11.471	1.31439	1.31441			6
2025.11.10	01:37:12.387		1.31442			4
2025.11.10	01:37:12.693	1.31441				2
2025.11.10	01:37:13.312	1.31440	1.31443			6
2025.11.10	01:37:13.620	1.31441	1.31444			6
2025.11.10	01:37:13.937		1.31443			4
2025.11.10	01:37:16.714		1.31444			4
2025.11.10	01:37:28.158		1.31442			4
2025.11.10	01:37:33.406	1.31436	1.31439			6
2025.11.10	01:37:48.584	1.31433	1.31436			6
2025.11.10	01:37:56.014	1.31436	1.31439			6
2025.11.10	01:38:00.029	1.31436				2
2025.11.10	01:38:14.887	1.31435	1.31438			6
2025.11.10	01:38:15.507	1.31436	1.31439			6
2025.11.10	01:38:25.709	1.31435	1.31438			6
2025.11.10	01:38:26.641	1.31434	1.31437			6
2025.11.10	01:38:26.948	1.31435	1.31438			6
2025.11.10	01:38:29.420	1.31436	1.31439			6
2025.11.10	01:38:31.582	1.31435	1.31438			6
2025.11.10	01:38:32.196	1.31436	1.31439			6
2025.11.10	01:39:00.062	1.31436				2
2025.11.10	01:39:05.649	1.31441	1.31444			6
2025.11.10	01:39:14.954		1.31443			4
2025.11.10	01:39:15.260		1.31444			4
2025.11.10	01:39:19.580		1.31443			4
2025.11.10	01:39:23.600	1.31437	1.31440			6
2025.11.10	01:39:24.522	1.31441	1.31443			6
2025.11.10	01:39:28.574		1.31442			4
2025.11.10	01:39:37.228	1.31446	1.31449			6
2025.11.10	01:39:44.347	1.31439	1.31442			6
2025.11.10	01:39:44.649	1.31436	1.31439			6
2025.11.10	01:39:44.950	1.31435	1.31438			6
2025.11.10	01:39:45.260	1.31437	1.31439			6
2025.11.10	01:39:45.566	1.31438	1.31441			6
2025.11.10	01:39:46.805	1.31437	1.31440			6
2025.11.10	01:39:51.130	1.31438	1.31441			6
2025.11.10	01:39:52.370	1.31437	1.31440			6
2025.11.10	01:39:52.679	1.31441	1.31443			6
2025.11.10	01:39:55.478	1.31437	1.31440			6
2025.11.10	01:40:00.108	1.31437				2
2025.11.10	01:40:03.518	1.31435	1.31438			6
2025.11.10	01:40:03.834	1.31436	1.31439			6
2025.11.10	01:40:05.379	1.31432	1.31435			6
2025.11.10	01:40:07.243	1.31435	1.31438			6
2025.11.10	01:40:07.859	1.31436	1.31439			6
2025.11.10	01:40:08.488	1.31435	1.31438			6
2025.11.10	01:40:09.414	1.31436	1.31439			6
2025.11.10	01:40:17.797	1.31437	1.31440			6
2025.11.10	01:40:18.420	1.31436	1.31439			6
2025.11.10	01:40:18.729	1.31437	1.31440			6
2025.11.10	01:40:19.037	1.31435	1.31438			6
2025.11.10	01:40:19.340	1.31436	1.31439			6
2025.11.10	01:40:19.650	1.31434	1.31437			6
2025.11.10	01:40:19.959	1.31427	1.31430			6
2025.11.10	01:40:20.578	1.31426	1.31429			6
2025.11.10	01:40:24.288	1.31419	1.31436			6
2025.11.10	01:40:24.903	1.31420				2
2025.11.10	01:40:25.214	1.31431	1.31434			6
2025.11.10	01:40:25.521	1.31432	1.31435			6
2025.11.10	01:40:27.685	1.31433	1.31436			6
2025.11.10	01:40:28.307	1.31432	1.31435			6
2025.11.10	01:40:36.359	1.31421	1.31439			6
2025.11.10	01:40:38.217		1.31438			4
2025.11.10	01:40:39.150	1.31420	1.31439			6
2025.11.10	01:40:40.084	1.31433	1.31436			6
2025.11.10	01:41:00.270	1.31433				2
2025.11.10	01:41:05.187	1.31431	1.31434			6
2025.11.10	01:41:05.490	1.31434	1.31437			6
2025.11.10	01:41:05.797	1.31435	1.31438			6
2025.11.10	01:41:10.674	1.31439	1.31441			6
2025.11.10	01:41:10.980	1.31435	1.31438			6
2025.11.10	01:41:12.209	1.31431	1.31434			6
2025.11.10	01:41:12.517	1.31434	1.31437			6
2025.11.10	01:41:12.820	1.31422	1.31439			6
2025.11.10	01:41:13.128	1.31421	1.31438			6
2025.11.10	01:41:13.751	1.31422				2
2025.11.10	01:41:14.987	1.31434	1.31437			6
2025.11.10	01:41:15.294	1.31437	1.31440			6
2025.11.10	01:41:15.902	1.31433	1.31436			6
2025.11.10	01:41:18.967	1.31434	1.31437			6
2025.11.10	01:41:24.484	1.31433	1.31436			6
2025.11.10	01:41:25.709	1.31435	1.31438			6
2025.11.10	01:41:26.627	1.31434	1.31437			6
2025.11.10	01:41:26.939	1.31435	1.31438			6
2025.11.10	01:41:28.487		1.31437			4
2025.11.10	01:41:28.793	1.31434				2
2025.11.10	01:41:32.793		1.31436			4
2025.11.10	01:41:36.170		1.31437			4
2025.11.10	01:41:36.482	1.31433	1.31436			6
2025.11.10	01:41:39.528	1.31432	1.31435			6
2025.11.10	01:41:47.503	1.31433	1.31436			6
2025.11.10	01:42:00.009	1.31433				2
2025.11.10	01:42:00.616	1.31434	1.31437			6
2025.11.10	01:42:03.370	1.31433	1.31436			6
2025.11.10	01:42:04.293	1.31434	1.31437			6
2025.11.10	01:42:05.226		1.31436			4
2025.11.10	01:42:05.537		1.31437			4
2025.11.10	01:42:06.148	1.31433	1.31436			6
2025.11.10	01:42:14.102	1.31434	1.31437			6
2025.11.10	01:42:22.093	1.31433	1.31436			6
2025.11.10	01:42:22.412	1.31434	1.31437			6
2025.11.10	01:42:33.878	1.31436	1.31439			6
2025.11.10	01:42:35.112	1.31434	1.31437			6
2025.11.10	01:42:42.558	1.31435				2
2025.11.10	01:42:53.375	1.31434				2
2025.11.10	01:42:59.243	1.31435				2
2025.11.10	01:43:00.174	1.31435				2
2025.11.10	01:43:03.256	1.31433	1.31436			6
2025.11.10	01:43:05.425	1.31434	1.31437			6
2025.11.10	01:43:07.591	1.31433	1.31436			6
2025.11.10	01:43:12.243	1.31439	1.31440			6
2025.11.10	01:43:12.545	1.31434	1.31437			6
2025.11.10	01:43:12.863	1.31433	1.31436			6
2025.11.10	01:43:22.447	1.31434	1.31437			6
2025.11.10	01:43:24.311	1.31433	1.31436			6
2025.11.10	01:43:29.576	1.31434	1.31437			6
2025.11.10	01:43:30.192		1.31436			4
2025.11.10	01:43:31.120		1.31437			4
2025.11.10	01:43:34.518		1.31436			4
2025.11.10	01:43:39.158		1.31437			4
2025.11.10	01:43:40.399	1.31433	1.31436			6
2025.11.10	01:43:41.332	1.31434	1.31437			6
2025.11.10	01:43:42.272	1.31435				2
2025.11.10	01:43:43.197		1.31438			4
2025.11.10	01:43:43.513		1.31437			4
2025.11.10	01:43:44.137	1.31434				2
2025.11.10	01:43:53.445		1.31436			4
2025.11.10	01:43:54.069		1.31437			4
2025.11.10	01:44:00.280	1.31434				2
2025.11.10	01:44:01.518	1.31431	1.31434			6
2025.11.10	01:44:01.821	1.31432	1.31435			6
2025.11.10	01:44:04.631	1.31431	1.31434			6
2025.11.10	01:44:05.556	1.31432	1.31435			6
2025.11.10	01:44:05.862	1.31431	1.31433			6
2025.11.10	01:44:06.485		1.31432			4
2025.11.10	01:44:07.101	1.31424	1.31427			6
2025.11.10	01:44:07.713	1.31423	1.31426			6
2025.11.10	01:44:08.015	1.31422	1.31425			6
2025.11.10	01:44:08.633	1.31423	1.31426			6
2025.11.10	01:44:08.949	1.31424	1.31427			6
2025.11.10	01:44:18.290	1.31423	1.31426			6
2025.11.10	01:44:19.215	1.31424	1.31427			6
2025.11.10	01:44:27.894	1.31423	1.31426			6
2025.11.10	01:44:28.818	1.31424	1.31427			6
2025.11.10	01:44:29.735	1.31425				2
2025.11.10	01:44:30.051	1.31424				2
2025.11.10	01:44:32.843		1.31426			4
2025.11.10	01:44:34.391		1.31427			4
2025.11.10	01:44:38.404	1.31431	1.31433			6
2025.11.10	01:44:39.027	1.31433	1.31436			6
2025.11.10	01:44:40.259	1.31435	1.31438			6
2025.11.10	01:44:49.236	1.31433	1.31436			6
2025.11.10	01:44:50.155	1.31434	1.31437			6
2025.11.10	01:44:50.468	1.31433	1.31436			6
2025.11.10	01:44:50.777	1.31434	1.31437			6
2025.11.10	01:44:51.089	1.31433	1.31436			6
2025.11.10	01:44:51.705	1.31432	1.31435			6
2025.11.10	01:44:52.022	1.31433	1.31436			6
2025.11.10	01:45:00.099	1.31426	1.31429			6
2025.11.10	01:45:02.922	1.31427	1.31430			6
2025.11.10	01:45:03.532	1.31426	1.31429			6
2025.11.10	01:45:05.092	1.31425	1.31428			6
2025.11.10	01:45:05.405	1.31426	1.31429			6
2025.11.10	01:45:05.711	1.31425	1.31428			6
2025.11.10	01:45:06.315	1.31426	1.31429			6
2025.11.10	01:45:10.354	1.31427	1.31430			6
2025.11.10	01:45:11.912	1.31426	1.31429			6
2025.11.10	01:45:12.531	1.31425	1.31428			6
2025.11.10	01:45:12.840	1.31426	1.31429			6
2025.11.10	01:45:15.327	1.31427	1.31430			6
2025.11.10	01:45:15.639	1.31426	1.31429			6
2025.11.10	01:45:16.566	1.31427	1.31430			6
2025.11.10	01:45:17.498	1.31428	1.31431			6
2025.11.10	01:45:17.802	1.31427	1.31430			6
2025.11.10	01:45:18.104	1.31426	1.31429			6
2025.11.10	01:45:18.712	1.31427	1.31430			6
2025.11.10	01:45:19.041	1.31426	1.31429			6
2025.11.10	01:45:21.204	1.31425	1.31428			6
2025.11.10	01:45:25.839	1.31426	1.31429			6
2025.11.10	01:45:26.462	1.31427				2
2025.11.10	01:45:26.766	1.31426				2
2025.11.10	01:45:30.802	1.31425	1.31428			6
2025.11.10	01:45:32.369	1.31426	1.31429			6
2025.11.10	01:45:35.810	1.31427	1.31430			6
2025.11.10	01:45:37.676	1.31426	1.31429			6
2025.11.10	01:45:39.530	1.31423	1.31426			6
2025.11.10	01:45:40.152	1.31426	1.31429			6
2025.11.10	01:45:40.468	1.31425	1.31428			6
2025.11.10	01:45:41.398	1.31426	1.31429			6
2025.11.10	01:45:45.436	1.31423	1.31426			6
2025.11.10	01:45:45.751	1.31421	1.31424			6
2025.11.10	01:45:49.181	1.31423	1.31426			6
2025.11.10	01:45:50.109	1.31426	1.31429			6
2025.11.10	01:45:51.033		1.31428			4
2025.11.10	01:45:51.340	1.31423	1.31426			6
2025.11.10	01:45:53.514	1.31422	1.31425			6
2025.11.10	01:45:54.126	1.31423	1.31426			6
2025.11.10	01:45:57.199	1.31426	1.31429			6
2025.11.10	01:45:57.500	1.31427				2
2025.11.10	01:45:57.803	1.31426				2
2025.11.10	01:46:00.289	1.31426				2
2025.11.10	01:46:02.756	1.31423	1.31426			6
2025.11.10	01:46:04.281	1.31426	1.31429			6
2025.11.10	01:46:05.826	1.31427				2
2025.11.10	01:46:06.135	1.31426				2
2025.11.10	01:46:13.566	1.31428	1.31430			6
2025.11.10	01:46:13.879	1.31427				2
2025.11.10	01:46:14.190		1.31429			4
2025.11.10	01:46:14.501		1.31430			4
2025.11.10	01:46:15.427	1.31426	1.31429			6
2025.11.10	01:46:16.673	1.31427				2
2025.11.10	01:46:17.297		1.31430			4
2025.11.10	01:46:18.239	1.31426	1.31429			6
2025.11.10	01:46:18.551	1.31427	1.31430			6
2025.11.10	01:46:19.158	1.31426	1.31429			6
2025.11.10	01:46:22.278	1.31427	1.31430			6
2025.11.10	01:46:25.683	1.31426	1.31429			6
2025.11.10	01:46:26.299	1.31427	1.31430			6
2025.11.10	01:46:28.772	1.31426	1.31429			6
2025.11.10	01:46:29.081	1.31427	1.31430			6
2025.11.10	01:46:29.691	1.31426	1.31429			6
