<DATE>	<TIME>	<BID>	<ASK>	<LAST>	<VOLUME>	<FLAGS>
2025.07.30	00:03:30.904	1.33440	1.33530			6
2025.07.30	00:04:00.065	1.33440				2
2025.07.30	00:04:31.100		1.33530			4
2025.07.30	00:05:00.258	1.33440				2
2025.07.30	00:05:03.938	1.33446	1.33536			6
2025.07.30	00:05:11.593	1.33440	1.33530			6
2025.07.30	00:06:00.202	1.33440				2
2025.07.30	00:06:11.822		1.33530			4
2025.07.30	00:06:44.899	1.33441	1.33531			6
2025.07.30	00:07:00.280	1.33441				2
2025.07.30	00:07:44.916		1.33531			4
2025.07.30	00:08:00.289	1.33441				2
2025.07.30	00:08:45.200		1.33531			4
2025.07.30	00:09:00.283	1.33441				2
2025.07.30	00:09:41.850	1.33467				2
2025.07.30	00:09:45.239		1.33531			4
2025.07.30	00:09:46.787	1.33441				2
2025.07.30	00:09:55.721	1.33426	1.33631			6
2025.07.30	00:09:56.640	1.33443	1.33533			6
2025.07.30	00:10:00.031	1.33443				2
2025.07.30	00:10:01.578	1.33446	1.33536			6
2025.07.30	00:11:00.113	1.33446				2
2025.07.30	00:11:01.657		1.33536			4
2025.07.30	00:12:00.048	1.33446				2
2025.07.30	00:12:01.895		1.33536			4
2025.07.30	00:13:00.157	1.33446				2
2025.07.30	00:13:02.003		1.33536			4
2025.07.30	00:14:00.239	1.33446				2
2025.07.30	00:14:02.094		1.33536			4
2025.07.30	00:15:00.023	1.33446				2
2025.07.30	00:15:02.174		1.33536			4
2025.07.30	00:16:55.939	1.33446	1.33536			6
2025.07.30	00:17:00.252	1.33446				2
2025.07.30	00:17:56.065		1.33536			4
2025.07.30	00:18:00.066	1.33446				2
2025.07.30	00:18:56.090		1.33536			4
2025.07.30	00:19:00.097	1.33446				2
2025.07.30	00:19:56.142		1.33536			4
2025.07.30	00:20:00.156	1.33446				2
2025.07.30	00:20:00.462	1.33401	1.33623			6
2025.07.30	00:20:01.389		1.33624			4
2025.07.30	00:20:01.692		1.33623			4
2025.07.30	00:20:02.928		1.33624			4
2025.07.30	00:20:03.551		1.33623			4
2025.07.30	00:20:03.856		1.33624			4
2025.07.30	00:20:05.088		1.33623			4
2025.07.30	00:20:10.950		1.33622			4
2025.07.30	00:20:34.052		1.33615			4
2025.07.30	00:20:34.355	1.33383	1.33614			6
2025.07.30	00:20:35.282		1.33615			4
2025.07.30	00:20:35.589		1.33614			4
2025.07.30	00:20:42.382		1.33613			4
2025.07.30	00:20:42.996		1.33614			4
2025.07.30	00:20:47.612		1.33616			4
2025.07.30	00:20:48.229		1.33617			4
2025.07.30	00:20:52.548		1.33613			4
2025.07.30	00:20:52.855		1.33614			4
2025.07.30	00:20:55.937		1.33615			4
2025.07.30	00:21:00.263	1.33383				2
2025.07.30	00:21:04.581		1.33617			4
2025.07.30	00:21:09.518		1.33615			4
2025.07.30	00:21:10.761		1.33616			4
2025.07.30	00:21:23.990		1.33617			4
2025.07.30	00:21:25.527		1.33611			4
2025.07.30	00:21:29.845		1.33612			4
2025.07.30	00:21:30.155		1.33613			4
2025.07.30	00:21:45.571		1.33612			4
2025.07.30	00:21:46.802		1.33613			4
2025.07.30	00:22:00.041	1.33383	1.33612			6
2025.07.30	00:22:01.578		1.33611			4
2025.07.30	00:22:05.279		1.33612			4
2025.07.30	00:22:05.588		1.33613			4
2025.07.30	00:22:10.197	1.33395	1.33596			6
2025.07.30	00:22:50.998	1.33393				2
2025.07.30	00:22:51.523	1.33408				2
2025.07.30	00:23:05.580	1.33408				2
2025.07.30	00:23:10.261		1.33596			4
2025.07.30	00:23:49.659	1.33467				2
2025.07.30	00:23:50.762	1.33410				2
2025.07.30	00:23:55.978	1.33467				2
2025.07.30	00:24:00.358	1.33467				2
2025.07.30	00:24:10.362		1.33596			4
2025.07.30	00:24:13.557		1.33598			4
2025.07.30	00:24:30.360		1.33583			4
2025.07.30	00:24:30.678		1.33580			4
2025.07.30	00:24:32.219		1.33586			4
2025.07.30	00:24:37.457		1.33585			4
2025.07.30	00:24:37.769		1.33578			4
2025.07.30	00:24:41.160		1.33597			4
2025.07.30	00:25:00.785	1.33467				2
2025.07.30	00:25:04.519		1.33607			4
2025.07.30	00:25:07.805		1.33598			4
2025.07.30	00:25:30.213		1.33602			4
2025.07.30	00:25:40.085		1.33604			4
2025.07.30	00:26:00.430	1.33467				2
2025.07.30	00:26:22.135		1.33609			4
2025.07.30	00:26:27.469		1.33603			4
2025.07.30	00:26:51.421		1.33601			4
2025.07.30	00:27:02.350	1.33467				2
2025.07.30	00:27:17.001		1.33607			4
2025.07.30	00:27:39.480		1.33616			4
2025.07.30	00:27:40.080		1.33610			4
2025.07.30	00:28:00.361	1.33467				2
2025.07.30	00:28:22.220		1.33616			4
2025.07.30	00:28:23.250		1.33610			4
2025.07.30	00:28:47.676		1.33616			4
2025.07.30	00:28:57.680		1.33610			4
2025.07.30	00:29:01.897	1.33467				2
2025.07.30	00:29:47.677	1.33459	1.33611			6
2025.07.30	00:29:48.696		1.33609			4
2025.07.30	00:29:50.280		1.33610			4
2025.07.30	00:29:51.479		1.33611			4
2025.07.30	00:30:00.181	1.33459	1.33609			6
2025.07.30	00:30:00.482	1.33461	1.33608			6
2025.07.30	00:30:02.872		1.33607			4
2025.07.30	00:30:03.796		1.33608			4
2025.07.30	00:30:09.806	1.33467				2
2025.07.30	00:30:13.615		1.33607			4
2025.07.30	00:30:14.828		1.33606			4
2025.07.30	00:30:15.740		1.33607			4
2025.07.30	00:30:19.105		1.33606			4
2025.07.30	00:30:19.411	1.33469	1.33607			6
2025.07.30	00:30:25.509	1.33470	1.33608			6
2025.07.30	00:30:27.346	1.33471				2
2025.07.30	00:30:30.070	1.33472				2
2025.07.30	00:30:33.724	1.33473	1.33607			6
2025.07.30	00:30:34.941	1.33481	1.33620			6
2025.07.30	00:30:39.830	1.33478				2
2025.07.30	00:30:40.140	1.33481				2
2025.07.30	00:30:41.070	1.33477				2
2025.07.30	00:30:41.375	1.33479				2
2025.07.30	00:30:44.787	1.33480				2
2025.07.30	00:30:48.799	1.33467				2
2025.07.30	00:30:49.100	1.33475				2
2025.07.30	00:30:49.402	1.33474				2
2025.07.30	00:30:50.026	1.33475				2
2025.07.30	00:30:51.260	1.33476				2
2025.07.30	00:30:53.116	1.33467				2
2025.07.30	00:30:53.419	1.33478				2
2025.07.30	00:30:53.739	1.33477				2
2025.07.30	00:30:56.825	1.33478				2
2025.07.30	00:30:58.669	1.33481				2
2025.07.30	00:31:00.210	1.33481	1.33618			6
2025.07.30	00:31:00.532	1.33480				2
2025.07.30	00:31:05.457	1.33481				2
2025.07.30	00:31:06.688	1.33486				2
2025.07.30	00:31:06.995	1.33489				2
2025.07.30	00:31:08.542	1.33488				2
2025.07.30	00:31:09.155	1.33489				2
2025.07.30	00:31:09.460	1.33487				2
2025.07.30	00:31:10.691	1.33488				2
2025.07.30	00:31:11.305	1.33489				2
2025.07.30	00:31:13.468	1.33482				2
2025.07.30	00:31:13.773	1.33476	1.33615			6
2025.07.30	00:31:14.080	1.33475				2
2025.07.30	00:31:15.008	1.33476				2
2025.07.30	00:31:16.859	1.33482	1.33611			6
2025.07.30	00:31:17.779	1.33484	1.33614			6
2025.07.30	00:31:21.161	1.33485				2
2025.07.30	00:31:22.705	1.33487				2
2025.07.30	00:31:24.560	1.33489				2
2025.07.30	00:31:27.627	1.33475				2
2025.07.30	00:31:31.320	1.33488				2
2025.07.30	00:31:31.629	1.33485				2
2025.07.30	00:31:31.936	1.33486				2
2025.07.30	00:31:35.013	1.33487				2
2025.07.30	00:31:35.318	1.33484				2
2025.07.30	00:31:35.625		1.33611			4
2025.07.30	00:31:35.932	1.33486				2
2025.07.30	00:31:37.164	1.33487				2
2025.07.30	00:31:39.305	1.33488				2
2025.07.30	00:31:41.146	1.33489				2
2025.07.30	00:31:44.211	1.33490				2
2025.07.30	00:31:44.824	1.33491				2
2025.07.30	00:31:47.285	1.33492				2
2025.07.30	00:31:48.205	1.33493				2
2025.07.30	00:31:53.098	1.33494				2
2025.07.30	00:31:54.633	1.33495				2
2025.07.30	00:31:55.249	1.33496				2
2025.07.30	00:31:57.700	1.33497				2
2025.07.30	00:32:00.154	1.33497				2
2025.07.30	00:32:00.771	1.33498	1.33615			6
2025.07.30	00:32:01.689	1.33497	1.33611			6
2025.07.30	00:33:00.073	1.33497				2
2025.07.30	00:33:01.914		1.33611			4
2025.07.30	00:33:14.200	1.33496				2
2025.07.30	00:33:15.118	1.33497	1.33615			6
2025.07.30	00:33:16.039		1.33611			4
2025.07.30	00:33:24.654	1.33498				2
2025.07.30	00:33:25.573	1.33497				2
2025.07.30	00:34:00.098	1.33497				2
2025.07.30	00:34:01.941	1.33498				2
2025.07.30	00:34:07.485	1.33497				2
2025.07.30	00:34:16.311		1.33611			4
2025.07.30	00:34:44.384	1.33496				2
2025.07.30	00:34:53.927	1.33497				2
2025.07.30	00:35:00.090	1.33497				2
2025.07.30	00:35:13.340	1.33492	1.33606			6
2025.07.30	00:35:17.340		1.33605			4
2025.07.30	00:35:32.441	1.33488	1.33610			6
2025.07.30	00:35:33.056	1.33471	1.33604			6
2025.07.30	00:35:33.671	1.33470	1.33602			6
2025.07.30	00:35:34.898	1.33468	1.33604			6
2025.07.30	00:35:35.206	1.33470				2
2025.07.30	00:35:37.359		1.33603			4
2025.07.30	00:35:40.134		1.33604			4
2025.07.30	00:35:44.132	1.33467				2
2025.07.30	00:35:44.434		1.33603			4
2025.07.30	00:35:44.740	1.33468	1.33604			6
2025.07.30	00:35:45.357	1.33467				2
2025.07.30	00:35:49.042	1.33464	1.33602			6
2025.07.30	00:35:49.347	1.33472	1.33603			6
2025.07.30	00:35:49.965	1.33466	1.33604			6
2025.07.30	00:35:50.274	1.33464				2
2025.07.30	00:35:50.891	1.33463				2
2025.07.30	00:35:51.813	1.33471	1.33611			6
2025.07.30	00:35:52.121	1.33489	1.33606			6
2025.07.30	00:35:52.430	1.33486				2
2025.07.30	00:35:52.740	1.33485	1.33605			6
2025.07.30	00:35:53.976	1.33484	1.33607			6
2025.07.30	00:35:55.201		1.33606			4
2025.07.30	00:35:58.583	1.33488	1.33602			6
2025.07.30	00:35:59.812		1.33601			4
2025.07.30	00:36:00.116	1.33488	1.33603			6
2025.07.30	00:36:00.420	1.33492	1.33600			6
2025.07.30	00:36:00.721	1.33494	1.33596			6
2025.07.30	00:36:01.030	1.33495	1.33599			6
2025.07.30	00:36:01.332	1.33488	1.33604			6
2025.07.30	00:36:01.944	1.33491	1.33600			6
2025.07.30	00:36:04.396	1.33496	1.33597			6
2025.07.30	00:36:05.614	1.33485	1.33605			6
2025.07.30	00:36:06.226	1.33486				2
2025.07.30	00:36:07.140	1.33487				2
2025.07.30	00:36:10.525	1.33488				2
2025.07.30	00:36:11.758	1.33490	1.33602			6
2025.07.30	00:36:12.060	1.33492	1.33599			6
2025.07.30	00:36:16.680	1.33489	1.33605			6
2025.07.30	00:36:17.602	1.33487	1.33606			6
2025.07.30	00:36:19.761		1.33604			4
2025.07.30	00:36:20.370	1.33489	1.33605			6
2025.07.30	00:36:23.757		1.33601			4
2025.07.30	00:36:26.831	1.33490	1.33605			6
2025.07.30	00:36:27.134	1.33488	1.33606			6
2025.07.30	00:36:28.675	1.33489				2
2025.07.30	00:36:28.980	1.33480	1.33599			6
2025.07.30	00:36:29.290	1.33483				2
2025.07.30	00:36:31.443	1.33487	1.33601			6
2025.07.30	00:36:31.752		1.33598			4
2025.07.30	00:36:34.210	1.33485				2
2025.07.30	00:36:35.757		1.33599			4
2025.07.30	00:36:38.523	1.33486	1.33600			6
2025.07.30	00:36:49.290		1.33599			4
2025.07.30	00:36:56.661		1.33600			4
2025.07.30	00:36:56.971	1.33491	1.33596			6
2025.07.30	00:36:57.887	1.33486	1.33601			6
2025.07.30	00:36:58.501	1.33491	1.33596			6
2025.07.30	00:37:00.037	1.33491				2
2025.07.30	00:37:05.888	1.33485	1.33601			6
2025.07.30	00:37:06.509	1.33490	1.33595			6
2025.07.30	00:37:06.821	1.33485	1.33600			6
2025.07.30	00:37:07.122	1.33488	1.33598			6
2025.07.30	00:37:07.741	1.33487				2
2025.07.30	00:37:08.050	1.33490	1.33594			6
2025.07.30	00:37:08.354	1.33494	1.33588			6
2025.07.30	00:37:08.661	1.33490	1.33593			6
2025.07.30	00:37:09.587	1.33489	1.33594			6
2025.07.30	00:37:09.894	1.33485	1.33592			6
2025.07.30	00:37:10.824	1.33489				2
2025.07.30	00:37:11.129	1.33487	1.33595			6
2025.07.30	00:37:11.440	1.33490	1.33591			6
2025.07.30	00:37:11.748		1.33590			4
2025.07.30	00:37:12.054		1.33586			4
2025.07.30	00:37:12.670		1.33589			4
2025.07.30	00:37:13.280	1.33494	1.33588			6
2025.07.30	00:37:13.596	1.33496	1.33586			6
2025.07.30	00:37:13.900	1.33494	1.33584			6
2025.07.30	00:37:14.810	1.33496	1.33586			6
2025.07.30	00:37:15.116	1.33489	1.33590			6
2025.07.30	00:37:15.436	1.33494	1.33584			6
2025.07.30	00:37:15.743	1.33492	1.33592			6
2025.07.30	00:37:16.662		1.33591			4
2025.07.30	00:37:16.974	1.33491	1.33594			6
2025.07.30	00:37:19.437	1.33493	1.33592			6
2025.07.30	00:37:20.360		1.33591			4
2025.07.30	00:37:20.670	1.33492	1.33592			6
2025.07.30	00:37:20.975	1.33497	1.33587			6
2025.07.30	00:37:21.279	1.33496	1.33586			6
2025.07.30	00:37:22.187		1.33587			4
2025.07.30	00:37:22.490		1.33586			4
2025.07.30	00:37:22.793	1.33491	1.33594			6
2025.07.30	00:37:23.097	1.33495	1.33591			6
2025.07.30	00:37:24.023	1.33490	1.33595			6
2025.07.30	00:37:24.329	1.33489	1.33594			6
2025.07.30	00:37:24.942	1.33490	1.33595			6
2025.07.30	00:37:25.858	1.33493	1.33591			6
2025.07.30	00:37:28.942	1.33488	1.33595			6
2025.07.30	00:37:29.252	1.33491	1.33593			6
2025.07.30	00:37:29.561	1.33494	1.33591			6
2025.07.30	00:37:32.034	1.33492	1.33594			6
2025.07.30	00:37:33.566	1.33493	1.33591			6
2025.07.30	00:37:35.108	1.33494				2
2025.07.30	00:37:36.337	1.33492	1.33594			6
2025.07.30	00:37:37.568	1.33496	1.33588			6
2025.07.30	00:37:39.115	1.33497	1.33587			6
2025.07.30	00:37:41.255	1.33496	1.33588			6
2025.07.30	00:37:41.566	1.33492	1.33593			6
2025.07.30	00:37:41.868		1.33591			4
2025.07.30	00:37:43.412	1.33493	1.33592			6
2025.07.30	00:37:43.719	1.33497	1.33587			6
2025.07.30	00:37:44.022	1.33493	1.33593			6
2025.07.30	00:37:44.939	1.33492	1.33591			6
2025.07.30	00:37:46.171	1.33494				2
2025.07.30	00:37:52.316	1.33495	1.33592			6
2025.07.30	00:37:53.548	1.33496	1.33588			6
2025.07.30	00:37:54.468	1.33497	1.33589			6
2025.07.30	00:37:59.707	1.33494	1.33592			6
2025.07.30	00:38:00.012	1.33494				2
2025.07.30	00:38:00.325	1.33498	1.33588			6
2025.07.30	00:38:00.932	1.33494	1.33592			6
2025.07.30	00:38:01.237	1.33495				2
2025.07.30	00:38:03.998	1.33496	1.33589			6
2025.07.30	00:38:04.306	1.33498	1.33588			6
2025.07.30	00:38:05.837	1.33499	1.33589			6
2025.07.30	00:38:08.274	1.33498	1.33588			6
2025.07.30	00:38:08.892	1.33495	1.33591			6
2025.07.30	00:38:09.200	1.33498	1.33588			6
2025.07.30	00:38:10.126	1.33497	1.33590			6
2025.07.30	00:38:11.661	1.33495	1.33585			6
2025.07.30	00:38:12.886	1.33497	1.33587			6
2025.07.30	00:38:13.196	1.33493	1.33583			6
2025.07.30	00:38:13.816	1.33494	1.33588			6
2025.07.30	00:38:15.048	1.33496	1.33589			6
2025.07.30	00:38:15.355	1.33497	1.33587			6
2025.07.30	00:38:17.516	1.33490	1.33593			6
2025.07.30	00:38:17.820	1.33497	1.33589			6
2025.07.30	00:38:18.128	1.33496	1.33587			6
2025.07.30	00:38:18.433	1.33497				2
2025.07.30	00:38:18.741	1.33494	1.33591			6
2025.07.30	00:38:19.052	1.33496	1.33590			6
2025.07.30	00:38:19.675		1.33589			4
2025.07.30	00:38:19.978		1.33587			4
2025.07.30	00:38:20.901		1.33591			4
2025.07.30	00:38:27.359	1.33495	1.33588			6
2025.07.30	00:38:28.900	1.33491	1.33589			6
2025.07.30	00:38:29.209	1.33496	1.33586			6
2025.07.30	00:38:29.828	1.33497				2
2025.07.30	00:38:30.135	1.33485				2
2025.07.30	00:38:30.442		1.33583			4
2025.07.30	00:38:31.058	1.33486	1.33584			6
2025.07.30	00:38:31.365	1.33480	1.33577			6
2025.07.30	00:38:31.674	1.33488				2
2025.07.30	00:38:32.292	1.33490				2
2025.07.30	00:38:33.212	1.33495				2
2025.07.30	00:38:33.523	1.33496				2
2025.07.30	00:38:34.138	1.33497				2
2025.07.30	00:38:35.680	1.33495				2
2025.07.30	00:38:37.837	1.33497				2
2025.07.30	00:38:41.839	1.33496	1.33597			6
2025.07.30	00:38:42.153	1.33492	1.33594			6
2025.07.30	00:38:42.456	1.33484	1.33589			6
2025.07.30	00:38:43.076	1.33477	1.33599			6
2025.07.30	00:38:43.381	1.33479	1.33588			6
2025.07.30	00:38:43.690	1.33490	1.33580			6
2025.07.30	00:38:43.999	1.33491	1.33581			6
2025.07.30	00:38:44.616	1.33485	1.33585			6
2025.07.30	00:38:44.926	1.33490				2
2025.07.30	00:38:46.467	1.33489	1.33574			6
2025.07.30	00:38:46.775	1.33495	1.33572			6
2025.07.30	00:38:47.082	1.33488				2
2025.07.30	00:38:47.388		1.33570			4
2025.07.30	00:38:47.698	1.33492				2
2025.07.30	00:38:48.007	1.33493	1.33574			6
2025.07.30	00:38:48.932	1.33498				2
2025.07.30	00:38:49.239	1.33483	1.33592			6
2025.07.30	00:38:49.553	1.33485	1.33602			6
2025.07.30	00:38:49.856	1.33480	1.33603			6
2025.07.30	00:38:50.780		1.33600			4
2025.07.30	00:38:51.396	1.33479				2
2025.07.30	00:38:52.626	1.33478				2
2025.07.30	00:38:53.862	1.33477	1.33601			6
2025.07.30	00:38:55.701		1.33602			4
2025.07.30	00:39:00.014	1.33477				2
2025.07.30	00:39:03.087	1.33478				2
2025.07.30	00:39:06.476	1.33477				2
2025.07.30	00:39:10.495		1.33603			4
2025.07.30	00:39:12.950	1.33461				2
2025.07.30	00:39:16.342	1.33462				2
2025.07.30	00:39:20.039	1.33471				2
2025.07.30	00:39:23.119		1.33604			4
2025.07.30	00:39:26.205	1.33472				2
2025.07.30	00:39:27.747	1.33460				2
2025.07.30	00:39:35.881		1.33605			4
2025.07.30	00:39:52.386		1.33606			4
2025.07.30	00:39:54.380		1.33605			4
2025.07.30	00:39:58.680		1.33606			4
2025.07.30	00:40:00.362	1.33460				2
2025.07.30	00:40:10.348		1.33607			4
2025.07.30	00:40:12.853		1.33609			4
2025.07.30	00:40:13.155		1.33604			4
2025.07.30	00:40:26.395	1.33483				2
2025.07.30	00:40:28.531	1.33460				2
2025.07.30	00:41:00.249	1.33460				2
2025.07.30	00:41:13.185		1.33604			4
2025.07.30	00:42:00.277	1.33460				2
2025.07.30	00:42:10.136	1.33485				2
2025.07.30	00:42:13.189		1.33604			4
2025.07.30	00:42:22.633	1.33460				2
2025.07.30	00:43:00.206	1.33460				2
2025.07.30	00:43:03.595	1.33486				2
2025.07.30	00:43:06.332	1.33460				2
2025.07.30	00:43:13.401		1.33604			4
2025.07.30	00:43:18.013	1.33487				2
2025.07.30	00:43:31.719	1.33460				2
2025.07.30	00:43:41.233	1.33485				2
2025.07.30	00:43:43.988	1.33453				2
2025.07.30	00:43:47.379	1.33485				2
2025.07.30	00:43:47.688	1.33453				2
2025.07.30	00:43:53.219	1.33483				2
2025.07.30	00:43:55.369	1.33453				2
2025.07.30	00:44:00.275	1.33453				2
2025.07.30	00:44:07.039	1.33478				2
2025.07.30	00:44:09.471	1.33479				2
2025.07.30	00:44:10.397	1.33480				2
2025.07.30	00:44:11.924	1.33460				2
2025.07.30	00:44:12.853	1.33482				2
2025.07.30	00:44:13.467	1.33460	1.33604			6
2025.07.30	00:44:18.994	1.33491				2
2025.07.30	00:44:26.333	1.33492				2
2025.07.30	00:44:31.501	1.33460				2
2025.07.30	00:44:32.110	1.33492				2
2025.07.30	00:44:35.156	1.33493				2
2025.07.30	00:44:44.594	1.33460				2
2025.07.30	00:44:58.722	1.33492				2
2025.07.30	00:44:59.337	1.33460				2
2025.07.30	00:45:00.257	1.33494				2
2025.07.30	00:45:00.564	1.33460				2
2025.07.30	00:45:00.871	1.33493				2
2025.07.30	00:45:01.489	1.33460				2
2025.07.30	00:45:01.806	1.33498				2
2025.07.30	00:45:02.109	1.33494				2
2025.07.30	00:45:02.415	1.33493				2
2025.07.30	00:45:06.384	1.33494				2
2025.07.30	00:45:10.983	1.33510	1.33588			6
2025.07.30	00:45:16.139	1.33511				2
2025.07.30	00:45:16.443	1.33512				2
2025.07.30	00:45:21.349	1.33513				2
2025.07.30	00:45:29.329	1.33514				2
2025.07.30	00:45:39.405	1.33515				2
2025.07.30	00:45:47.665	1.33476				2
2025.07.30	00:45:49.506	1.33516				2
2025.07.30	00:45:52.560	1.33476				2
2025.07.30	00:45:53.494	1.33516				2
2025.07.30	00:46:00.217	1.33516				2
2025.07.30	00:46:09.943	1.33518				2
2025.07.30	00:46:11.161		1.33588			4
2025.07.30	00:46:14.811	1.33509				2
2025.07.30	00:47:00.069	1.33509				2
2025.07.30	00:47:11.456		1.33588			4
2025.07.30	00:47:14.843	1.33512				2
2025.07.30	00:47:27.774	1.33513				2
2025.07.30	00:47:28.082	1.33476				2
2025.07.30	00:47:28.388	1.33512				2
2025.07.30	00:47:34.533	1.33505				2
2025.07.30	00:47:34.844	1.33510				2
2025.07.30	00:47:36.689	1.33509				2
2025.07.30	00:47:42.534	1.33476				2
2025.07.30	00:47:42.841	1.33511				2
2025.07.30	00:47:57.005	1.33496				2
2025.07.30	00:47:57.310	1.33509				2
2025.07.30	00:47:59.774	1.33510				2
2025.07.30	00:48:00.084	1.33510				2
2025.07.30	00:48:00.393	1.33515				2
2025.07.30	00:48:00.700	1.33514				2
2025.07.30	00:48:02.855	1.33515				2
2025.07.30	00:48:04.396	1.33511				2
2025.07.30	00:48:07.786	1.33513				2
2025.07.30	00:48:11.486	1.33514	1.33588			6
2025.07.30	00:48:13.945	1.33511				2
2025.07.30	00:48:14.252	1.33514				2
2025.07.30	00:48:23.201	1.33476				2
2025.07.30	00:48:24.124	1.33514				2
2025.07.30	00:48:25.049	1.33500				2
2025.07.30	00:48:25.353	1.33476				2
2025.07.30	00:48:28.427	1.33522				2
2025.07.30	00:48:34.857	1.33523				2
2025.07.30	00:48:35.163	1.33524				2
2025.07.30	00:48:35.770	1.33523				2
2025.07.30	00:48:37.284	1.33524				2
2025.07.30	00:48:41.861	1.33525				2
2025.07.30	00:48:47.681	1.33521				2
2025.07.30	00:48:52.317	1.33522				2
2025.07.30	00:48:53.540	1.33523				2
2025.07.30	00:48:53.849	1.33524				2
2025.07.30	00:48:54.467	1.33525				2
2025.07.30	00:49:00.302	1.33525				2
2025.07.30	00:49:00.606	1.33526				2
2025.07.30	00:49:02.134	1.33527				2
2025.07.30	00:49:08.872	1.33524				2
2025.07.30	00:49:11.647		1.33588			4
2025.07.30	00:49:18.751	1.33529				2
2025.07.30	00:49:23.348	1.33520				2
2025.07.30	00:49:23.651	1.33517				2
2025.07.30	00:49:23.961	1.33519				2
2025.07.30	00:49:28.262	1.33525				2
2025.07.30	00:49:31.036	1.33527				2
2025.07.30	00:49:34.111	1.33529				2
2025.07.30	00:49:35.650	1.33527				2
2025.07.30	00:49:36.274	1.33529				2
2025.07.30	00:49:36.575	1.33530				2
2025.07.30	00:49:51.362		1.33598			4
2025.07.30	00:49:52.590	1.33529				2
2025.07.30	00:49:52.896	1.33527	1.33596			6
2025.07.30	00:49:53.204	1.33523	1.33593			6
2025.07.30	00:49:55.977	1.33524				2
2025.07.30	00:49:56.593	1.33525				2
2025.07.30	00:49:57.513	1.33527				2
2025.07.30	00:50:00.284	1.33528				2
2025.07.30	00:50:00.590	1.33531				2
2025.07.30	00:50:02.446	1.33532				2
2025.07.30	00:50:11.700		1.33595			4
2025.07.30	00:51:00.053	1.33532				2
2025.07.30	00:51:11.748		1.33595			4
2025.07.30	00:51:16.051	1.33527				2
2025.07.30	00:51:26.200	1.33528				2
2025.07.30	00:51:33.288	1.33520				2
2025.07.30	00:51:49.000	1.33519				2
2025.07.30	00:51:54.846	1.33518				2
2025.07.30	00:51:58.848	1.33519				2
2025.07.30	00:52:00.078	1.33519				2
2025.07.30	00:52:02.537	1.33517				2
2025.07.30	00:52:02.843	1.33519				2
2025.07.30	00:52:04.690	1.33521				2
2025.07.30	00:52:06.229	1.33518				2
2025.07.30	00:52:07.760	1.33519				2
2025.07.30	00:52:11.750		1.33605			4
2025.07.30	00:52:15.436	1.33520				2
2025.07.30	00:52:17.284		1.33594			4
2025.07.30	00:52:19.442	1.33524				2
2025.07.30	00:52:19.753	1.33484	1.33587			6
2025.07.30	00:52:20.066	1.33494				2
2025.07.30	00:52:20.377	1.33483				2
2025.07.30	00:52:20.682	1.33468	1.33585			6
2025.07.30	00:52:20.993	1.33474				2
2025.07.30	00:52:21.915	1.33476	1.33582			6
2025.07.30	00:52:22.842		1.33580			4
2025.07.30	00:52:25.303	1.33477	1.33574			6
2025.07.30	00:52:25.615	1.33478				2
2025.07.30	00:52:26.235		1.33573			4
2025.07.30	00:52:29.009	1.33451	1.33552			6
2025.07.30	00:52:29.620	1.33450				2
2025.07.30	00:52:29.931		1.33551			4
2025.07.30	00:52:30.235	1.33449				2
2025.07.30	00:52:30.848	1.33447				2
2025.07.30	00:52:32.391		1.33549			4
2025.07.30	00:52:32.693	1.33449				2
2025.07.30	00:52:33.001	1.33448	1.33543			6
2025.07.30	00:52:33.927	1.33446				2
2025.07.30	00:52:34.850	1.33444				2
2025.07.30	00:52:35.774	1.33445				2
2025.07.30	00:52:37.935	1.33444				2
2025.07.30	00:52:42.250	1.33449				2
2025.07.30	00:52:42.859	1.33441				2
2025.07.30	00:52:45.315	1.33461	1.33548			6
2025.07.30	00:52:45.633	1.33470				2
2025.07.30	00:52:46.242	1.33467	1.33550			6
2025.07.30	00:52:46.547	1.33468	1.33545			6
2025.07.30	00:52:46.865	1.33467				2
2025.07.30	00:52:54.559	1.33466				2
2025.07.30	00:52:59.486	1.33467				2
2025.07.30	00:53:00.095	1.33467				2
2025.07.30	00:53:00.406	1.33470				2
2025.07.30	00:53:09.957	1.33464	1.33537			6
2025.07.30	00:53:10.261	1.33453				2
2025.07.30	00:53:10.883	1.33458	1.33538			6
2025.07.30	00:53:11.184		1.33537			4
2025.07.30	00:53:15.496	1.33464	1.33530			6
2025.07.30	00:53:15.802	1.33478				2
2025.07.30	00:53:16.113	1.33477				2
2025.07.30	00:53:16.422	1.33478				2
2025.07.30	00:53:17.034	1.33479	1.33534			6
2025.07.30	00:53:17.657	1.33480				2
2025.07.30	00:53:21.340	1.33474				2
2025.07.30	00:53:23.499	1.33475				2
2025.07.30	00:53:27.497	1.33481				2
2025.07.30	00:53:27.806	1.33482	1.33530			6
2025.07.30	00:53:28.111	1.33488				2
2025.07.30	00:53:28.723	1.33476				2
2025.07.30	00:53:29.642	1.33474				2
2025.07.30	00:53:29.944	1.33476				2
2025.07.30	00:53:44.100	1.33492				2
2025.07.30	00:53:46.854	1.33493				2
2025.07.30	00:53:47.466	1.33491				2
2025.07.30	00:53:49.283	1.33492				2
2025.07.30	00:53:50.207	1.33493				2
2025.07.30	00:53:50.511	1.33494				2
2025.07.30	00:53:50.816	1.33495				2
2025.07.30	00:53:51.724	1.33486				2
2025.07.30	00:54:00.267	1.33486				2
2025.07.30	00:54:10.050	1.33487				2
2025.07.30	00:54:15.289	1.33488				2
2025.07.30	00:54:18.341	1.33489				2
2025.07.30	00:54:19.575	1.33490				2
2025.07.30	00:54:27.557	1.33489				2
2025.07.30	00:54:27.861		1.33530			4
2025.07.30	00:54:29.395		1.33537			4
2025.07.30	00:54:29.701	1.33493				2
2025.07.30	00:54:30.002	1.33495	1.33541			6
2025.07.30	00:54:30.315	1.33491				2
2025.07.30	00:54:30.930	1.33490				2
2025.07.30	00:54:31.237	1.33492				2
2025.07.30	00:54:31.849	1.33482	1.33554			6
2025.07.30	00:54:32.156	1.33489	1.33556			6
2025.07.30	00:54:32.464	1.33476	1.33563			6
2025.07.30	00:54:32.773		1.33570			4
2025.07.30	00:54:33.080		1.33574			4
2025.07.30	00:54:33.391	1.33490				2
2025.07.30	00:54:34.002		1.33573			4
2025.07.30	00:54:34.314	1.33488				2
2025.07.30	00:54:36.766	1.33475	1.33540			6
2025.07.30	00:54:37.077	1.33483	1.33537			6
2025.07.30	00:54:37.383	1.33480				2
2025.07.30	00:54:37.689	1.33483				2
2025.07.30	00:54:37.996	1.33481				2
2025.07.30	00:54:38.308	1.33490				2
2025.07.30	00:54:38.920	1.33488				2
2025.07.30	00:54:39.228	1.33493	1.33538			6
2025.07.30	00:54:39.537	1.33491				2
2025.07.30	00:54:40.766	1.33485				2
2025.07.30	00:54:41.079	1.33490				2
2025.07.30	00:54:41.384	1.33476				2
2025.07.30	00:54:50.307	1.33499				2
2025.07.30	00:54:52.133	1.33476	1.33540			6
2025.07.30	00:55:00.107	1.33476	1.33538			6
2025.07.30	00:55:00.409		1.33537			4
2025.07.30	00:55:09.960	1.33494				2
2025.07.30	00:55:10.265	1.33474	1.33538			6
2025.07.30	00:55:10.575	1.33460	1.33543			6
2025.07.30	00:55:10.883	1.33469	1.33551			6
2025.07.30	00:55:11.184	1.33445	1.33555			6
2025.07.30	00:55:11.491		1.33553			4
2025.07.30	00:55:11.794	1.33468	1.33543			6
2025.07.30	00:55:12.099	1.33474	1.33540			6
2025.07.30	00:55:12.711		1.33539			4
2025.07.30	00:55:13.937		1.33540			4
2025.07.30	00:55:15.175		1.33539			4
2025.07.30	00:55:15.480	1.33460	1.33543			6
2025.07.30	00:55:20.107	1.33486				2
2025.07.30	00:55:23.468	1.33487				2
2025.07.30	00:55:25.917	1.33488				2
2025.07.30	00:55:29.282		1.33538			4
2025.07.30	00:55:30.188	1.33489				2
2025.07.30	00:55:30.490	1.33487				2
2025.07.30	00:55:34.147	1.33488				2
2025.07.30	00:55:37.500	1.33489				2
2025.07.30	00:55:39.343	1.33490				2
2025.07.30	00:55:39.956	1.33491				2
2025.07.30	00:55:51.202	1.33493				2
2025.07.30	00:56:00.051	1.33493				2
2025.07.30	00:56:02.776	1.33494				2
2025.07.30	00:56:04.002	1.33493				2
2025.07.30	00:56:07.357	1.33494				2
2025.07.30	00:56:08.874	1.33495				2
2025.07.30	00:56:12.222	1.33496				2
2025.07.30	00:56:14.055		1.33543			4
2025.07.30	00:56:30.541		1.33538			4
2025.07.30	00:56:34.480	1.33497				2
2025.07.30	00:56:43.895	1.33496				2
2025.07.30	00:56:44.197	1.33497				2
2025.07.30	00:56:50.279	1.33496	1.33543			6
2025.07.30	00:56:50.897	1.33497				2
2025.07.30	00:56:52.445	1.33496				2
2025.07.30	00:56:53.959	1.33497				2
2025.07.30	00:57:00.123	1.33497				2
2025.07.30	00:57:12.147	1.33496				2
2025.07.30	00:57:13.072	1.33498				2
2025.07.30	00:57:13.997	1.33497				2
2025.07.30	00:57:14.612	1.33498				2
2025.07.30	00:57:15.535	1.33502				2
2025.07.30	00:57:15.846	1.33501				2
2025.07.30	00:57:17.694	1.33502				2
2025.07.30	00:57:18.002	1.33501				2
2025.07.30	00:57:34.965	1.33495				2
2025.07.30	00:57:42.970	1.33496				2
2025.07.30	00:57:43.280	1.33495				2
2025.07.30	00:57:50.363		1.33543			4
2025.07.30	00:57:54.995	1.33496				2
2025.07.30	00:58:00.237	1.33496				2
2025.07.30	00:58:19.331	1.33497				2
2025.07.30	00:58:25.802	1.33495	1.33546			6
2025.07.30	00:58:26.105	1.33496				2
2025.07.30	00:58:26.414	1.33495				2
2025.07.30	00:58:27.647	1.33496				2
2025.07.30	00:58:28.566	1.33495	1.33556			6
2025.07.30	00:58:40.289	1.33496				2
2025.07.30	00:58:41.520	1.33497	1.33557			6
2025.07.30	00:58:43.054		1.33546			4
2025.07.30	00:58:47.989	1.33498				2
2025.07.30	00:58:48.293	1.33497				2
2025.07.30	00:58:57.251	1.33496				2
2025.07.30	00:58:58.176	1.33497				2
2025.07.30	00:59:00.025	1.33497				2
2025.07.30	00:59:10.522	1.33498				2
2025.07.30	00:59:19.776	1.33472				2
2025.07.30	00:59:25.621	1.33471				2
2025.07.30	00:59:25.930	1.33493				2
2025.07.30	00:59:26.548	1.33469				2
2025.07.30	00:59:26.854	1.33471				2
2025.07.30	00:59:42.875	1.33497				2
2025.07.30	00:59:43.178		1.33546			4
2025.07.30	00:59:46.522	1.33476	1.33550			6
2025.07.30	00:59:46.823	1.33473	1.33546			6
2025.07.30	00:59:47.437	1.33472				2
2025.07.30	00:59:49.584		1.33548			4
2025.07.30	00:59:49.890	1.33476	1.33585			6
2025.07.30	00:59:50.199	1.33495				2
2025.07.30	00:59:50.507	1.33490	1.33586			6
2025.07.30	00:59:50.808	1.33476	1.33584			6
2025.07.30	00:59:51.121	1.33502				2
2025.07.30	00:59:51.735	1.33476	1.33583			6
2025.07.30	00:59:52.037		1.33580			4
2025.07.30	00:59:52.650		1.33583			4
2025.07.30	00:59:52.961		1.33580			4
2025.07.30	00:59:53.262		1.33581			4
2025.07.30	00:59:54.182	1.33497				2
2025.07.30	00:59:55.101	1.33476	1.33582			6
2025.07.30	00:59:57.241	1.33454	1.33550			6
2025.07.30	00:59:57.545	1.33491				2
2025.07.30	00:59:57.850	1.33437				2
2025.07.30	00:59:58.771	1.33438	1.33554			6
2025.07.30	00:59:59.075		1.33556			4
2025.07.30	00:59:59.687		1.33555			4
2025.07.30	01:00:00.303	1.33480	1.33558			6
2025.07.30	01:00:00.606	1.33450	1.33561			6
2025.07.30	01:00:00.920	1.33451	1.33558			6
2025.07.30	01:00:01.227	1.33492	1.33576			6
2025.07.30	01:00:01.533		1.33575			4
2025.07.30	01:00:01.838	1.33506	1.33571			6
2025.07.30	01:00:02.141		1.33574			4
2025.07.30	01:00:03.056	1.33501	1.33568			6
2025.07.30	01:00:03.360	1.33497	1.33571			6
2025.07.30	01:00:03.668		1.33570			4
2025.07.30	01:00:03.974	1.33454	1.33583			6
2025.07.30	01:00:04.278	1.33495	1.33568			6
2025.07.30	01:00:04.886	1.33493	1.33556			6
2025.07.30	01:00:05.191	1.33442	1.33571			6
2025.07.30	01:00:05.512	1.33498	1.33564			6
2025.07.30	01:00:05.814	1.33442	1.33571			6
2025.07.30	01:00:06.132	1.33498	1.33567			6
2025.07.30	01:00:06.737	1.33442	1.33571			6
2025.07.30	01:00:07.042	1.33482	1.33547			6
2025.07.30	01:00:07.347	1.33494	1.33554			6
2025.07.30	01:00:07.648	1.33483	1.33547			6
2025.07.30	01:00:07.949	1.33497				2
2025.07.30	01:00:08.250	1.33496				2
2025.07.30	01:00:08.864	1.33499	1.33548			6
2025.07.30	01:00:09.175	1.33497				2
2025.07.30	01:00:09.479	1.33491	1.33546			6
2025.07.30	01:00:09.786	1.33495				2
2025.07.30	01:00:10.088	1.33493	1.33542			6
2025.07.30	01:00:10.392	1.33495				2
2025.07.30	01:00:10.697		1.33530			4
2025.07.30	01:00:11.313	1.33492				2
2025.07.30	01:00:12.227	1.33490				2
2025.07.30	01:00:13.459	1.33497	1.33548			6
2025.07.30	01:00:13.764	1.33498	1.33547			6
2025.07.30	01:00:14.068	1.33489	1.33548			6
2025.07.30	01:00:14.371	1.33491				2
2025.07.30	01:00:15.292	1.33490				2
2025.07.30	01:00:16.519	1.33485				2
2025.07.30	01:00:16.834	1.33494	1.33546			6
2025.07.30	01:00:17.138	1.33495				2
2025.07.30	01:00:17.442	1.33492				2
2025.07.30	01:00:17.742	1.33494				2
2025.07.30	01:00:18.348	1.33493	1.33558			6
2025.07.30	01:00:18.656	1.33498	1.33547			6
2025.07.30	01:00:18.956	1.33491	1.33548			6
2025.07.30	01:00:19.257		1.33555			4
2025.07.30	01:00:19.560	1.33493	1.33553			6
2025.07.30	01:00:19.866	1.33487	1.33549			6
2025.07.30	01:00:20.171	1.33491				2
2025.07.30	01:00:20.475	1.33487				2
2025.07.30	01:00:20.791	1.33489				2
2025.07.30	01:00:21.406	1.33492				2
2025.07.30	01:00:22.022	1.33494				2
2025.07.30	01:00:22.324		1.33553			4
2025.07.30	01:00:22.628	1.33495	1.33554			6
2025.07.30	01:00:23.242	1.33496	1.33555			6
2025.07.30	01:00:23.544	1.33497	1.33553			6
2025.07.30	01:00:24.154	1.33487	1.33557			6
2025.07.30	01:00:24.770	1.33497	1.33555			6
2025.07.30	01:00:25.074	1.33496	1.33554			6
2025.07.30	01:00:25.381		1.33555			4
2025.07.30	01:00:25.685	1.33497	1.33556			6
2025.07.30	01:00:25.989	1.33495	1.33553			6
2025.07.30	01:00:26.290	1.33496	1.33555			6
2025.07.30	01:00:26.599	1.33519	1.33526			6
2025.07.30	01:00:26.900	1.33515	1.33525			6
2025.07.30	01:00:27.207	1.33516	1.33526			6
2025.07.30	01:00:27.514	1.33515	1.33525			6
2025.07.30	01:00:31.486	1.33522	1.33528			6
2025.07.30	01:00:36.401	1.33521	1.33529			6
2025.07.30	01:00:37.017	1.33522	1.33528			6
2025.07.30	01:00:37.318	1.33520				2
2025.07.30	01:00:42.183	1.33515	1.33525			6
2025.07.30	01:00:44.622	1.33514	1.33527			6
2025.07.30	01:00:48.595	1.33515	1.33525			6
2025.07.30	01:00:52.255		1.33526			4
2025.07.30	01:00:53.179	1.33520	1.33527			6
2025.07.30	01:00:53.488	1.33518				2
2025.07.30	01:00:53.789	1.33515	1.33525			6
2025.07.30	01:00:54.095	1.33512	1.33518			6
2025.07.30	01:00:54.406	1.33514	1.33524			6
2025.07.30	01:00:54.710	1.33515	1.33525			6
2025.07.30	01:00:55.018	1.33514				2
2025.07.30	01:00:55.324	1.33512	1.33518			6
2025.07.30	01:00:59.284	1.33511				2
2025.07.30	01:01:00.203	1.33513	1.33516			6
2025.07.30	01:01:05.403	1.33512	1.33515			6
2025.07.30	01:01:05.708	1.33513	1.33516			6
2025.07.30	01:01:08.432	1.33514	1.33517			6
2025.07.30	01:01:08.740	1.33513	1.33516			6
2025.07.30	01:01:10.579	1.33514	1.33517			6
2025.07.30	01:01:26.411	1.33512	1.33515			6
2025.07.30	01:01:26.715	1.33513	1.33516			6
2025.07.30	01:01:28.535	1.33512	1.33515			6
2025.07.30	01:01:29.753	1.33514	1.33517			6
2025.07.30	01:01:34.351	1.33513	1.33516			6
2025.07.30	01:01:36.189	1.33512	1.33515			6
2025.07.30	01:01:37.401	1.33513	1.33516			6
2025.07.30	01:01:41.700	1.33514	1.33517			6
2025.07.30	01:01:42.003	1.33515	1.33518			6
2025.07.30	01:01:44.125	1.33514	1.33517			6
2025.07.30	01:01:44.427	1.33515	1.33518			6
2025.07.30	01:01:45.355	1.33514	1.33517			6
2025.07.30	01:01:49.329	1.33515	1.33518			6
2025.07.30	01:01:51.154	1.33514	1.33517			6
2025.07.30	01:01:51.771	1.33515	1.33518			6
2025.07.30	01:01:53.597	1.33516	1.33519			6
2025.07.30	01:01:53.900	1.33515	1.33518			6
2025.07.30	01:01:55.723	1.33516	1.33519			6
2025.07.30	01:02:00.301	1.33516				2
2025.07.30	01:02:02.136	1.33515	1.33518			6
2025.07.30	01:02:04.257	1.33514	1.33517			6
2025.07.30	01:02:05.768	1.33515	1.33518			6
2025.07.30	01:02:07.603	1.33516	1.33519			6
2025.07.30	01:02:11.278	1.33515	1.33518			6
2025.07.30	01:02:21.371	1.33516	1.33519			6
2025.07.30	01:02:22.286	1.33514	1.33517			6
2025.07.30	01:02:24.102	1.33515	1.33518			6
2025.07.30	01:02:24.410	1.33514	1.33517			6
2025.07.30	01:02:24.718	1.33515	1.33518			6
2025.07.30	01:02:26.557	1.33516	1.33519			6
2025.07.30	01:02:43.644	1.33514	1.33517			6
2025.07.30	01:02:48.817	1.33515	1.33518			6
2025.07.30	01:02:49.736	1.33516	1.33519			6
2025.07.30	01:02:59.167	1.33517	1.33520			6
2025.07.30	01:03:00.084	1.33517				2
2025.07.30	01:03:04.054	1.33518	1.33521			6
2025.07.30	01:03:05.891	1.33517	1.33520			6
2025.07.30	01:03:09.290	1.33518	1.33521			6
2025.07.30	01:03:23.600	1.33517	1.33520			6
2025.07.30	01:03:33.671	1.33518	1.33521			6
2025.07.30	01:03:34.283	1.33519	1.33522			6
2025.07.30	01:03:46.489	1.33518	1.33521			6
2025.07.30	01:03:47.411	1.33519	1.33522			6
2025.07.30	01:03:54.153	1.33518	1.33521			6
2025.07.30	01:03:55.364	1.33517				2
2025.07.30	01:03:56.278	1.33518				2
2025.07.30	01:03:57.797	1.33519	1.33522			6
2025.07.30	01:03:59.328	1.33518				2
2025.07.30	01:04:00.253	1.33519				2
2025.07.30	01:04:01.787	1.33517	1.33520			6
2025.07.30	01:04:02.394	1.33518	1.33521			6
2025.07.30	01:04:03.316		1.33522			4
2025.07.30	01:04:05.137		1.33521			4
2025.07.30	01:04:13.111	1.33519	1.33522			6
2025.07.30	01:04:14.040	1.33518	1.33521			6
2025.07.30	01:04:16.458	1.33517	1.33520			6
2025.07.30	01:04:19.515	1.33518	1.33521			6
2025.07.30	01:04:20.125		1.33522			4
2025.07.30	01:04:21.039	1.33517	1.33521			6
2025.07.30	01:04:21.341	1.33518				2
2025.07.30	01:04:24.084	1.33517	1.33520			6
2025.07.30	01:04:25.314	1.33516				2
2025.07.30	01:04:26.221	1.33517				2
2025.07.30	01:04:34.144	1.33518	1.33521			6
2025.07.30	01:04:36.588		1.33520			4
2025.07.30	01:04:36.901	1.33517				2
2025.07.30	01:04:44.248	1.33516	1.33519			6
2025.07.30	01:04:44.559	1.33515	1.33518			6
2025.07.30	01:04:45.173	1.33514	1.33519			6
2025.07.30	01:04:46.100	1.33515				2
2025.07.30	01:04:50.718	1.33516	1.33520			6
2025.07.30	01:04:51.640	1.33515	1.33519			6
2025.07.30	01:04:52.250		1.33518			4
2025.07.30	01:04:53.173		1.33519			4
2025.07.30	01:04:53.474	1.33514	1.33518			6
2025.07.30	01:04:54.712	1.33515	1.33519			6
2025.07.30	01:04:58.127		1.33518			4
2025.07.30	01:04:59.660	1.33514	1.33517			6
2025.07.30	01:05:00.270	1.33523	1.33527			6
2025.07.30	01:05:01.200	1.33519	1.33530			6
2025.07.30	01:05:01.821	1.33520				2
2025.07.30	01:05:06.793	1.33525	1.33535			6
2025.07.30	01:05:07.099	1.33528	1.33538			6
2025.07.30	01:05:07.401	1.33529				2
2025.07.30	01:05:08.328		1.33539			4
2025.07.30	01:05:09.263		1.33538			4
2025.07.30	01:05:11.121		1.33537			4
2025.07.30	01:05:13.299		1.33536			4
2025.07.30	01:05:14.218	1.33530				2
2025.07.30	01:05:15.140	1.33531				2
2025.07.30	01:05:17.288		1.33535			4
2025.07.30	01:05:20.348		1.33534			4
2025.07.30	01:05:22.479	1.33532	1.33535			6
2025.07.30	01:05:30.135	1.33534	1.33537			6
2025.07.30	01:05:30.440	1.33532	1.33535			6
2025.07.30	01:05:30.745	1.33533	1.33536			6
2025.07.30	01:05:44.510	1.33534	1.33537			6
2025.07.30	01:05:45.126	1.33533	1.33536			6
2025.07.30	01:05:46.360	1.33534	1.33537			6
2025.07.30	01:06:00.102	1.33534				2
2025.07.30	01:06:00.406	1.33535	1.33538			6
2025.07.30	01:06:01.313	1.33534	1.33537			6
2025.07.30	01:06:01.616	1.33535	1.33538			6
2025.07.30	01:06:03.146	1.33534	1.33537			6
2025.07.30	01:06:03.456	1.33535	1.33538			6
2025.07.30	01:06:08.319	1.33534	1.33537			6
2025.07.30	01:06:09.554	1.33535	1.33538			6
2025.07.30	01:06:28.778	1.33536	1.33539			6
2025.07.30	01:06:30.317	1.33535	1.33538			6
2025.07.30	01:06:34.598	1.33536	1.33539			6
2025.07.30	01:06:45.373	1.33535	1.33538			6
2025.07.30	01:06:46.302	1.33536	1.33539			6
2025.07.30	01:06:50.297		1.33538			4
2025.07.30	01:06:50.602	1.33537				2
2025.07.30	01:06:50.910	1.33536				2
2025.07.30	01:06:52.139	1.33535				2
2025.07.30	01:06:55.218	1.33536				2
2025.07.30	01:06:56.452	1.33537				2
2025.07.30	01:06:57.374	1.33536				2
2025.07.30	01:06:57.986	1.33535				2
2025.07.30	01:06:58.297	1.33536				2
2025.07.30	01:07:00.139	1.33536				2
2025.07.30	01:07:00.444	1.33535				2
2025.07.30	01:07:01.372	1.33536				2
2025.07.30	01:07:13.681	1.33535				2
2025.07.30	01:07:20.754	1.33536				2
2025.07.30	01:07:46.356	1.33535	1.33537			6
2025.07.30	01:07:47.290	1.33532				2
2025.07.30	01:07:48.214	1.33533				2
2025.07.30	01:07:51.297	1.33534				2
2025.07.30	01:07:51.614	1.33533				2
2025.07.30	01:07:51.915	1.33534				2
2025.07.30	01:07:54.393	1.33535				2
2025.07.30	01:08:00.261	1.33535				2
2025.07.30	01:08:05.532	1.33530	1.33531			6
2025.07.30	01:08:05.837	1.33529	1.33532			6
2025.07.30	01:08:06.146	1.33524				2
2025.07.30	01:08:06.772		1.33530			4
2025.07.30	01:08:11.106		1.33531			4
2025.07.30	01:08:11.414		1.33530			4
2025.07.30	01:08:12.347	1.33525				2
2025.07.30	01:08:14.197	1.33526				2
2025.07.30	01:08:16.361	1.33527				2
2025.07.30	01:08:18.207	1.33528				2
2025.07.30	01:08:45.376	1.33527	1.33529			6
2025.07.30	01:09:00.044	1.33527				2
2025.07.30	01:09:00.350		1.33530			4
2025.07.30	01:09:45.365		1.33529			4
2025.07.30	01:09:51.543		1.33530			4
2025.07.30	01:10:00.155	1.33527				2
2025.07.30	01:10:00.467	1.33528				2
2025.07.30	01:10:01.394	1.33526				2
2025.07.30	01:10:02.317	1.33525				2
2025.07.30	01:10:03.249	1.33523				2
2025.07.30	01:10:05.403	1.33524				2
2025.07.30	01:10:07.248	1.33525				2
2025.07.30	01:10:10.334	1.33526				2
2025.07.30	01:10:14.341	1.33527				2
2025.07.30	01:10:20.442	1.33526	1.33529			6
2025.07.30	01:10:21.061	1.33528	1.33531			6
2025.07.30	01:10:21.371	1.33525				2
2025.07.30	01:10:21.988	1.33526				2
2025.07.30	01:10:23.533	1.33527				2
2025.07.30	01:10:28.153	1.33526				2
2025.07.30	01:10:30.307	1.33527				2
2025.07.30	01:10:32.156	1.33528				2
2025.07.30	01:10:39.757	1.33527	1.33530			6
2025.07.30	01:10:42.198	1.33526				2
2025.07.30	01:10:42.804	1.33527	1.33531			6
2025.07.30	01:10:43.113	1.33528				2
2025.07.30	01:10:44.326	1.33523				2
2025.07.30	01:10:48.342	1.33524				2
2025.07.30	01:10:50.197	1.33525				2
2025.07.30	01:10:51.125	1.33526				2
2025.07.30	01:10:52.668	1.33527				2
2025.07.30	01:10:53.289	1.33524				2
2025.07.30	01:10:53.903	1.33523				2
2025.07.30	01:10:58.534	1.33524				2
2025.07.30	01:10:59.156	1.33525				2
2025.07.30	01:11:00.087	1.33525				2
2025.07.30	01:11:01.322	1.33526				2
2025.07.30	01:11:04.403		1.33533			4
2025.07.30	01:11:04.709	1.33527				2
2025.07.30	01:11:05.017		1.33532			4
2025.07.30	01:11:05.328	1.33528	1.33533			6
2025.07.30	01:11:08.110	1.33529				2
2025.07.30	01:11:09.330		1.33532			4
2025.07.30	01:11:20.928	1.33530	1.33533			6
2025.07.30	01:11:21.228	1.33529	1.33532			6
2025.07.30	01:11:21.531	1.33530	1.33533			6
2025.07.30	01:12:00.009	1.33530				2
2025.07.30	01:12:00.622	1.33529	1.33532			6
2025.07.30	01:12:00.932	1.33530	1.33533			6
2025.07.30	01:12:02.161	1.33529				2
2025.07.30	01:12:04.311	1.33530				2
2025.07.30	01:12:21.388	1.33528				2
2025.07.30	01:12:23.245	1.33529				2
2025.07.30	01:12:26.335	1.33530				2
2025.07.30	01:12:31.242	1.33529				2
2025.07.30	01:12:32.171	1.33530				2
2025.07.30	01:12:38.287	1.33529	1.33532			6
2025.07.30	01:12:39.207	1.33525				2
2025.07.30	01:12:43.221	1.33526				2
2025.07.30	01:12:45.381	1.33527				2
2025.07.30	01:12:46.306	1.33528				2
2025.07.30	01:12:47.233	1.33529				2
2025.07.30	01:12:50.627	1.33530				2
2025.07.30	01:12:51.229	1.33529				2
2025.07.30	01:12:52.148	1.33526				2
2025.07.30	01:12:53.377	1.33517	1.33522			6
2025.07.30	01:12:53.993	1.33518	1.33523			6
2025.07.30	01:12:58.322	1.33517				2
2025.07.30	01:13:00.168	1.33518				2
2025.07.30	01:13:02.330	1.33519				2
2025.07.30	01:13:02.943	1.33520	1.33527			6
2025.07.30	01:13:03.251	1.33522				2
2025.07.30	01:13:07.265	1.33523				2
2025.07.30	01:13:08.187	1.33524				2
2025.07.30	01:13:12.159	1.33525				2
2025.07.30	01:13:15.212	1.33524				2
2025.07.30	01:13:41.684	1.33523	1.33526			6
2025.07.30	01:13:41.989	1.33524	1.33527			6
2025.07.30	01:13:49.007	1.33525	1.33528			6
2025.07.30	01:13:50.232	1.33524	1.33527			6
2025.07.30	01:13:51.758	1.33525	1.33528			6
2025.07.30	01:14:00.001	1.33525				2
2025.07.30	01:14:01.214	1.33524	1.33527			6
2025.07.30	01:14:04.873	1.33526	1.33528			6
2025.07.30	01:14:07.914	1.33525				2
2025.07.30	01:14:08.831	1.33526				2
2025.07.30	01:14:09.134	1.33525				2
2025.07.30	01:14:09.742	1.33526	1.33529			6
2025.07.30	01:14:10.054	1.33527	1.33530			6
2025.07.30	01:14:12.521		1.33529			4
2025.07.30	01:14:15.561	1.33526				2
2025.07.30	01:14:23.514	1.33525	1.33528			6
2025.07.30	01:14:29.875	1.33526	1.33529			6
2025.07.30	01:14:32.379	1.33527				2
2025.07.30	01:14:33.318	1.33526				2
2025.07.30	01:14:34.249	1.33527				2
2025.07.30	01:14:39.875	1.33526				2
2025.07.30	01:14:44.231	1.33527				2
2025.07.30	01:14:44.861	1.33526				2
2025.07.30	01:14:45.176	1.33524	1.33528			6
2025.07.30	01:14:45.477		1.33527			4
2025.07.30	01:14:46.103	1.33522	1.33524			6
2025.07.30	01:14:46.412	1.33519	1.33523			6
2025.07.30	01:14:47.354	1.33517				2
2025.07.30	01:14:51.395	1.33518				2
2025.07.30	01:14:53.248	1.33519				2
2025.07.30	01:14:55.130	1.33520				2
2025.07.30	01:14:57.298	1.33521				2
2025.07.30	01:15:00.065	1.33521				2
2025.07.30	01:15:02.195		1.33524			4
2025.07.30	01:15:02.500		1.33523			4
2025.07.30	01:15:06.185		1.33524			4
2025.07.30	01:15:06.485	1.33522				2
2025.07.30	01:15:07.103	1.33523	1.33526			6
2025.07.30	01:15:07.410		1.33527			4
2025.07.30	01:15:08.342		1.33526			4
2025.07.30	01:15:09.567	1.33524	1.33527			6
2025.07.30	01:15:10.178	1.33523	1.33526			6
2025.07.30	01:15:14.155	1.33524	1.33527			6
2025.07.30	01:15:15.383	1.33523	1.33526			6
2025.07.30	01:15:18.439	1.33526	1.33528			6
2025.07.30	01:15:18.740	1.33527				2
2025.07.30	01:15:19.357	1.33521				2
2025.07.30	01:15:21.852	1.33522				2
2025.07.30	01:15:22.170	1.33521				2
2025.07.30	01:15:24.310	1.33522				2
2025.07.30	01:15:26.191	1.33523				2
2025.07.30	01:15:27.109	1.33524				2
2025.07.30	01:15:28.337	1.33525				2
2025.07.30	01:15:30.199	1.33526				2
2025.07.30	01:15:41.852	1.33527				2
2025.07.30	01:15:42.162	1.33526				2
2025.07.30	01:15:42.778	1.33527				2
2025.07.30	01:15:43.989	1.33526				2
2025.07.30	01:15:59.941	1.33521	1.33523			6
2025.07.30	01:16:00.244	1.33520				2
2025.07.30	01:16:01.171	1.33515				2
2025.07.30	01:16:03.340	1.33516				2
2025.07.30	01:16:07.382	1.33517				2
2025.07.30	01:16:09.230	1.33518				2
2025.07.30	01:16:10.150	1.33519				2
2025.07.30	01:16:12.315	1.33520				2
2025.07.30	01:16:15.102	1.33521				2
2025.07.30	01:16:21.508		1.33522			4
2025.07.30	01:16:48.977	1.33520				2
2025.07.30	01:16:49.289	1.33521				2
2025.07.30	01:17:00.291	1.33520	1.33521			6
2025.07.30	01:17:00.593	1.33519	1.33520			6
2025.07.30	01:17:03.344	1.33518	1.33519			6
2025.07.30	01:17:04.883	1.33521	1.33523			6
2025.07.30	01:17:06.116	1.33519				2
2025.07.30	01:17:07.980		1.33521			4
2025.07.30	01:17:10.149	1.33520				2
2025.07.30	01:17:11.074	1.33519				2
2025.07.30	01:17:11.375	1.33520				2
2025.07.30	01:17:13.237	1.33521	1.33522			6
2025.07.30	01:17:48.835	1.33520	1.33521			6
2025.07.30	01:17:49.139	1.33521	1.33522			6
2025.07.30	01:17:59.055	1.33520	1.33521			6
2025.07.30	01:18:00.290	1.33519				2
2025.07.30	01:18:04.016	1.33522	1.33524			6
2025.07.30	01:18:04.323	1.33523	1.33526			6
2025.07.30	01:18:05.270	1.33522				2
2025.07.30	01:18:08.073		1.33525			4
2025.07.30	01:18:08.384		1.33526			4
2025.07.30	01:18:09.939		1.33525			4
2025.07.30	01:18:16.110	1.33521				2
2025.07.30	01:18:18.267	1.33522				2
2025.07.30	01:18:21.023	1.33521	1.33524			6
2025.07.30	01:18:21.327	1.33520	1.33522			6
2025.07.30	01:18:21.631	1.33521				2
2025.07.30	01:18:21.937	1.33520	1.33521			6
2025.07.30	01:18:22.240	1.33518				2
2025.07.30	01:18:23.173	1.33519				2
2025.07.30	01:18:26.258	1.33520				2
2025.07.30	01:18:31.793	1.33521	1.33522			6
2025.07.30	01:18:39.458	1.33520	1.33521			6
2025.07.30	01:18:39.761	1.33521	1.33522			6
2025.07.30	01:18:40.064	1.33520	1.33521			6
2025.07.30	01:18:40.370	1.33521	1.33522			6
2025.07.30	01:19:00.237	1.33521				2
2025.07.30	01:19:22.881	1.33520	1.33521			6
2025.07.30	01:19:23.185	1.33521	1.33522			6
2025.07.30	01:19:23.497	1.33520	1.33521			6
2025.07.30	01:19:37.423	1.33519	1.33520			6
2025.07.30	01:20:00.088	1.33519				2
2025.07.30	01:20:12.155	1.33518	1.33519			6
2025.07.30	01:20:12.461	1.33519	1.33520			6
2025.07.30	01:20:13.391	1.33517	1.33519			6
2025.07.30	01:20:14.318	1.33518				2
2025.07.30	01:20:16.183	1.33519	1.33520			6
2025.07.30	01:20:36.926	1.33518	1.33519			6
2025.07.30	01:20:37.235	1.33514				2
2025.07.30	01:20:44.382	1.33515	1.33518			6
2025.07.30	01:20:45.306	1.33516				2
2025.07.30	01:20:46.237	1.33515				2
2025.07.30	01:20:48.411	1.33516				2
2025.07.30	01:20:49.339	1.33517				2
2025.07.30	01:20:50.274	1.33518	1.33519			6
2025.07.30	01:20:53.341	1.33517	1.33518			6
2025.07.30	01:20:54.278	1.33518	1.33519			6
2025.07.30	01:20:56.141	1.33517	1.33518			6
2025.07.30	01:20:57.388	1.33518	1.33519			6
2025.07.30	01:21:00.152	1.33517				2
2025.07.30	01:21:00.455	1.33512	1.33513			6
2025.07.30	01:21:01.388	1.33509				2
2025.07.30	01:21:06.365	1.33510				2
2025.07.30	01:21:07.307	1.33511				2
2025.07.30	01:21:07.614	1.33510				2
2025.07.30	01:21:08.238	1.33511				2
2025.07.30	01:21:10.405		1.33512			4
2025.07.30	01:21:11.029	1.33512	1.33513			6
2025.07.30	01:21:15.043	1.33510	1.33511			6
2025.07.30	01:21:15.344	1.33508	1.33512			6
2025.07.30	01:21:17.204	1.33509				2
2025.07.30	01:21:19.373	1.33510				2
2025.07.30	01:21:23.391	1.33511				2
2025.07.30	01:21:31.030		1.33513			4
2025.07.30	01:21:31.633		1.33512			4
2025.07.30	01:21:49.655		1.33513			4
2025.07.30	01:21:50.580		1.33512			4
2025.07.30	01:21:51.801		1.33513			4
2025.07.30	01:21:56.384	1.33512	1.33514			6
2025.07.30	01:21:57.611		1.33513			4
2025.07.30	01:22:00.062	1.33512				2
2025.07.30	01:22:00.669		1.33514			4
2025.07.30	01:22:01.287		1.33515			4
2025.07.30	01:22:01.593		1.33514			4
2025.07.30	01:22:06.464		1.33513			4
2025.07.30	01:22:11.331		1.33514			4
2025.07.30	01:22:11.632		1.33515			4
2025.07.30	01:22:11.943	1.33513				2
2025.07.30	01:22:15.598	1.33519	1.33520			6
2025.07.30	01:22:15.906	1.33518	1.33519			6
2025.07.30	01:22:17.137	1.33514	1.33518			6
2025.07.30	01:22:23.327	1.33515				2
2025.07.30	01:22:25.171	1.33516				2
2025.07.30	01:22:27.330	1.33517				2
2025.07.30	01:22:29.188	1.33518	1.33519			6
2025.07.30	01:23:00.017	1.33518				2
2025.07.30	01:23:29.371		1.33519			4
2025.07.30	01:23:50.982	1.33519	1.33520			6
2025.07.30	01:23:57.193	1.33518	1.33519			6
2025.07.30	01:24:00.290	1.33518				2
2025.07.30	01:24:11.128	1.33519	1.33520			6
2025.07.30	01:24:11.433	1.33518	1.33519			6
2025.07.30	01:24:12.060	1.33519	1.33520			6
2025.07.30	01:24:12.368	1.33518	1.33519			6
2025.07.30	01:24:12.681	1.33519	1.33520			6
2025.07.30	01:24:13.300	1.33518	1.33519			6
2025.07.30	01:24:15.166	1.33519	1.33520			6
2025.07.30	01:24:15.800	1.33518	1.33519			6
2025.07.30	01:24:21.408	1.33519	1.33520			6
2025.07.30	01:24:22.022	1.33518	1.33519			6
2025.07.30	01:24:23.271	1.33517	1.33518			6
2025.07.30	01:24:26.380	1.33518	1.33519			6
2025.07.30	01:24:43.183	1.33519	1.33520			6
2025.07.30	01:24:49.099	1.33518	1.33519			6
2025.07.30	01:24:55.319	1.33517	1.33518			6
2025.07.30	01:24:59.354	1.33518	1.33519			6
2025.07.30	01:25:00.295	1.33516	1.33518			6
2025.07.30	01:25:01.214	1.33514				2
2025.07.30	01:25:02.142	1.33515				2
2025.07.30	01:25:03.377	1.33516				2
2025.07.30	01:25:05.239	1.33517				2
2025.07.30	01:25:08.338	1.33518	1.33519			6
2025.07.30	01:25:13.564	1.33519	1.33521			6
2025.07.30	01:25:14.194	1.33515	1.33518			6
2025.07.30	01:25:19.155	1.33516				2
2025.07.30	01:25:22.255	1.33515				2
2025.07.30	01:25:23.187	1.33516				2
2025.07.30	01:25:23.799		1.33519			4
2025.07.30	01:25:24.114	1.33517				2
2025.07.30	01:25:24.419		1.33518			4
2025.07.30	01:25:26.273	1.33516				2
2025.07.30	01:25:28.133	1.33517				2
2025.07.30	01:25:30.302	1.33518	1.33519			6
2025.07.30	01:25:31.221	1.33517	1.33518			6
2025.07.30	01:25:32.140	1.33518	1.33519			6
2025.07.30	01:25:32.457	1.33517	1.33518			6
2025.07.30	01:25:34.637	1.33518	1.33519			6
2025.07.30	01:25:40.168	1.33519	1.33520			6
2025.07.30	01:25:41.387	1.33518	1.33519			6
2025.07.30	01:25:45.358	1.33519	1.33520			6
2025.07.30	01:25:53.903	1.33518	1.33519			6
2025.07.30	01:25:55.125	1.33519	1.33520			6
2025.07.30	01:26:00.040	1.33519				2
2025.07.30	01:26:48.464	1.33518	1.33519			6
2025.07.30	01:26:50.330	1.33519	1.33520			6
2025.07.30	01:26:50.955	1.33518	1.33519			6
2025.07.30	01:26:51.262	1.33513	1.33518			6
2025.07.30	01:26:56.256	1.33514				2
2025.07.30	01:26:58.121	1.33515				2
2025.07.30	01:26:59.961	1.33519	1.33523			6
2025.07.30	01:27:00.264	1.33520	1.33522			6
2025.07.30	01:27:00.571		1.33523			4
2025.07.30	01:27:01.198	1.33518				2
2025.07.30	01:27:03.390	1.33519				2
2025.07.30	01:27:07.133	1.33520				2
2025.07.30	01:27:08.371	1.33521				2
2025.07.30	01:27:10.246	1.33522				2
2025.07.30	01:27:13.322	1.33523	1.33524			6
2025.07.30	01:27:32.515	1.33520	1.33521			6
2025.07.30	01:27:33.122	1.33521	1.33522			6
2025.07.30	01:27:36.804	1.33522	1.33523			6
2025.07.30	01:27:38.033	1.33521	1.33522			6
2025.07.30	01:27:38.643	1.33520	1.33521			6
2025.07.30	01:27:38.952	1.33521	1.33522			6
2025.07.30	01:27:39.565	1.33520	1.33521			6
2025.07.30	01:27:39.873	1.33521	1.33522			6
2025.07.30	01:27:44.155	1.33522	1.33523			6
2025.07.30	01:27:45.074	1.33521	1.33522			6
2025.07.30	01:27:45.377	1.33520	1.33521			6
2025.07.30	01:27:46.293	1.33521	1.33522			6
2025.07.30	01:27:49.645	1.33522	1.33523			6
2025.07.30	01:27:51.165	1.33521	1.33522			6
2025.07.30	01:27:56.685	1.33522	1.33523			6
2025.07.30	01:27:57.909	1.33520	1.33521			6
2025.07.30	01:28:00.050	1.33520				2
2025.07.30	01:28:00.354	1.33521	1.33522			6
2025.07.30	01:28:00.956	1.33522	1.33523			6
2025.07.30	01:28:02.189	1.33521	1.33522			6
2025.07.30	01:28:12.930	1.33520	1.33521			6
2025.07.30	01:28:13.236	1.33521	1.33522			6
2025.07.30	01:28:32.183	1.33522	1.33523			6
2025.07.30	01:28:36.187	1.33521	1.33522			6
2025.07.30	01:28:39.581	1.33522	1.33523			6
2025.07.30	01:28:50.054	1.33521	1.33522			6
2025.07.30	01:28:50.359	1.33522	1.33523			6
2025.07.30	01:28:53.143	1.33525	1.33526			6
2025.07.30	01:28:54.384	1.33521	1.33525			6
2025.07.30	01:28:57.174	1.33524	1.33528			6
2025.07.30	01:28:57.784	1.33525				2
2025.07.30	01:29:00.243	1.33525				2
2025.07.30	01:29:02.403	1.33526				2
2025.07.30	01:29:04.246	1.33527				2
2025.07.30	01:29:06.086		1.33529			4
2025.07.30	01:29:06.392	1.33528				2
2025.07.30	01:29:08.228	1.33529	1.33530			6
2025.07.30	01:29:16.197	1.33528	1.33529			6
2025.07.30	01:29:22.618	1.33532	1.33533			6
2025.07.30	01:29:22.920	1.33533	1.33534			6
2025.07.30	01:29:24.150	1.33528	1.33533			6
2025.07.30	01:29:24.768	1.33529				2
2025.07.30	01:29:25.073		1.33532			4
2025.07.30	01:29:25.689		1.33533			4
2025.07.30	01:29:26.307	1.33530	1.33534			6
2025.07.30	01:29:28.161	1.33531				2
2025.07.30	01:29:30.317	1.33532				2
2025.07.30	01:29:32.171	1.33533				2
2025.07.30	01:29:34.308	1.33534	1.33535			6
2025.07.30	01:29:36.445	1.33533	1.33534			6
2025.07.30	01:29:43.152	1.33532	1.33533			6
2025.07.30	01:29:43.453	1.33533	1.33534			6
2025.07.30	01:29:52.660	1.33532	1.33533			6
2025.07.30	01:29:52.963	1.33529	1.33530			6
2025.07.30	01:29:53.878	1.33528	1.33529			6
2025.07.30	01:29:54.194	1.33525	1.33528			6
2025.07.30	01:29:55.114	1.33526				2
2025.07.30	01:29:56.346	1.33527				2
2025.07.30	01:29:57.278	1.33528	1.33529			6
2025.07.30	01:29:59.439	1.33527	1.33528			6
2025.07.30	01:30:00.059	1.33527				2
2025.07.30	01:30:00.365	1.33529	1.33530			6
2025.07.30	01:30:01.285	1.33527	1.33529			6
2025.07.30	01:30:03.132	1.33528	1.33534			6
2025.07.30	01:30:04.367	1.33529	1.33533			6
2025.07.30	01:30:05.285		1.33532			4
2025.07.30	01:30:06.811		1.33530			4
2025.07.30	01:30:09.544	1.33528	1.33529			6
2025.07.30	01:30:09.852	1.33529	1.33530			6
2025.07.30	01:30:11.679	1.33528	1.33529			6
2025.07.30	01:30:11.987	1.33529	1.33530			6
2025.07.30	01:30:14.132	1.33528	1.33529			6
2025.07.30	01:30:36.338	1.33522	1.33523			6
2025.07.30	01:30:37.254	1.33518	1.33522			6
2025.07.30	01:30:37.875	1.33519				2
2025.07.30	01:30:43.118	1.33520				2
2025.07.30	01:30:43.728		1.33523			4
2025.07.30	01:30:44.341	1.33521				2
2025.07.30	01:30:46.194	1.33526	1.33529			6
2025.07.30	01:30:46.501	1.33527				2
2025.07.30	01:30:46.817	1.33526				2
2025.07.30	01:30:47.121	1.33524				2
2025.07.30	01:30:49.280	1.33525	1.33528			6
2025.07.30	01:30:51.132	1.33526				2
2025.07.30	01:30:52.365	1.33527				2
2025.07.30	01:30:54.208	1.33528	1.33529			6
2025.07.30	01:31:00.022	1.33528				2
2025.07.30	01:31:12.606	1.33527	1.33528			6
2025.07.30	01:31:12.908	1.33528	1.33529			6
2025.07.30	01:31:28.174	1.33531	1.33533			6
2025.07.30	01:31:28.480	1.33530	1.33532			6
2025.07.30	01:31:33.992	1.33529				2
2025.07.30	01:31:39.166	1.33530				2
2025.07.30	01:31:40.378	1.33529				2
2025.07.30	01:31:41.289	1.33530				2
2025.07.30	01:31:47.686		1.33533			4
2025.07.30	01:31:48.302	1.33529	1.33532			6
2025.07.30	01:31:49.828	1.33530				2
2025.07.30	01:31:51.665	1.33529				2
2025.07.30	01:31:52.573	1.33530				2
2025.07.30	01:31:52.876	1.33529				2
2025.07.30	01:31:54.695	1.33530				2
2025.07.30	01:32:00.184	1.33530				2
2025.07.30	01:32:05.075		1.33533			4
2025.07.30	01:32:13.971	1.33529	1.33532			6
2025.07.30	01:32:15.211	1.33530	1.33533			6
2025.07.30	01:32:21.693	1.33531	1.33534			6
2025.07.30	01:32:27.255	1.33532				2
2025.07.30	01:32:28.178	1.33531				2
2025.07.30	01:32:29.107	1.33528	1.33529			6
2025.07.30	01:32:30.353	1.33524				2
2025.07.30	01:32:30.658	1.33523				2
2025.07.30	01:32:33.127	1.33524				2
2025.07.30	01:32:35.282	1.33525				2
2025.07.30	01:32:38.359	1.33526				2
2025.07.30	01:32:39.287	1.33527				2
2025.07.30	01:32:41.144	1.33525	1.33528			6
2025.07.30	01:32:41.449		1.33529			4
2025.07.30	01:32:42.379	1.33526				2
2025.07.30	01:32:46.977	1.33527				2
2025.07.30	01:33:00.097	1.33527				2
2025.07.30	01:33:00.703	1.33526				2
2025.07.30	01:33:02.238	1.33527				2
2025.07.30	01:33:02.842	1.33526				2
2025.07.30	01:33:03.147	1.33527				2
2025.07.30	01:33:23.297	1.33526				2
2025.07.30	01:33:25.135	1.33527				2
2025.07.30	01:33:26.368	1.33528	1.33530			6
2025.07.30	01:33:28.211	1.33525				2
2025.07.30	01:33:29.139	1.33526				2
2025.07.30	01:33:30.370	1.33527				2
2025.07.30	01:33:32.233	1.33528				2
2025.07.30	01:33:34.389	1.33527				2
2025.07.30	01:33:35.315	1.33528				2
2025.07.30	01:34:00.158	1.33528				2
2025.07.30	01:34:00.463		1.33529			4
2025.07.30	01:34:00.775		1.33530			4
2025.07.30	01:34:02.624		1.33529			4
2025.07.30	01:34:02.934		1.33530			4
2025.07.30	01:34:03.548		1.33529			4
2025.07.30	01:34:03.856		1.33530			4
2025.07.30	01:34:05.400	1.33527				2
2025.07.30	01:34:05.708		1.33529			4
2025.07.30	01:34:06.019		1.33530			4
2025.07.30	01:34:06.939	1.33528				2
2025.07.30	01:34:07.247		1.33529			4
2025.07.30	01:34:22.702	1.33527				2
2025.07.30	01:34:30.672	1.33528				2
2025.07.30	01:34:34.073	1.33527				2
2025.07.30	01:34:39.011		1.33530			4
2025.07.30	01:34:43.942	1.33528				2
2025.07.30	01:34:50.719	1.33531	1.33534			6
2025.07.30	01:34:52.269	1.33527				2
2025.07.30	01:34:57.207	1.33528				2
2025.07.30	01:34:58.131	1.33529				2
2025.07.30	01:35:00.289	1.33530				2
2025.07.30	01:35:01.524	1.33529				2
2025.07.30	01:35:03.371	1.33531				2
2025.07.30	01:35:03.992	1.33530				2
2025.07.30	01:35:06.152	1.33531				2
2025.07.30	01:35:07.388	1.33532				2
2025.07.30	01:35:11.100	1.33533				2
2025.07.30	01:35:17.228	1.33532				2
2025.07.30	01:35:23.657	1.33533				2
2025.07.30	01:35:49.253	1.33532				2
2025.07.30	01:35:49.557	1.33533				2
2025.07.30	01:35:50.765		1.33534			4
2025.07.30	01:35:54.427	1.33532				2
2025.07.30	01:35:55.040	1.33533				2
2025.07.30	01:36:00.301	1.33533				2
2025.07.30	01:36:03.374	1.33534	1.33535			6
2025.07.30	01:36:03.681	1.33533	1.33534			6
2025.07.30	01:36:15.323	1.33534	1.33535			6
2025.07.30	01:36:15.627	1.33533	1.33534			6
2025.07.30	01:36:18.390	1.33534	1.33535			6
2025.07.30	01:36:19.311	1.33532				2
2025.07.30	01:36:20.235	1.33531				2
2025.07.30	01:36:21.777		1.33534			4
2025.07.30	01:36:22.393	1.33532				2
2025.07.30	01:36:22.703		1.33535			4
2025.07.30	01:36:23.317	1.33533				2
2025.07.30	01:36:25.463	1.33535	1.33536			6
2025.07.30	01:36:25.765	1.33537	1.33538			6
2025.07.30	01:36:26.392	1.33533				2
2025.07.30	01:36:27.933	1.33524	1.33529			6
2025.07.30	01:36:34.109	1.33525				2
2025.07.30	01:36:34.413	1.33526	1.33530			6
2025.07.30	01:36:36.271	1.33527				2
2025.07.30	01:36:38.128	1.33528				2
2025.07.30	01:36:40.290	1.33529				2
2025.07.30	01:36:41.219	1.33530	1.33531			6
2025.07.30	01:36:41.829	1.33528	1.33529			6
2025.07.30	01:36:53.112	1.33529	1.33530			6
2025.07.30	01:37:00.123	1.33529				2
2025.07.30	01:37:13.583	1.33528	1.33529			6
2025.07.30	01:37:22.458		1.33530			4
2025.07.30	01:37:22.769	1.33529				2
2025.07.30	01:37:25.511	1.33528				2
2025.07.30	01:37:27.968	1.33529				2
2025.07.30	01:37:33.148	1.33528				2
2025.07.30	01:37:42.619	1.33529				2
2025.07.30	01:37:43.539	1.33530	1.33531			6
2025.07.30	01:37:43.841	1.33529	1.33530			6
2025.07.30	01:37:44.151	1.33530	1.33531			6
2025.07.30	01:37:44.767	1.33529	1.33530			6
2025.07.30	01:37:53.368	1.33528				2
2025.07.30	01:37:53.669	1.33529				2
2025.07.30	01:38:00.151	1.33529				2
2025.07.30	01:38:01.685	1.33530	1.33531			6
2025.07.30	01:38:02.001	1.33529	1.33530			6
2025.07.30	01:38:04.472		1.33532			4
2025.07.30	01:38:04.789	1.33530	1.33533			6
2025.07.30	01:38:17.126	1.33531	1.33534			6
2025.07.30	01:38:17.742	1.33530	1.33533			6
2025.07.30	01:38:26.400	1.33529				2
2025.07.30	01:38:29.185	1.33530				2
2025.07.30	01:38:31.970	1.33532	1.33534			6
2025.07.30	01:38:32.272	1.33527				2
2025.07.30	01:38:36.297	1.33528				2
2025.07.30	01:38:38.163	1.33529				2
2025.07.30	01:38:39.397	1.33530				2
2025.07.30	01:38:40.319	1.33531				2
2025.07.30	01:38:40.633	1.33530				2
2025.07.30	01:38:41.253	1.33531				2
2025.07.30	01:38:50.465		1.33533			4
2025.07.30	01:38:51.695		1.33534			4
2025.07.30	01:38:53.839	1.33532				2
2025.07.30	01:38:54.141	1.33531				2
2025.07.30	01:38:55.973	1.33532				2
2025.07.30	01:38:56.284	1.33531				2
2025.07.30	01:39:00.225	1.33531				2
2025.07.30	01:39:06.048	1.33530	1.33531			6
2025.07.30	01:39:06.351	1.33525	1.33530			6
2025.07.30	01:39:09.114	1.33526				2
2025.07.30	01:39:11.294	1.33527				2
2025.07.30	01:39:12.218	1.33528				2
2025.07.30	01:39:12.846	1.33527				2
2025.07.30	01:39:13.151	1.33528				2
2025.07.30	01:39:15.620	1.33529				2
2025.07.30	01:39:15.929	1.33528				2
2025.07.30	01:39:18.981		1.33529			4
2025.07.30	01:39:22.327	1.33529	1.33530			6
2025.07.30	01:39:25.090	1.33528	1.33529			6
2025.07.30	01:39:25.702	1.33529	1.33530			6
2025.07.30	01:39:27.528		1.33532			4
2025.07.30	01:39:28.440	1.33530				2
2025.07.30	01:39:29.347	1.33528				2
2025.07.30	01:39:30.264		1.33533			4
2025.07.30	01:39:31.187	1.33529				2
2025.07.30	01:39:31.496	1.33528	1.33529			6
2025.07.30	01:39:31.813	1.33527				2
2025.07.30	01:39:32.114	1.33528				2
2025.07.30	01:39:33.343	1.33524				2
2025.07.30	01:39:38.274	1.33525				2
2025.07.30	01:39:39.192	1.33526				2
2025.07.30	01:39:40.123	1.33527				2
2025.07.30	01:39:41.350	1.33528				2
2025.07.30	01:39:42.273	1.33529	1.33530			6
2025.07.30	01:39:42.579	1.33525	1.33526			6
2025.07.30	01:39:42.883	1.33523	1.33525			6
2025.07.30	01:39:44.110	1.33518				2
2025.07.30	01:39:49.360	1.33519				2
2025.07.30	01:39:49.978		1.33526			4
2025.07.30	01:39:50.286	1.33520				2
2025.07.30	01:39:51.212	1.33519	1.33524			6
2025.07.30	01:39:51.529		1.33523			4
2025.07.30	01:39:53.380	1.33520				2
2025.07.30	01:39:54.607	1.33521				2
2025.07.30	01:39:55.228	1.33522				2
2025.07.30	01:39:58.301	1.33523	1.33524			6
2025.07.30	01:40:00.145	1.33523				2
2025.07.30	01:40:01.060	1.33524	1.33525			6
2025.07.30	01:40:02.596	1.33525	1.33526			6
2025.07.30	01:40:03.517	1.33524				2
2025.07.30	01:40:04.133	1.33525				2
2025.07.30	01:40:06.276	1.33524				2
2025.07.30	01:40:06.579	1.33525				2
2025.07.30	01:40:07.499	1.33524				2
2025.07.30	01:40:07.800	1.33525				2
2025.07.30	01:40:15.142	1.33524				2
2025.07.30	01:40:15.448	1.33525				2
2025.07.30	01:40:17.893	1.33526	1.33527			6
2025.07.30	01:40:34.994		1.33528			4
2025.07.30	01:40:35.295		1.33527			4
2025.07.30	01:40:35.602		1.33528			4
2025.07.30	01:40:37.453	1.33527				2
2025.07.30	01:40:39.583		1.33529			4
2025.07.30	01:40:39.891		1.33528			4
2025.07.30	01:40:45.380		1.33529			4
2025.07.30	01:40:46.286		1.33528			4
2025.07.30	01:40:47.194		1.33530			4
2025.07.30	01:40:47.496		1.33529			4
2025.07.30	01:40:50.580		1.33530			4
2025.07.30	01:41:00.071	1.33527				2
2025.07.30	01:41:11.327	1.33528				2
2025.07.30	01:41:11.631	1.33527				2
2025.07.30	01:41:16.195	1.33528				2
2025.07.30	01:41:18.325	1.33527				2
2025.07.30	01:41:19.559	1.33528				2
2025.07.30	01:41:19.866	1.33527				2
2025.07.30	01:41:20.482	1.33528				2
2025.07.30	01:41:20.794	1.33527				2
2025.07.30	01:41:21.404	1.33528				2
2025.07.30	01:41:21.722	1.33527				2
2025.07.30	01:41:22.034	1.33528				2
2025.07.30	01:41:22.335	1.33527				2
2025.07.30	01:41:23.277	1.33528				2
2025.07.30	01:41:23.582	1.33527				2
2025.07.30	01:41:24.507	1.33528				2
2025.07.30	01:41:24.815	1.33527				2
2025.07.30	01:41:28.234	1.33528				2
2025.07.30	01:41:29.170	1.33527				2
2025.07.30	01:41:30.415	1.33528				2
2025.07.30	01:41:31.343	1.33527				2
2025.07.30	01:41:36.607	1.33528				2
2025.07.30	01:41:38.780	1.33527				2
2025.07.30	01:41:39.705	1.33528				2
2025.07.30	01:41:41.246	1.33527				2
2025.07.30	01:41:42.176	1.33528				2
2025.07.30	01:41:45.894	1.33527				2
2025.07.30	01:41:48.074	1.33528				2
2025.07.30	01:41:50.857		1.33530			4
2025.07.30	01:41:51.786	1.33526	1.33527			6
2025.07.30	01:41:53.344	1.33522				2
2025.07.30	01:41:55.204	1.33523				2
2025.07.30	01:41:56.758	1.33521				2
2025.07.30	01:41:57.060	1.33522				2
2025.07.30	01:41:57.377	1.33523				2
2025.07.30	01:41:58.310	1.33520				2
2025.07.30	01:42:00.174	1.33521				2
2025.07.30	01:42:01.111	1.33522	1.33526			6
2025.07.30	01:42:01.418	1.33521				2
2025.07.30	01:42:01.725	1.33522				2
2025.07.30	01:42:03.900	1.33521				2
2025.07.30	01:42:04.204	1.33522				2
2025.07.30	01:42:05.130	1.33523				2
2025.07.30	01:42:06.368	1.33522				2
2025.07.30	01:42:06.675	1.33523				2
2025.07.30	01:42:06.985	1.33521				2
2025.07.30	01:42:07.300	1.33522				2
2025.07.30	01:42:07.920	1.33523				2
2025.07.30	01:42:08.227	1.33520				2
2025.07.30	01:42:08.540	1.33519				2
2025.07.30	01:42:10.409	1.33520				2
2025.07.30	01:42:10.711	1.33521				2
2025.07.30	01:42:11.023	1.33520				2
2025.07.30	01:42:11.332	1.33521				2
2025.07.30	01:42:12.268	1.33520				2
2025.07.30	01:42:13.201	1.33521				2
2025.07.30	01:42:14.133	1.33522				2
2025.07.30	01:42:16.289	1.33523				2
2025.07.30	01:42:20.267	1.33524				2
2025.07.30	01:42:21.186	1.33523				2
2025.07.30	01:42:22.104	1.33524				2
2025.07.30	01:42:30.945	1.33525				2
2025.07.30	01:42:37.388	1.33524				2
2025.07.30	01:42:42.273	1.33525				2
2025.07.30	01:42:43.190	1.33524				2
2025.07.30	01:42:44.133	1.33525				2
2025.07.30	01:42:47.170	1.33524				2
2025.07.30	01:42:47.473	1.33525				2
2025.07.30	01:42:49.909	1.33524				2
2025.07.30	01:42:52.047	1.33525				2
2025.07.30	01:42:53.886	1.33524				2
2025.07.30	01:42:57.842	1.33525				2
2025.07.30	01:42:58.150	1.33524				2
2025.07.30	01:42:58.457	1.33525				2
2025.07.30	01:43:00.289	1.33525				2
2025.07.30	01:43:00.599	1.33524				2
2025.07.30	01:43:01.208		1.33526			4
2025.07.30	01:43:01.823	1.33525				2
2025.07.30	01:43:02.437	1.33524				2
2025.07.30	01:43:03.354	1.33525				2
2025.07.30	01:43:07.624		1.33527			4
2025.07.30	01:43:07.926	1.33526				2
2025.07.30	01:43:08.229	1.33524				2
2025.07.30	01:43:08.533		1.33528			4
2025.07.30	01:43:09.145	1.33525				2
2025.07.30	01:43:10.393	1.33526				2
2025.07.30	01:43:11.308	1.33527				2
2025.07.30	01:43:11.610	1.33526				2
2025.07.30	01:43:17.093	1.33527				2
2025.07.30	01:43:17.396	1.33526				2
2025.07.30	01:43:21.689		1.33527			4
2025.07.30	01:43:50.204	1.33525				2
2025.07.30	01:43:57.629	1.33526				2
2025.07.30	01:43:58.247	1.33525				2
2025.07.30	01:43:59.168	1.33526				2
2025.07.30	01:44:00.097	1.33526				2
2025.07.30	01:44:00.411	1.33525				2
2025.07.30	01:44:03.496	1.33526	1.33528			6
2025.07.30	01:44:04.423	1.33524				2
2025.07.30	01:44:05.345	1.33522				2
2025.07.30	01:44:05.964	1.33524	1.33529			6
2025.07.30	01:44:06.275	1.33522				2
2025.07.30	01:44:06.577		1.33528			4
2025.07.30	01:44:06.889		1.33529			4
2025.07.30	01:44:13.371	1.33523				2
2025.07.30	01:44:14.299	1.33524				2
2025.07.30	01:44:15.216	1.33525				2
2025.07.30	01:44:17.070	1.33526				2
2025.07.30	01:44:18.303	1.33527				2
2025.07.30	01:44:18.611	1.33526				2
2025.07.30	01:44:19.221	1.33527				2
2025.07.30	01:44:19.532	1.33526				2
2025.07.30	01:44:20.138	1.33527				2
2025.07.30	01:44:20.446	1.33526				2
2025.07.30	01:44:21.052	1.33527				2
2025.07.30	01:44:21.657	1.33526				2
2025.07.30	01:44:22.274	1.33527				2
2025.07.30	01:44:22.586	1.33526				2
2025.07.30	01:44:23.193	1.33527				2
2025.07.30	01:44:23.800	1.33526				2
2025.07.30	01:44:24.101	1.33527				2
2025.07.30	01:44:24.705	1.33526				2
2025.07.30	01:44:25.313	1.33527				2
2025.07.30	01:44:25.629	1.33526				2
2025.07.30	01:44:26.241	1.33527				2
2025.07.30	01:44:26.845	1.33526				2
2025.07.30	01:44:27.157	1.33527				2
2025.07.30	01:44:27.778	1.33526				2
2025.07.30	01:44:28.383	1.33527				2
2025.07.30	01:44:28.989	1.33526				2
2025.07.30	01:44:29.292	1.33527				2
2025.07.30	01:44:29.908	1.33526				2
2025.07.30	01:44:30.218	1.33527				2
2025.07.30	01:44:30.824	1.33526				2
2025.07.30	01:44:31.435	1.33527				2
2025.07.30	01:44:32.048	1.33526				2
2025.07.30	01:44:32.349	1.33527				2
2025.07.30	01:44:32.965	1.33526	1.33528			6
2025.07.30	01:44:33.271	1.33525				2
2025.07.30	01:44:34.193	1.33526				2
2025.07.30	01:44:35.103	1.33525				2
2025.07.30	01:44:36.344	1.33526				2
2025.07.30	01:44:50.333	1.33525				2
2025.07.30	01:44:53.409	1.33520	1.33521			6
2025.07.30	01:44:54.015	1.33519	1.33520			6
2025.07.30	01:44:54.317	1.33515				2
2025.07.30	01:44:54.929	1.33514				2
2025.07.30	01:44:59.249	1.33515				2
2025.07.30	01:44:59.557	1.33514				2
2025.07.30	01:44:59.863	1.33515				2
2025.07.30	01:45:00.177	1.33515				2
2025.07.30	01:45:01.396	1.33516				2
2025.07.30	01:45:04.156	1.33517				2
2025.07.30	01:45:06.304	1.33518				2
2025.07.30	01:45:10.280	1.33519				2
2025.07.30	01:45:16.376	1.33517				2
2025.07.30	01:45:17.301		1.33519			4
2025.07.30	01:45:29.804		1.33520			4
2025.07.30	01:45:30.713	1.33518				2
2025.07.30	01:45:31.630	1.33517				2
2025.07.30	01:45:32.236	1.33518				2
2025.07.30	01:45:32.543	1.33517				2
2025.07.30	01:45:33.765	1.33518				2
2025.07.30	01:45:34.074	1.33517				2
2025.07.30	01:45:35.284		1.33519			4
2025.07.30	01:45:36.515	1.33518				2
2025.07.30	01:45:36.816	1.33517				2
2025.07.30	01:45:37.126	1.33518				2
2025.07.30	01:45:38.657	1.33517				2
2025.07.30	01:45:38.958	1.33518				2
2025.07.30	01:45:39.262	1.33517				2
2025.07.30	01:45:39.568	1.33518				2
2025.07.30	01:45:39.871	1.33517				2
2025.07.30	01:46:00.273	1.33517				2
2025.07.30	01:46:35.581		1.33519			4
2025.07.30	01:46:53.099	1.33516				2
2025.07.30	01:46:54.346	1.33515				2
2025.07.30	01:46:55.271	1.33516				2
2025.07.30	01:46:56.195	1.33514				2
2025.07.30	01:46:57.116	1.33515				2
2025.07.30	01:46:58.046	1.33514				2
2025.07.30	01:47:00.196	1.33514				2
2025.07.30	01:47:01.118	1.33515				2
2025.07.30	01:47:03.287	1.33516				2
2025.07.30	01:47:05.143	1.33517				2
2025.07.30	01:47:06.373	1.33516				2
2025.07.30	01:47:10.357	1.33517				2
2025.07.30	01:47:35.735		1.33519			4
2025.07.30	01:47:45.325	1.33519	1.33521			6
2025.07.30	01:47:45.630	1.33520				2
2025.07.30	01:47:46.254	1.33515	1.33520			6
2025.07.30	01:47:46.560	1.33514				2
2025.07.30	01:47:46.876	1.33515				2
2025.07.30	01:47:47.180	1.33523	1.33529			6
2025.07.30	01:47:48.733	1.33522				2
2025.07.30	01:47:50.594	1.33523				2
2025.07.30	01:47:53.377	1.33524				2
2025.07.30	01:47:55.239	1.33525				2
2025.07.30	01:47:57.099	1.33526				2
2025.07.30	01:48:00.169	1.33526				2
2025.07.30	01:48:00.477	1.33527				2
2025.07.30	01:48:01.092	1.33526				2
2025.07.30	01:48:01.700	1.33527				2
2025.07.30	01:48:02.006	1.33526				2
2025.07.30	01:48:04.153	1.33527				2
2025.07.30	01:48:09.646	1.33526				2
2025.07.30	01:48:09.955	1.33527				2
2025.07.30	01:48:10.259	1.33526				2
2025.07.30	01:48:10.562	1.33527				2
2025.07.30	01:48:10.869	1.33526				2
2025.07.30	01:48:11.478	1.33527				2
2025.07.30	01:48:11.785	1.33526				2
2025.07.30	01:48:14.260	1.33527				2
2025.07.30	01:48:17.314	1.33526				2
2025.07.30	01:48:18.833	1.33527				2
2025.07.30	01:48:24.002	1.33526				2
2025.07.30	01:48:33.149	1.33527				2
2025.07.30	01:48:33.462	1.33526				2
2025.07.30	01:48:38.657	1.33527				2
2025.07.30	01:48:41.426	1.33526				2
2025.07.30	01:48:42.336	1.33527				2
2025.07.30	01:48:45.996	1.33528				2
2025.07.30	01:48:46.303	1.33527				2
2025.07.30	01:48:47.223		1.33529			4
2025.07.30	01:49:00.131	1.33527				2
2025.07.30	01:49:02.907	1.33526				2
2025.07.30	01:49:03.215	1.33527				2
2025.07.30	01:49:22.349	1.33526				2
2025.07.30	01:49:42.112	1.33527				2
2025.07.30	01:49:47.364		1.33529			4
2025.07.30	01:49:47.669		1.33530			4
2025.07.30	01:49:50.760	1.33526	1.33529			6
2025.07.30	01:49:51.066	1.33527	1.33530			6
2025.07.30	01:50:00.000	1.33527				2
2025.07.30	01:50:02.155		1.33531			4
2025.07.30	01:50:06.180		1.33530			4
2025.07.30	01:50:09.869	1.33528	1.33531			6
2025.07.30	01:50:10.175	1.33527	1.33530			6
2025.07.30	01:50:11.092	1.33528	1.33531			6
2025.07.30	01:50:11.405	1.33527				2
2025.07.30	01:50:14.178		1.33530			4
2025.07.30	01:50:14.485	1.33528	1.33531			6
2025.07.30	01:50:15.106	1.33527				2
2025.07.30	01:50:20.361		1.33530			4
2025.07.30	01:50:20.666	1.33528	1.33531			6
2025.07.30	01:50:21.277	1.33527				2
2025.07.30	01:50:22.522	1.33526				2
2025.07.30	01:50:23.141	1.33527				2
2025.07.30	01:50:25.920	1.33526				2
2025.07.30	01:50:27.165	1.33527				2
2025.07.30	01:50:27.788	1.33526				2
2025.07.30	01:50:28.402	1.33527				2
2025.07.30	01:50:30.260		1.33530			4
2025.07.30	01:50:31.782	1.33533	1.33535			6
2025.07.30	01:50:32.399	1.33530				2
2025.07.30	01:50:37.613	1.33531				2
2025.07.30	01:50:39.144	1.33532				2
2025.07.30	01:50:40.367	1.33533				2
2025.07.30	01:50:43.122	1.33534				2
2025.07.30	01:50:43.431		1.33538			4
2025.07.30	01:50:43.737	1.33536				2
2025.07.30	01:50:49.281	1.33537				2
2025.07.30	01:50:50.498	1.33536				2
2025.07.30	01:50:51.410	1.33533	1.33536			6
2025.07.30	01:50:51.715	1.33532	1.33535			6
2025.07.30	01:50:52.331	1.33528	1.33536			6
2025.07.30	01:50:53.254	1.33529				2
2025.07.30	01:50:54.177	1.33530				2
2025.07.30	01:50:56.328	1.33531				2
2025.07.30	01:50:58.167	1.33532				2
2025.07.30	01:50:58.778	1.33531	1.33535			6
2025.07.30	01:51:00.007	1.33531				2
2025.07.30	01:51:01.234	1.33532				2
2025.07.30	01:51:15.261	1.33531	1.33534			6
2025.07.30	01:51:25.029	1.33532	1.33535			6
2025.07.30	01:51:30.860	1.33531	1.33534			6
2025.07.30	01:51:34.227	1.33532	1.33535			6
2025.07.30	01:51:36.068	1.33530	1.33531			6
2025.07.30	01:51:36.369	1.33529				2
2025.07.30	01:51:37.280	1.33526				2
2025.07.30	01:51:39.111	1.33527				2
2025.07.30	01:51:40.646	1.33528				2
2025.07.30	01:51:43.102	1.33529				2
2025.07.30	01:51:44.939	1.33528				2
2025.07.30	01:51:45.547	1.33529				2
2025.07.30	01:51:45.848	1.33528				2
2025.07.30	01:51:46.452	1.33529				2
2025.07.30	01:51:46.756	1.33528				2
2025.07.30	01:51:47.364	1.33529				2
2025.07.30	01:51:47.680	1.33528				2
2025.07.30	01:51:47.988	1.33529				2
2025.07.30	01:51:48.598	1.33528				2
2025.07.30	01:51:48.910	1.33529				2
2025.07.30	01:51:49.213	1.33528				2
2025.07.30	01:51:49.525	1.33529				2
2025.07.30	01:51:49.827	1.33528				2
2025.07.30	01:51:50.434	1.33529				2
2025.07.30	01:51:50.736	1.33528				2
2025.07.30	01:51:51.652	1.33529				2
2025.07.30	01:51:51.961	1.33528				2
2025.07.30	01:51:52.262	1.33529				2
2025.07.30	01:51:53.182	1.33528				2
2025.07.30	01:51:54.404	1.33532	1.33533			6
2025.07.30	01:51:54.705	1.33533	1.33536			6
2025.07.30	01:51:55.621	1.33532	1.33535			6
2025.07.30	01:51:55.932	1.33533	1.33536			6
2025.07.30	01:51:56.236	1.33528				2
2025.07.30	01:52:00.236	1.33528				2
2025.07.30	01:52:01.167	1.33529				2
2025.07.30	01:52:03.331	1.33530				2
2025.07.30	01:52:03.632	1.33531				2
2025.07.30	01:52:04.242	1.33532				2
2025.07.30	01:52:07.326	1.33533				2
2025.07.30	01:52:08.251	1.33532	1.33535			6
2025.07.30	01:52:10.696	1.33533	1.33536			6
2025.07.30	01:52:14.959	1.33532	1.33535			6
2025.07.30	01:52:15.261	1.33533	1.33536			6
2025.07.30	01:52:25.032	1.33534				2
2025.07.30	01:52:25.342	1.33533				2
2025.07.30	01:52:28.374	1.33534				2
2025.07.30	01:52:33.884	1.33532	1.33533			6
2025.07.30	01:52:34.196	1.33531				2
2025.07.30	01:52:35.117	1.33527				2
2025.07.30	01:52:37.276	1.33528				2
2025.07.30	01:52:38.201	1.33529				2
2025.07.30	01:52:39.136	1.33530	1.33532			6
2025.07.30	01:52:40.363	1.33531				2
2025.07.30	01:52:44.964	1.33532	1.33533			6
2025.07.30	01:52:45.274	1.33535	1.33538			6
2025.07.30	01:52:46.189	1.33532				2
2025.07.30	01:52:50.208	1.33533				2
2025.07.30	01:52:50.527	1.33532				2
2025.07.30	01:52:52.372	1.33533				2
2025.07.30	01:52:54.217	1.33534				2
2025.07.30	01:52:55.141	1.33535				2
2025.07.30	01:52:56.376	1.33536				2
2025.07.30	01:52:58.222	1.33537				2
2025.07.30	01:52:59.742	1.33536				2
2025.07.30	01:53:00.043	1.33537				2
2025.07.30	01:53:18.649	1.33536				2
2025.07.30	01:53:26.592	1.33537				2
2025.07.30	01:53:30.563	1.33536				2
2025.07.30	01:53:33.939	1.33537				2
2025.07.30	01:53:36.394	1.33536				2
2025.07.30	01:53:41.899	1.33537				2
2025.07.30	01:53:43.130	1.33536				2
2025.07.30	01:53:45.277		1.33538			4
2025.07.30	01:53:53.831	1.33537				2
2025.07.30	01:53:56.575	1.33536				2
2025.07.30	01:54:00.221	1.33536				2
2025.07.30	01:54:20.488	1.33535				2
2025.07.30	01:54:21.097	1.33536				2
2025.07.30	01:54:22.335	1.33535				2
2025.07.30	01:54:25.123	1.33536				2
2025.07.30	01:54:28.194	1.33537				2
2025.07.30	01:54:29.125	1.33536				2
2025.07.30	01:54:31.577	1.33535				2
2025.07.30	01:54:34.052	1.33536				2
2025.07.30	01:54:36.815	1.33537				2
2025.07.30	01:54:37.432	1.33536				2
2025.07.30	01:54:45.411		1.33538			4
2025.07.30	01:54:50.344		1.33539			4
2025.07.30	01:54:53.412	1.33537	1.33538			6
2025.07.30	01:54:57.106	1.33536				2
2025.07.30	01:55:00.214	1.33536				2
2025.07.30	01:55:00.517	1.33537				2
2025.07.30	01:55:03.620	1.33536				2
2025.07.30	01:55:10.148		1.33537			4
2025.07.30	01:55:10.459		1.33538			4
2025.07.30	01:55:11.379	1.33534	1.33537			6
2025.07.30	01:55:12.316	1.33531				2
2025.07.30	01:55:12.933	1.33530				2
2025.07.30	01:55:13.245	1.33531				2
2025.07.30	01:55:14.175	1.33530				2
2025.07.30	01:55:17.259	1.33531				2
2025.07.30	01:55:18.490		1.33538			4
2025.07.30	01:55:19.107	1.33532				2
2025.07.30	01:55:20.352	1.33533				2
2025.07.30	01:55:21.276	1.33534				2
2025.07.30	01:55:24.383	1.33535				2
2025.07.30	01:55:24.691	1.33534				2
2025.07.30	01:55:27.144		1.33537			4
2025.07.30	01:55:27.451	1.33535				2
2025.07.30	01:55:31.404	1.33534				2
2025.07.30	01:55:32.612	1.33535				2
2025.07.30	01:55:37.193	1.33534				2
2025.07.30	01:55:38.114	1.33535				2
2025.07.30	01:55:40.546	1.33534				2
2025.07.30	01:55:41.763	1.33535				2
2025.07.30	01:55:42.383	1.33534				2
2025.07.30	01:55:43.302	1.33535				2
2025.07.30	01:55:43.917	1.33536				2
2025.07.30	01:55:44.226	1.33535				2
2025.07.30	01:55:50.939	1.33536				2
2025.07.30	01:55:51.246	1.33531				2
2025.07.30	01:55:51.868		1.33538			4
2025.07.30	01:55:53.405		1.33536			4
2025.07.30	01:55:53.717	1.33530	1.33535			6
2025.07.30	01:55:54.337	1.33529				2
2025.07.30	01:55:58.972		1.33536			4
2025.07.30	01:56:00.203	1.33530				2
2025.07.30	01:56:00.814		1.33535			4
2025.07.30	01:56:02.363	1.33531				2
2025.07.30	01:56:02.671		1.33536			4
2025.07.30	01:56:03.296	1.33532				2
2025.07.30	01:56:04.202	1.33533				2
2025.07.30	01:56:13.377		1.33535			4
2025.07.30	01:56:14.295		1.33536			4
2025.07.30	01:56:24.102	1.33534				2
2025.07.30	01:56:28.388	1.33533				2
2025.07.30	01:56:29.610	1.33534				2
2025.07.30	01:56:32.957	1.33533				2
2025.07.30	01:56:36.312	1.33534	1.33537			6
2025.07.30	01:56:46.714	1.33533	1.33536			6
2025.07.30	01:56:47.328	1.33534	1.33537			6
2025.07.30	01:56:47.635		1.33536			4
2025.07.30	01:56:49.162	1.33530				2
2025.07.30	01:56:51.314	1.33529				2
2025.07.30	01:56:52.236	1.33530				2
2025.07.30	01:56:53.155	1.33529				2
2025.07.30	01:56:54.380	1.33530				2
2025.07.30	01:56:54.985	1.33531	1.33535			6
2025.07.30	01:56:55.286	1.33532	1.33536			6
2025.07.30	01:56:56.213	1.33530				2
2025.07.30	01:56:57.138	1.33532				2
2025.07.30	01:56:58.359	1.33533				2
2025.07.30	01:56:59.288	1.33534				2
2025.07.30	01:57:00.202	1.33534				2
2025.07.30	01:57:00.815	1.33533				2
2025.07.30	01:57:03.255	1.33532	1.33534			6
2025.07.30	01:57:04.170	1.33528				2
2025.07.30	01:57:06.344	1.33529				2
2025.07.30	01:57:07.276	1.33530				2
2025.07.30	01:57:08.200	1.33531				2
2025.07.30	01:57:09.115	1.33532				2
2025.07.30	01:57:10.339	1.33531				2
2025.07.30	01:57:11.272	1.33532				2
2025.07.30	01:57:16.185	1.33531				2
2025.07.30	01:57:21.386	1.33532				2
2025.07.30	01:57:26.879	1.33531				2
2025.07.30	01:57:27.184	1.33532				2
2025.07.30	01:57:30.244	1.33531	1.33533			6
2025.07.30	01:57:31.152	1.33527				2
2025.07.30	01:57:31.454		1.33534			4
2025.07.30	01:57:31.776	1.33526	1.33531			6
2025.07.30	01:57:32.387	1.33525				2
2025.07.30	01:57:33.934	1.33526	1.33532			6
2025.07.30	01:57:34.239	1.33527	1.33534			6
2025.07.30	01:57:42.263	1.33528				2
2025.07.30	01:57:42.577	1.33527				2
2025.07.30	01:57:43.194	1.33528				2
2025.07.30	01:57:44.123		1.33535			4
2025.07.30	01:57:45.360	1.33529				2
2025.07.30	01:57:46.305	1.33530				2
2025.07.30	01:57:47.232	1.33531				2
2025.07.30	01:57:48.159	1.33527	1.33528			6
2025.07.30	01:57:49.386	1.33523				2
2025.07.30	01:57:54.353	1.33524				2
2025.07.30	01:57:56.216	1.33525				2
2025.07.30	01:57:57.140	1.33526				2
2025.07.30	01:57:57.766	1.33527	1.33533			6
2025.07.30	01:57:58.073	1.33531	1.33535			6
2025.07.30	01:57:59.321	1.33528				2
2025.07.30	01:58:00.248	1.33528				2
2025.07.30	01:58:00.556		1.33534			4
2025.07.30	01:58:01.486		1.33535			4
2025.07.30	01:58:02.105	1.33529				2
2025.07.30	01:58:04.291	1.33530				2
2025.07.30	01:58:06.144	1.33531				2
2025.07.30	01:58:07.364	1.33532				2
2025.07.30	01:58:11.341	1.33533				2
2025.07.30	01:58:11.955	1.33532				2
2025.07.30	01:58:13.477		1.33534			4
2025.07.30	01:58:20.489	1.33531				2
2025.07.30	01:58:32.418	1.33532	1.33533			6
2025.07.30	01:58:32.721	1.33531				2
2025.07.30	01:58:36.079	1.33529	1.33531			6
2025.07.30	01:58:36.389		1.33530			4
2025.07.30	01:58:37.292	1.33528				2
2025.07.30	01:58:37.598	1.33529				2
2025.07.30	01:58:42.172	1.33528				2
2025.07.30	01:58:45.224	1.33527	1.33529			6
2025.07.30	01:58:55.612	1.33525	1.33526			6
2025.07.30	01:58:55.918	1.33524	1.33525			6
2025.07.30	01:58:57.753	1.33520	1.33523			6
2025.07.30	01:58:58.361	1.33518				2
2025.07.30	01:58:58.971	1.33517				2
2025.07.30	01:58:59.279	1.33516				2
2025.07.30	01:59:00.216	1.33518				2
2025.07.30	01:59:01.146	1.33516				2
2025.07.30	01:59:03.316	1.33517				2
2025.07.30	01:59:05.188	1.33518				2
2025.07.30	01:59:06.118	1.33519				2
2025.07.30	01:59:07.354	1.33520				2
2025.07.30	01:59:09.195	1.33521				2
2025.07.30	01:59:09.497	1.33520				2
2025.07.30	01:59:10.110	1.33521				2
2025.07.30	01:59:24.189		1.33524			4
2025.07.30	01:59:24.493	1.33522				2
2025.07.30	01:59:25.408	1.33523				2
2025.07.30	01:59:26.311	1.33522				2
2025.07.30	01:59:32.125	1.33523				2
2025.07.30	01:59:32.426	1.33528	1.33530			6
2025.07.30	01:59:33.046	1.33527				2
2025.07.30	01:59:33.355	1.33522				2
2025.07.30	01:59:38.321	1.33523				2
2025.07.30	01:59:38.628	1.33522				2
2025.07.30	01:59:39.250	1.33523				2
2025.07.30	01:59:40.182	1.33524				2
2025.07.30	01:59:42.346	1.33525				2
2025.07.30	01:59:43.280	1.33526				2
2025.07.30	01:59:44.814		1.33529			4
2025.07.30	01:59:46.347	1.33527				2
2025.07.30	01:59:50.008		1.33530			4
2025.07.30	01:59:50.312	1.33526	1.33529			6
2025.07.30	01:59:50.618	1.33527	1.33530			6
2025.07.30	01:59:53.657	1.33526	1.33529			6
2025.07.30	01:59:53.961	1.33527	1.33530			6
2025.07.30	01:59:54.268	1.33526	1.33529			6
2025.07.30	01:59:57.018	1.33527	1.33530			6
2025.07.30	01:59:57.323	1.33526	1.33529			6
2025.07.30	01:59:57.625	1.33527	1.33530			6
2025.07.30	01:59:57.932	1.33526	1.33529			6
2025.07.30	01:59:58.242	1.33527				2
2025.07.30	01:59:58.546	1.33526				2
2025.07.30	02:00:00.063	1.33526				2
2025.07.30	02:00:00.366	1.33527				2
2025.07.30	02:00:00.970	1.33526	1.33528			6
2025.07.30	02:00:02.188		1.33529			4
2025.07.30	02:00:04.932		1.33528			4
2025.07.30	02:00:06.146	1.33525	1.33526			6
2025.07.30	02:00:06.448	1.33522	1.33524			6
2025.07.30	02:00:06.756		1.33525			4
2025.07.30	02:00:07.365		1.33526			4
2025.07.30	02:00:09.857		1.33525			4
2025.07.30	02:00:31.021	1.33523				2
2025.07.30	02:00:36.230	1.33522				2
2025.07.30	02:00:37.763	1.33523				2
2025.07.30	02:00:39.289	1.33522				2
2025.07.30	02:00:40.206	1.33523				2
2025.07.30	02:00:42.332	1.33522				2
2025.07.30	02:00:45.698		1.33524			4
2025.07.30	02:00:46.920	1.33525	1.33526			6
2025.07.30	02:01:00.068	1.33525				2
2025.07.30	02:01:00.989	1.33526	1.33527			6
2025.07.30	02:01:01.299		1.33528			4
2025.07.30	02:01:03.755		1.33529			4
2025.07.30	02:01:10.220	1.33527				2
2025.07.30	02:01:13.294	1.33528				2
2025.07.30	02:01:16.039	1.33527				2
2025.07.30	02:01:16.350	1.33528				2
2025.07.30	02:01:17.884	1.33527	1.33528			6
2025.07.30	02:01:21.254	1.33520	1.33524			6
2025.07.30	02:01:26.194	1.33521				2
2025.07.30	02:01:27.127	1.33522				2
2025.07.30	02:01:29.307	1.33523				2
2025.07.30	02:01:30.854	1.33522	1.33523			6
2025.07.30	02:01:31.459	1.33521				2
2025.07.30	02:01:32.374	1.33522				2
2025.07.30	02:01:34.216	1.33521				2
2025.07.30	02:01:40.348	1.33523	1.33524			6
2025.07.30	02:01:41.272	1.33522				2
2025.07.30	02:01:42.510	1.33521				2
2025.07.30	02:01:42.813	1.33522				2
2025.07.30	02:01:43.136	1.33523				2
2025.07.30	02:01:43.749	1.33522				2
2025.07.30	02:01:44.370	1.33523				2
2025.07.30	02:01:52.311	1.33524	1.33525			6
2025.07.30	02:01:52.920	1.33523	1.33524			6
2025.07.30	02:01:55.676	1.33522				2
2025.07.30	02:02:00.265	1.33522				2
2025.07.30	02:02:01.473		1.33525			4
2025.07.30	02:02:10.617	1.33523				2
2025.07.30	02:02:10.920	1.33522				2
2025.07.30	02:02:16.114		1.33524			4
2025.07.30	02:02:16.416		1.33525			4
2025.07.30	02:02:22.513	1.33525	1.33527			6
2025.07.30	02:02:23.123	1.33526				2
2025.07.30	02:02:24.339	1.33525				2
2025.07.30	02:02:28.689	1.33522	1.33534			6
2025.07.30	02:02:29.315	1.33521	1.33532			6
2025.07.30	02:02:31.166	1.33520	1.33531			6
2025.07.30	02:02:32.396	1.33525	1.33527			6
2025.07.30	02:02:36.115		1.33529			4
2025.07.30	02:02:38.902		1.33528			4
2025.07.30	02:02:44.078		1.33527			4
2025.07.30	02:02:44.385		1.33528			4
2025.07.30	02:02:44.691		1.33527			4
2025.07.30	02:02:44.992		1.33528			4
2025.07.30	02:02:47.141		1.33527			4
2025.07.30	02:02:47.766		1.33528			4
2025.07.30	02:02:48.072		1.33527			4
2025.07.30	02:02:50.202		1.33528			4
2025.07.30	02:02:50.509		1.33527			4
2025.07.30	02:02:50.819		1.33528			4
2025.07.30	02:03:00.277	1.33525				2
2025.07.30	02:03:00.590		1.33527			4
2025.07.30	02:03:08.259		1.33528			4
2025.07.30	02:03:11.308		1.33527			4
2025.07.30	02:03:28.480	1.33524				2
2025.07.30	02:03:29.696		1.33526			4
2025.07.30	02:03:34.276	1.33525				2
2025.07.30	02:03:35.808		1.33527			4
2025.07.30	02:03:44.986	1.33524				2
2025.07.30	02:03:49.331		1.33526			4
2025.07.30	02:04:00.199	1.33524				2
2025.07.30	02:04:06.398		1.33527			4
2025.07.30	02:04:07.940		1.33526			4
2025.07.30	02:04:08.256		1.33527			4
2025.07.30	02:04:09.491		1.33526			4
2025.07.30	02:04:09.797		1.33527			4
2025.07.30	02:04:22.761		1.33526			4
2025.07.30	02:04:23.070		1.33527			4
2025.07.30	02:04:24.923		1.33526			4
2025.07.30	02:04:25.853		1.33527			4
2025.07.30	02:04:27.703		1.33526			4
2025.07.30	02:04:28.331	1.33523				2
2025.07.30	02:04:28.634	1.33524	1.33527			6
2025.07.30	02:04:30.482	1.33525	1.33528			6
2025.07.30	02:04:31.098	1.33521	1.33533			6
2025.07.30	02:04:31.407	1.33520	1.33532			6
2025.07.30	02:04:31.720	1.33521	1.33533			6
2025.07.30	02:04:32.026	1.33523	1.33529			6
2025.07.30	02:04:36.346	1.33524	1.33530			6
2025.07.30	02:04:38.492	1.33527	1.33533			6
2025.07.30	02:04:42.188	1.33530				2
2025.07.30	02:04:44.972		1.33534			4
2025.07.30	02:04:47.129		1.33533			4
2025.07.30	02:04:47.435		1.33534			4
2025.07.30	02:04:51.125		1.33533			4
2025.07.30	02:04:54.178		1.33532			4
2025.07.30	02:04:55.690	1.33534	1.33535			6
2025.07.30	02:04:59.367		1.33537			4
2025.07.30	02:05:00.286	1.33534				2
2025.07.30	02:05:11.598	1.33532	1.33533			6
2025.07.30	02:05:11.901	1.33527	1.33529			6
2025.07.30	02:05:12.826	1.33526				2
2025.07.30	02:05:13.133	1.33525				2
2025.07.30	02:05:26.288		1.33528			4
2025.07.30	02:05:36.375	1.33529	1.33530			6
2025.07.30	02:05:37.285	1.33526	1.33529			6
2025.07.30	02:05:40.356	1.33527	1.33531			6
2025.07.30	02:05:43.145	1.33528				2
2025.07.30	02:05:46.196		1.33530			4
2025.07.30	02:06:00.243	1.33528				2
2025.07.30	02:06:01.152	1.33529	1.33532			6
2025.07.30	02:06:38.131	1.33531	1.33533			6
2025.07.30	02:06:38.437	1.33530	1.33531			6
2025.07.30	02:06:39.649	1.33529				2
2025.07.30	02:06:40.560	1.33528				2
2025.07.30	02:06:40.867	1.33529				2
2025.07.30	02:06:41.782	1.33531	1.33533			6
2025.07.30	02:06:42.092	1.33529	1.33531			6
2025.07.30	02:06:43.014	1.33528				2
2025.07.30	02:06:47.330	1.33531	1.33532			6
2025.07.30	02:06:47.634	1.33529	1.33530			6
2025.07.30	02:06:48.845	1.33528				2
2025.07.30	02:06:49.149	1.33527				2
2025.07.30	02:06:50.990	1.33531	1.33533			6
2025.07.30	02:06:51.300	1.33528	1.33530			6
2025.07.30	02:06:51.619	1.33527				2
2025.07.30	02:06:52.856	1.33531	1.33533			6
2025.07.30	02:06:53.471	1.33527	1.33529			6
2025.07.30	02:06:56.270	1.33531	1.33533			6
2025.07.30	02:06:56.577	1.33528	1.33529			6
2025.07.30	02:06:56.880	1.33527				2
2025.07.30	02:07:00.292	1.33527				2
2025.07.30	02:07:00.602		1.33530			4
2025.07.30	02:07:02.154	1.33528	1.33532			6
2025.07.30	02:07:03.704	1.33531	1.33533			6
2025.07.30	02:07:04.624	1.33530				2
2025.07.30	02:07:12.623	1.33528	1.33529			6
2025.07.30	02:07:13.232	1.33526				2
2025.07.30	02:07:13.533	1.33527				2
2025.07.30	02:07:17.858		1.33530			4
2025.07.30	02:07:19.415		1.33529			4
2025.07.30	02:07:19.722		1.33530			4
2025.07.30	02:07:21.261		1.33529			4
2025.07.30	02:07:23.112		1.33528			4
2025.07.30	02:07:24.033	1.33526				2
2025.07.30	02:07:24.337	1.33527				2
2025.07.30	02:07:24.642	1.33526	1.33527			6
2025.07.30	02:07:28.613		1.33528			4
2025.07.30	02:07:32.580		1.33529			4
2025.07.30	02:07:32.882	1.33525	1.33528			6
2025.07.30	02:07:33.801		1.33527			4
2025.07.30	02:08:00.087	1.33525				2
2025.07.30	02:08:11.116	1.33526	1.33529			6
2025.07.30	02:08:11.423	1.33529	1.33531			6
2025.07.30	02:08:11.725	1.33528				2
2025.07.30	02:08:12.337		1.33532			4
2025.07.30	02:08:24.112		1.33531			4
2025.07.30	02:08:26.263	1.33529				2
2025.07.30	02:08:26.569	1.33528	1.33530			6
2025.07.30	02:08:26.875		1.33531			4
2025.07.30	02:08:27.490		1.33530			4
2025.07.30	02:08:46.395		1.33531			4
2025.07.30	02:08:48.213		1.33530			4
2025.07.30	02:08:48.821		1.33531			4
2025.07.30	02:08:52.811		1.33530			4
2025.07.30	02:08:53.736	1.33527	1.33529			6
2025.07.30	02:08:57.400	1.33525	1.33528			6
2025.07.30	02:08:57.708		1.33527			4
2025.07.30	02:08:58.321		1.33529			4
2025.07.30	02:09:00.176	1.33525				2
2025.07.30	02:09:02.340		1.33528			4
2025.07.30	02:09:04.193		1.33527			4
2025.07.30	02:09:11.833	1.33524				2
2025.07.30	02:09:12.455	1.33525	1.33528			6
2025.07.30	02:09:13.370	1.33524	1.33530			6
2025.07.30	02:09:14.287		1.33529			4
2025.07.30	02:09:15.217	1.33525				2
2025.07.30	02:09:16.133		1.33528			4
2025.07.30	02:09:21.937	1.33524	1.33527			6
2025.07.30	02:09:22.872		1.33528			4
2025.07.30	02:09:23.179		1.33529			4
2025.07.30	02:09:23.804	1.33527				2
2025.07.30	02:09:24.121		1.33530			4
2025.07.30	02:09:26.284		1.33529			4
2025.07.30	02:09:27.215		1.33528			4
2025.07.30	02:09:40.669	1.33526	1.33527			6
2025.07.30	02:09:52.264		1.33528			4
2025.07.30	02:09:54.094		1.33529			4
2025.07.30	02:09:56.890		1.33528			4
2025.07.30	02:10:00.269	1.33526				2
2025.07.30	02:10:00.884	1.33525				2
2025.07.30	02:10:01.498	1.33526	1.33527			6
2025.07.30	02:10:02.416	1.33525				2
2025.07.30	02:10:07.291	1.33519	1.33521			6
2025.07.30	02:10:07.599	1.33518				2
2025.07.30	02:10:08.219	1.33517				2
2025.07.30	02:10:17.479	1.33519	1.33522			6
2025.07.30	02:10:17.781	1.33518				2
2025.07.30	02:10:19.338	1.33519				2
2025.07.30	02:10:20.890	1.33518				2
2025.07.30	02:10:26.740	1.33519				2
2025.07.30	02:10:41.717	1.33520				2
2025.07.30	02:10:43.861	1.33519				2
2025.07.30	02:10:44.166	1.33520				2
2025.07.30	02:10:44.470	1.33519				2
2025.07.30	02:10:47.842	1.33520				2
2025.07.30	02:10:54.266	1.33521	1.33523			6
2025.07.30	02:10:55.491	1.33520				2
2025.07.30	02:10:59.759	1.33522	1.33524			6
2025.07.30	02:11:00.073	1.33520	1.33523			6
2025.07.30	02:11:00.380	1.33521	1.33524			6
2025.07.30	02:11:11.096		1.33523			4
2025.07.30	02:11:11.713	1.33520				2
2025.07.30	02:11:12.324	1.33521				2
2025.07.30	02:11:12.933	1.33522				2
2025.07.30	02:11:14.458	1.33521				2
2025.07.30	02:11:14.767	1.33522				2
2025.07.30	02:11:15.388	1.33521				2
2025.07.30	02:11:15.694	1.33522				2
2025.07.30	02:11:16.923	1.33521				2
2025.07.30	02:11:17.841	1.33520				2
2025.07.30	02:11:19.988	1.33522				2
2025.07.30	02:11:20.603	1.33521				2
2025.07.30	02:11:21.218	1.33518				2
2025.07.30	02:11:22.454	1.33519				2
2025.07.30	02:11:26.189	1.33520				2
2025.07.30	02:11:29.279	1.33521				2
2025.07.30	02:11:33.275	1.33520				2
2025.07.30	02:11:38.168	1.33521				2
2025.07.30	02:11:41.237	1.33520				2
2025.07.30	02:11:42.156	1.33519				2
2025.07.30	02:11:43.388	1.33520				2
2025.07.30	02:11:44.614	1.33519	1.33522			6
2025.07.30	02:11:45.218	1.33520	1.33523			6
2025.07.30	02:11:47.360	1.33519	1.33522			6
2025.07.30	02:11:48.579	1.33520	1.33523			6
2025.07.30	02:11:49.194	1.33521				2
2025.07.30	02:11:49.803	1.33520				2
2025.07.30	02:11:50.106	1.33519				2
2025.07.30	02:11:50.715	1.33518				2
2025.07.30	02:11:51.636	1.33517				2
2025.07.30	02:11:51.946	1.33518				2
2025.07.30	02:11:52.249	1.33517				2
2025.07.30	02:11:52.554	1.33518				2
2025.07.30	02:11:56.294	1.33517				2
2025.07.30	02:11:57.224	1.33518				2
2025.07.30	02:11:59.099	1.33519				2
2025.07.30	02:11:59.406	1.33520				2
2025.07.30	02:12:00.025	1.33520				2
2025.07.30	02:12:01.574	1.33521				2
2025.07.30	02:12:02.484	1.33522				2
2025.07.30	02:12:02.788	1.33521				2
2025.07.30	02:12:05.224	1.33520				2
2025.07.30	02:12:05.832	1.33521				2
2025.07.30	02:12:07.379	1.33520				2
2025.07.30	02:12:07.997	1.33521				2
2025.07.30	02:12:08.315	1.33522				2
2025.07.30	02:12:08.929	1.33525	1.33527			6
2025.07.30	02:12:09.232	1.33524				2
2025.07.30	02:12:10.161	1.33523				2
2025.07.30	02:12:13.876		1.33528			4
2025.07.30	02:12:20.386		1.33527			4
2025.07.30	02:12:21.316	1.33524				2
2025.07.30	02:12:25.284	1.33526	1.33528			6
2025.07.30	02:12:25.592	1.33525				2
2025.07.30	02:12:30.492	1.33524	1.33527			6
2025.07.30	02:12:30.793	1.33525	1.33528			6
2025.07.30	02:12:35.394	1.33524	1.33527			6
2025.07.30	02:12:36.612	1.33525	1.33528			6
2025.07.30	02:12:50.683	1.33528	1.33530			6
2025.07.30	02:12:52.213	1.33527				2
2025.07.30	02:12:55.609		1.33532			4
2025.07.30	02:12:59.322	1.33522	1.33528			6
2025.07.30	02:12:59.936		1.33527			4
2025.07.30	02:13:00.248	1.33522				2
2025.07.30	02:13:05.828	1.33521	1.33526			6
2025.07.30	02:13:08.327	1.33522				2
2025.07.30	02:13:11.100	1.33523				2
2025.07.30	02:13:12.929	1.33522	1.33524			6
2025.07.30	02:13:13.238	1.33521				2
2025.07.30	02:13:13.543	1.33520	1.33523			6
2025.07.30	02:13:14.155	1.33518	1.33524			6
2025.07.30	02:13:15.386	1.33520				2
2025.07.30	02:13:15.698	1.33519				2
2025.07.30	02:13:16.006	1.33521	1.33525			6
2025.07.30	02:13:17.251	1.33520				2
2025.07.30	02:13:19.414	1.33522	1.33526			6
2025.07.30	02:13:19.725	1.33523				2
2025.07.30	02:13:28.320	1.33522	1.33525			6
2025.07.30	02:13:28.930	1.33523	1.33526			6
2025.07.30	02:13:29.238	1.33522	1.33525			6
2025.07.30	02:13:29.845	1.33523	1.33526			6
2025.07.30	02:13:30.768	1.33522	1.33525			6
2025.07.30	02:13:34.452	1.33523	1.33526			6
2025.07.30	02:13:34.755	1.33522	1.33525			6
2025.07.30	02:13:39.947	1.33523	1.33526			6
2025.07.30	02:13:43.303	1.33522	1.33525			6
2025.07.30	02:13:43.618	1.33523	1.33526			6
2025.07.30	02:13:50.071	1.33522	1.33525			6
2025.07.30	02:13:50.680	1.33523	1.33526			6
2025.07.30	02:13:50.988	1.33524				2
2025.07.30	02:13:51.297	1.33521	1.33523			6
2025.07.30	02:13:51.602	1.33520				2
2025.07.30	02:13:51.904	1.33519	1.33522			6
2025.07.30	02:13:52.212		1.33523			4
2025.07.30	02:13:57.423	1.33520				2
2025.07.30	02:14:00.207	1.33520				2
2025.07.30	02:14:00.515	1.33519				2
2025.07.30	02:14:01.139	1.33520				2
2025.07.30	02:14:04.212	1.33521				2
2025.07.30	02:14:08.791	1.33520				2
2025.07.30	02:14:09.093	1.33524	1.33527			6
2025.07.30	02:14:10.312	1.33523				2
2025.07.30	02:14:14.348	1.33524	1.33528			6
2025.07.30	02:14:19.288	1.33525				2
2025.07.30	02:14:31.517	1.33524	1.33527			6
2025.07.30	02:14:40.370	1.33525	1.33528			6
2025.07.30	02:14:40.680	1.33524	1.33527			6
2025.07.30	02:14:59.287	1.33525	1.33528			6
2025.07.30	02:15:00.203	1.33525				2
2025.07.30	02:15:04.190	1.33524	1.33527			6
2025.07.30	02:15:09.061	1.33525	1.33528			6
2025.07.30	02:15:29.216	1.33524	1.33527			6
2025.07.30	02:15:32.878	1.33525	1.33528			6
2025.07.30	02:15:38.074	1.33524	1.33527			6
2025.07.30	02:15:39.612	1.33525	1.33528			6
2025.07.30	02:16:00.007	1.33525				2
2025.07.30	02:16:07.130	1.33526				2
2025.07.30	02:16:09.917	1.33525				2
2025.07.30	02:16:17.974	1.33526				2
2025.07.30	02:16:19.208	1.33525				2
2025.07.30	02:16:20.137	1.33526				2
2025.07.30	02:16:22.913	1.33525				2
2025.07.30	02:16:23.231	1.33526				2
2025.07.30	02:16:23.543	1.33525				2
2025.07.30	02:16:39.847		1.33528			4
2025.07.30	02:16:42.597	1.33524	1.33527			6
2025.07.30	02:16:43.826	1.33523	1.33526			6
2025.07.30	02:16:44.134		1.33528			4
2025.07.30	02:16:50.574		1.33527			4
2025.07.30	02:16:50.874	1.33524	1.33528			6
2025.07.30	02:16:51.183		1.33527			4
2025.07.30	02:16:51.488		1.33528			4
2025.07.30	02:16:51.802		1.33527			4
2025.07.30	02:16:52.104		1.33528			4
2025.07.30	02:17:00.083	1.33524				2
2025.07.30	02:17:00.699	1.33523				2
2025.07.30	02:17:01.311		1.33527			4
2025.07.30	02:17:05.288		1.33526			4
2025.07.30	02:17:14.137		1.33528			4
2025.07.30	02:17:15.363		1.33527			4
2025.07.30	02:17:16.288		1.33526			4
2025.07.30	02:17:18.134		1.33528			4
2025.07.30	02:17:19.357		1.33527			4
2025.07.30	02:17:20.278		1.33526			4
2025.07.30	02:17:23.637	1.33524	1.33527			6
2025.07.30	02:17:25.153	1.33523	1.33526			6
2025.07.30	02:17:26.378		1.33528			4
2025.07.30	02:17:27.301		1.33527			4
2025.07.30	02:17:28.521		1.33526			4
2025.07.30	02:17:28.826		1.33527			4
2025.07.30	02:17:29.130		1.33528			4
2025.07.30	02:17:32.200	1.33524				2
2025.07.30	02:17:32.811	1.33523	1.33527			6
2025.07.30	02:17:33.115		1.33528			4
2025.07.30	02:17:37.104		1.33527			4
2025.07.30	02:17:38.340		1.33526			4
2025.07.30	02:17:40.481	1.33524	1.33527			6
2025.07.30	02:17:47.800	1.33523	1.33526			6
2025.07.30	02:17:48.102	1.33524	1.33527			6
2025.07.30	02:17:48.405	1.33523	1.33526			6
2025.07.30	02:17:52.381	1.33524	1.33527			6
2025.07.30	02:17:54.806	1.33523	1.33526			6
2025.07.30	02:17:55.109		1.33527			4
2025.07.30	02:18:00.012	1.33523				2
2025.07.30	02:18:01.558	1.33524				2
2025.07.30	02:18:05.850		1.33526			4
2025.07.30	02:18:06.156		1.33527			4
2025.07.30	02:18:06.459		1.33526			4
2025.07.30	02:18:06.765		1.33527			4
2025.07.30	02:18:07.369		1.33526			4
2025.07.30	02:18:08.280		1.33527			4
2025.07.30	02:18:09.188		1.33526			4
2025.07.30	02:18:12.825		1.33527			4
2025.07.30	02:18:13.133		1.33526			4
2025.07.30	02:18:13.447		1.33527			4
2025.07.30	02:18:13.751		1.33526			4
2025.07.30	02:18:14.059		1.33527			4
2025.07.30	02:18:15.599		1.33526			4
2025.07.30	02:18:16.210		1.33528			4
2025.07.30	02:18:18.369		1.33526			4
2025.07.30	02:18:18.979	1.33525	1.33527			6
2025.07.30	02:18:19.897	1.33524				2
2025.07.30	02:18:20.198		1.33528			4
