<DATE>	<TIME>	<BID>	<ASK>	<LAST>	<VOLUME>	<FLAGS>
2025.03.12	00:00:00.220	1.29459	1.29651			6
2025.03.12	00:00:00.559	1.29438	1.29630			6
2025.03.12	00:00:00.863	1.29398	1.29590			6
2025.03.12	00:01:00.150	1.29398				2
2025.03.12	00:01:01.068		1.29590			4
2025.03.12	00:02:00.168	1.29398				2
2025.03.12	00:02:01.088		1.29590			4
2025.03.12	00:03:00.231	1.29398				2
2025.03.12	00:03:01.158		1.29590			4
2025.03.12	00:04:00.249	1.29398				2
2025.03.12	00:04:01.168		1.29590			4
2025.03.12	00:05:00.031	1.29398				2
2025.03.12	00:05:00.342	1.29399	1.29591			6
2025.03.12	00:05:01.569	1.29400	1.29592			6
2025.03.12	00:05:08.063	1.29402	1.29594			6
2025.03.12	00:05:08.986	1.29401	1.29593			6
2025.03.12	00:05:13.001	1.29402	1.29594			6
2025.03.12	00:05:16.080	1.29414	1.29601			6
2025.03.12	00:05:16.394	1.29430	1.29609			6
2025.03.12	00:05:17.012	1.29414	1.29601			6
2025.03.12	00:05:22.241	1.29404	1.29596			6
2025.03.12	00:05:29.023	1.29403	1.29595			6
2025.03.12	00:05:36.729	1.29402	1.29594			6
2025.03.12	00:06:00.003	1.29402				2
2025.03.12	00:06:01.228	1.29400	1.29592			6
2025.03.12	00:06:01.538	1.29402	1.29594			6
2025.03.12	00:06:02.450	1.29400	1.29592			6
2025.03.12	00:06:04.901	1.29399	1.29591			6
2025.03.12	00:06:13.782	1.29401	1.29593			6
2025.03.12	00:06:14.389	1.29400	1.29592			6
2025.03.12	00:06:35.242	1.29399	1.29591			6
2025.03.12	00:06:46.912	1.29400	1.29592			6
2025.03.12	00:06:59.546	1.29399	1.29591			6
2025.03.12	00:07:00.155	1.29399				2
2025.03.12	00:07:04.454	1.29411				2
2025.03.12	00:07:11.207		1.29594			4
2025.03.12	00:07:13.364		1.29591			4
2025.03.12	00:07:13.672		1.29592			4
2025.03.12	00:07:13.979		1.29594			4
2025.03.12	00:07:14.902		1.29593			4
2025.03.12	00:07:15.820		1.29594			4
2025.03.12	00:07:20.444		1.29592			4
2025.03.12	00:07:20.757		1.29594			4
2025.03.12	00:07:22.920	1.29413	1.29590			6
2025.03.12	00:07:26.000		1.29594			4
2025.03.12	00:07:30.330		1.29592			4
2025.03.12	00:07:30.944		1.29590			4
2025.03.12	00:07:33.715		1.29594			4
2025.03.12	00:07:36.495	1.29494	1.29591			6
2025.03.12	00:07:39.843		1.29588			4
2025.03.12	00:07:41.072		1.29582			4
2025.03.12	00:07:42.920		1.29581			4
2025.03.12	00:07:46.605		1.29578			4
2025.03.12	00:07:46.912		1.29580			4
2025.03.12	00:07:47.216		1.29576			4
2025.03.12	00:07:50.258		1.29577			4
2025.03.12	00:07:50.871		1.29574			4
2025.03.12	00:07:52.412		1.29572			4
2025.03.12	00:07:53.315		1.29573			4
2025.03.12	00:07:55.134		1.29572			4
2025.03.12	00:07:56.961		1.29570			4
2025.03.12	00:07:58.800		1.29568			4
2025.03.12	00:08:00.033	1.29494				2
2025.03.12	00:08:01.859		1.29570			4
2025.03.12	00:08:03.394		1.29569			4
2025.03.12	00:08:23.829		1.29567			4
2025.03.12	00:08:25.045		1.29568			4
2025.03.12	00:08:28.999		1.29569			4
2025.03.12	00:08:41.223		1.29570			4
2025.03.12	00:08:50.973		1.29573			4
2025.03.12	00:08:58.922		1.29569			4
2025.03.12	00:09:00.137	1.29494				2
2025.03.12	00:09:37.449		1.29568			4
2025.03.12	00:09:43.231		1.29569			4
2025.03.12	00:09:46.906		1.29576			4
2025.03.12	00:09:50.922		1.29570			4
2025.03.12	00:10:00.114	1.29494				2
2025.03.12	00:10:06.594		1.29572			4
2025.03.12	00:10:12.151	1.29480				2
2025.03.12	00:10:17.704	1.29495	1.29588			6
2025.03.12	00:10:18.006	1.29483	1.29580			6
2025.03.12	00:10:30.641	1.29475	1.29569			6
2025.03.12	00:10:32.813	1.29477	1.29571			6
2025.03.12	00:10:37.133	1.29484	1.29590			6
2025.03.12	00:10:37.452		1.29576			4
2025.03.12	00:10:37.752		1.29578			4
2025.03.12	00:10:41.151	1.29480	1.29588			6
2025.03.12	00:10:43.003	1.29485	1.29584			6
2025.03.12	00:10:43.618		1.29585			4
2025.03.12	00:10:45.475	1.29484				2
2025.03.12	00:10:46.400	1.29482	1.29583			6
2025.03.12	00:10:47.634	1.29478	1.29578			6
2025.03.12	00:10:50.410	1.29482	1.29582			6
2025.03.12	00:10:54.744	1.29480	1.29579			6
2025.03.12	00:10:56.594	1.29476	1.29584			6
2025.03.12	00:10:58.439	1.29475	1.29582			6
2025.03.12	00:11:00.291	1.29475				2
2025.03.12	00:11:00.605	1.29468	1.29591			6
2025.03.12	00:11:00.907		1.29589			4
2025.03.12	00:11:04.604	1.29469	1.29590			6
2025.03.12	00:11:08.604	1.29470				2
2025.03.12	00:11:16.304	1.29471				2
2025.03.12	00:11:19.083	1.29483				2
2025.03.12	00:11:19.384	1.29471				2
2025.03.12	00:11:20.311	1.29483				2
2025.03.12	00:11:25.868	1.29471				2
2025.03.12	00:11:26.801	1.29494				2
2025.03.12	00:11:30.801		1.29596			4
2025.03.12	00:11:31.721		1.29597			4
2025.03.12	00:11:32.340	1.29471				2
2025.03.12	00:11:32.641	1.29472	1.29601			6
2025.03.12	00:11:33.266	1.29494				2
2025.03.12	00:11:33.878		1.29602			4
2025.03.12	00:11:38.789	1.29471				2
2025.03.12	00:11:39.704	1.29494				2
2025.03.12	00:11:45.241	1.29471				2
2025.03.12	00:11:46.194	1.29494				2
2025.03.12	00:11:48.340		1.29600			4
2025.03.12	00:11:52.025		1.29601			4
2025.03.12	00:11:58.467		1.29600			4
2025.03.12	00:12:00.007	1.29494				2
2025.03.12	00:12:00.625		1.29601			4
2025.03.12	00:12:05.255		1.29600			4
2025.03.12	00:12:06.180		1.29603			4
2025.03.12	00:12:06.492		1.29605			4
2025.03.12	00:12:07.727		1.29603			4
2025.03.12	00:12:08.959		1.29605			4
2025.03.12	00:12:09.889		1.29602			4
2025.03.12	00:12:13.278		1.29606			4
2025.03.12	00:12:21.930		1.29600			4
2025.03.12	00:12:28.115		1.29601			4
2025.03.12	00:12:30.586		1.29600			4
2025.03.12	00:12:42.632		1.29599			4
2025.03.12	00:12:53.738		1.29600			4
2025.03.12	00:13:00.220	1.29494				2
2025.03.12	00:13:35.375	1.29504	1.29610			6
2025.03.12	00:13:35.685		1.29608			4
2025.03.12	00:13:38.152		1.29606			4
2025.03.12	00:13:39.701		1.29607			4
2025.03.12	00:13:40.931		1.29604			4
2025.03.12	00:13:44.627		1.29601			4
2025.03.12	00:13:45.243		1.29600			4
2025.03.12	00:13:50.480		1.29598			4
2025.03.12	00:13:56.342		1.29597			4
2025.03.12	00:14:00.048	1.29504				2
2025.03.12	00:14:02.824		1.29596			4
2025.03.12	00:14:17.947		1.29594			4
2025.03.12	00:14:29.663		1.29592			4
2025.03.12	00:14:31.819		1.29591			4
2025.03.12	00:15:00.179	1.29504	1.29592			6
2025.03.12	00:15:00.804		1.29594			4
2025.03.12	00:15:02.040		1.29592			4
2025.03.12	00:15:06.969		1.29594			4
2025.03.12	00:15:11.903	1.29494				2
2025.03.12	00:15:16.202		1.29593			4
2025.03.12	00:16:22.308	1.29494	1.29588			6
2025.03.12	00:16:28.783		1.29587			4
2025.03.12	00:16:50.680		1.29586			4
2025.03.12	00:17:00.248	1.29494				2
2025.03.12	00:17:06.442		1.29585			4
2025.03.12	00:17:07.055		1.29587			4
2025.03.12	00:17:15.392		1.29586			4
2025.03.12	00:17:18.235		1.29587			4
2025.03.12	00:17:29.043		1.29586			4
2025.03.12	00:17:44.782		1.29589			4
2025.03.12	00:18:00.230	1.29494				2
2025.03.12	00:18:27.074		1.29590			4
2025.03.12	00:18:32.313		1.29589			4
2025.03.12	00:19:00.092	1.29494				2
2025.03.12	00:19:07.808		1.29588			4
2025.03.12	00:19:40.205		1.29587			4
2025.03.12	00:19:41.749		1.29586			4
2025.03.12	00:19:45.140		1.29585			4
2025.03.12	00:19:46.996		1.29582			4
2025.03.12	00:19:47.308		1.29581			4
2025.03.12	00:19:49.464		1.29588			4
2025.03.12	00:19:58.119		1.29586			4
2025.03.12	00:20:00.280	1.29494				2
2025.03.12	00:20:28.050		1.29583			4
2025.03.12	00:20:34.785		1.29582			4
2025.03.12	00:20:35.703		1.29583			4
2025.03.12	00:20:42.165		1.29584			4
2025.03.12	00:20:43.095		1.29581			4
2025.03.12	00:20:43.394		1.29583			4
2025.03.12	00:20:43.702		1.29579			4
2025.03.12	00:20:49.254		1.29582			4
2025.03.12	00:20:49.571		1.29580			4
2025.03.12	00:20:50.803		1.29581			4
2025.03.12	00:20:54.833		1.29579			4
2025.03.12	00:20:58.533		1.29581			4
2025.03.12	00:20:58.840		1.29577			4
2025.03.12	00:20:59.459		1.29579			4
2025.03.12	00:21:00.076	1.29494				2
2025.03.12	00:21:09.953		1.29577			4
2025.03.12	00:21:10.263		1.29580			4
2025.03.12	00:21:15.807		1.29579			4
2025.03.12	00:21:16.110		1.29576			4
2025.03.12	00:21:21.671		1.29575			4
2025.03.12	00:21:26.298		1.29577			4
2025.03.12	00:21:27.528	1.29476	1.29579			6
2025.03.12	00:21:27.834		1.29574			4
2025.03.12	00:21:28.452		1.29575			4
2025.03.12	00:21:28.761		1.29574			4
2025.03.12	00:21:30.000	1.29473	1.29572			6
2025.03.12	00:21:30.926	1.29504	1.29576			6
2025.03.12	00:21:31.861		1.29572			4
2025.03.12	00:21:32.168		1.29573			4
2025.03.12	00:21:39.274		1.29572			4
2025.03.12	00:21:44.822		1.29571			4
2025.03.12	00:21:47.600		1.29570			4
2025.03.12	00:22:00.261	1.29504				2
2025.03.12	00:22:02.413		1.29571			4
2025.03.12	00:22:11.376		1.29570			4
2025.03.12	00:22:12.609		1.29571			4
2025.03.12	00:22:24.647		1.29570			4
2025.03.12	00:22:28.659	1.29458	1.29568			6
2025.03.12	00:22:28.966		1.29547			4
2025.03.12	00:22:29.273		1.29543			4
2025.03.12	00:22:29.589		1.29544			4
2025.03.12	00:22:29.903		1.29542			4
2025.03.12	00:22:30.208		1.29563			4
2025.03.12	00:22:30.518		1.29564			4
2025.03.12	00:22:31.757		1.29546			4
2025.03.12	00:22:32.060		1.29550			4
2025.03.12	00:22:32.372		1.29568			4
2025.03.12	00:22:32.684		1.29565			4
2025.03.12	00:22:32.990		1.29566			4
2025.03.12	00:22:33.298		1.29563			4
2025.03.12	00:22:33.608		1.29562			4
2025.03.12	00:22:34.223		1.29564			4
2025.03.12	00:22:35.145		1.29563			4
2025.03.12	00:22:36.387		1.29562			4
2025.03.12	00:22:37.312		1.29565			4
2025.03.12	00:22:38.547	1.29460	1.29570			6
2025.03.12	00:22:38.856		1.29571			4
2025.03.12	00:22:39.162	1.29462	1.29577			6
2025.03.12	00:22:39.465		1.29579			4
2025.03.12	00:22:39.780		1.29580			4
2025.03.12	00:22:40.090		1.29568			4
2025.03.12	00:22:40.700		1.29566			4
2025.03.12	00:22:41.317		1.29573			4
2025.03.12	00:22:41.625		1.29567			4
2025.03.12	00:22:41.931	1.29466	1.29568			6
2025.03.12	00:22:42.236		1.29569			4
2025.03.12	00:22:42.546		1.29570			4
2025.03.12	00:22:43.785		1.29572			4
2025.03.12	00:22:44.399	1.29467				2
2025.03.12	00:22:44.705		1.29574			4
2025.03.12	00:22:45.629		1.29575			4
2025.03.12	00:22:45.939		1.29572			4
2025.03.12	00:22:48.405	1.29458	1.29567			6
2025.03.12	00:22:48.724		1.29568			4
2025.03.12	00:22:49.026		1.29569			4
2025.03.12	00:22:49.336		1.29568			4
2025.03.12	00:22:49.645		1.29566			4
2025.03.12	00:22:50.259		1.29565			4
2025.03.12	00:22:50.565		1.29564			4
2025.03.12	00:22:50.880		1.29563			4
2025.03.12	00:22:51.496		1.29564			4
2025.03.12	00:22:51.808		1.29563			4
2025.03.12	00:22:52.113		1.29562			4
2025.03.12	00:22:52.421		1.29563			4
2025.03.12	00:22:54.887		1.29565			4
2025.03.12	00:22:55.206		1.29560			4
2025.03.12	00:22:56.746		1.29558			4
2025.03.12	00:22:57.368		1.29562			4
2025.03.12	00:22:57.673		1.29560			4
2025.03.12	00:22:57.980		1.29559			4
2025.03.12	00:22:58.289		1.29558			4
2025.03.12	00:22:58.602		1.29578			4
2025.03.12	00:22:58.905		1.29577			4
2025.03.12	00:22:59.833		1.29574			4
2025.03.12	00:23:00.143	1.29458	1.29563			6
2025.03.12	00:23:00.455	1.29461	1.29580			6
2025.03.12	00:23:00.762	1.29462	1.29581			6
2025.03.12	00:23:01.074		1.29577			4
2025.03.12	00:23:01.692	1.29458	1.29572			6
2025.03.12	00:23:02.003	1.29463	1.29576			6
2025.03.12	00:23:02.315		1.29574			4
2025.03.12	00:23:03.550	1.29458	1.29564			6
2025.03.12	00:23:03.856		1.29563			4
2025.03.12	00:23:04.165		1.29573			4
2025.03.12	00:23:04.475		1.29569			4
2025.03.12	00:23:05.713		1.29570			4
2025.03.12	00:23:06.023		1.29568			4
2025.03.12	00:23:06.332		1.29564			4
2025.03.12	00:23:06.948		1.29568			4
2025.03.12	00:23:07.264		1.29561			4
2025.03.12	00:23:07.566		1.29562			4
2025.03.12	00:23:08.184		1.29564			4
2025.03.12	00:23:09.110		1.29561			4
2025.03.12	00:23:09.417		1.29563			4
2025.03.12	00:23:09.729	1.29467	1.29562			6
2025.03.12	00:23:10.037		1.29561			4
2025.03.12	00:23:12.502	1.29459				2
2025.03.12	00:23:12.807	1.29458	1.29572			6
2025.03.12	00:23:13.123		1.29568			4
2025.03.12	00:23:17.447	1.29454				2
2025.03.12	00:23:22.693	1.29459	1.29580			6
2025.03.12	00:23:23.004		1.29559			4
2025.03.12	00:23:23.924		1.29558			4
2025.03.12	00:23:32.250	1.29454	1.29590			6
2025.03.12	00:23:33.487	1.29461	1.29586			6
2025.03.12	00:23:34.409		1.29587			4
2025.03.12	00:23:35.023		1.29590			4
2025.03.12	00:23:36.887		1.29599			4
2025.03.12	00:23:38.427		1.29596			4
2025.03.12	00:23:39.661		1.29599			4
2025.03.12	00:23:40.274		1.29598			4
2025.03.12	00:23:40.575		1.29599			4
2025.03.12	00:23:41.803		1.29600			4
2025.03.12	00:23:43.967		1.29595			4
2025.03.12	00:23:44.887		1.29598			4
2025.03.12	00:23:46.739		1.29595			4
2025.03.12	00:23:47.048		1.29593			4
2025.03.12	00:23:48.285		1.29592			4
2025.03.12	00:23:48.895		1.29587			4
2025.03.12	00:23:50.439		1.29586			4
2025.03.12	00:23:50.758	1.29454	1.29583			6
2025.03.12	00:23:51.065		1.29584			4
2025.03.12	00:23:51.672		1.29582			4
2025.03.12	00:23:54.133		1.29586			4
2025.03.12	00:23:55.685		1.29584			4
2025.03.12	00:23:57.838		1.29583			4
2025.03.12	00:23:58.144	1.29456				2
2025.03.12	00:23:58.445	1.29454	1.29586			6
2025.03.12	00:23:59.667		1.29585			4
2025.03.12	00:24:00.291	1.29454				2
2025.03.12	00:24:02.130	1.29456	1.29589			6
2025.03.12	00:24:02.438		1.29588			4
2025.03.12	00:24:03.985		1.29586			4
2025.03.12	00:24:07.376	1.29465	1.29589			6
2025.03.12	00:24:07.681		1.29582			4
2025.03.12	00:24:09.833	1.29464	1.29599			6
2025.03.12	00:24:10.449		1.29601			4
2025.03.12	00:24:10.758		1.29598			4
2025.03.12	00:24:11.067		1.29589			4
2025.03.12	00:24:11.373		1.29591			4
2025.03.12	00:24:12.604	1.29474	1.29589			6
2025.03.12	00:24:18.458		1.29590			4
2025.03.12	00:24:20.936		1.29588			4
2025.03.12	00:24:26.489		1.29589			4
2025.03.12	00:24:27.109		1.29588			4
2025.03.12	00:24:28.345		1.29589			4
2025.03.12	00:24:29.887		1.29590			4
2025.03.12	00:24:30.815		1.29585			4
2025.03.12	00:24:31.115		1.29595			4
2025.03.12	00:24:32.654		1.29589			4
2025.03.12	00:24:32.961		1.29586			4
2025.03.12	00:24:34.805		1.29584			4
2025.03.12	00:24:35.111		1.29583			4
2025.03.12	00:24:35.724		1.29581			4
2025.03.12	00:24:36.339		1.29583			4
2025.03.12	00:24:38.191		1.29584			4
2025.03.12	00:24:38.801		1.29583			4
2025.03.12	00:24:40.040		1.29582			4
2025.03.12	00:24:40.349		1.29601			4
2025.03.12	00:24:42.496		1.29603			4
2025.03.12	00:24:43.420	1.29484				2
2025.03.12	00:24:43.727		1.29593			4
2025.03.12	00:24:45.581		1.29594			4
2025.03.12	00:24:51.736		1.29587			4
2025.03.12	00:24:52.349		1.29597			4
2025.03.12	00:24:53.268		1.29590			4
2025.03.12	00:24:55.738		1.29585			4
2025.03.12	00:24:56.368		1.29586			4
2025.03.12	00:24:56.670		1.29583			4
2025.03.12	00:24:57.897		1.29586			4
2025.03.12	00:25:00.059	1.29484				2
2025.03.12	00:25:01.911		1.29583			4
2025.03.12	00:25:02.833		1.29589			4
2025.03.12	00:25:03.140		1.29586			4
2025.03.12	00:25:05.602		1.29585			4
2025.03.12	00:25:05.912		1.29584			4
2025.03.12	00:25:07.152		1.29582			4
2025.03.12	00:25:09.309		1.29580			4
2025.03.12	00:25:09.925		1.29579			4
2025.03.12	00:25:11.776		1.29578			4
2025.03.12	00:25:13.323		1.29577			4
2025.03.12	00:25:13.637		1.29578			4
2025.03.12	00:25:17.033		1.29577			4
2025.03.12	00:25:18.263		1.29576			4
2025.03.12	00:25:18.571		1.29575			4
2025.03.12	00:25:22.882		1.29573			4
2025.03.12	00:25:25.341		1.29574			4
2025.03.12	00:25:30.285		1.29573			4
2025.03.12	00:25:31.206		1.29570			4
2025.03.12	00:25:32.129		1.29569			4
2025.03.12	00:25:53.396		1.29572			4
2025.03.12	00:25:53.702		1.29564			4
2025.03.12	00:25:55.244		1.29563			4
2025.03.12	00:26:00.184	1.29484				2
2025.03.12	00:26:00.797		1.29570			4
2025.03.12	00:26:01.412		1.29568			4
2025.03.12	00:26:04.491		1.29567			4
2025.03.12	00:26:06.962		1.29564			4
2025.03.12	00:26:14.359		1.29563			4
2025.03.12	00:26:17.133		1.29568			4
2025.03.12	00:26:27.002		1.29570			4
2025.03.12	00:26:34.404		1.29569			4
2025.03.12	00:26:46.108		1.29571			4
2025.03.12	00:27:00.304	1.29484				2
2025.03.12	00:27:11.413		1.29570			4
2025.03.12	00:27:37.270		1.29569			4
2025.03.12	00:27:57.299		1.29571			4
2025.03.12	00:28:00.075	1.29484				2
2025.03.12	00:28:37.984		1.29569			4
2025.03.12	00:28:39.535	1.29491	1.29591			6
2025.03.12	00:28:40.143		1.29593			4
2025.03.12	00:28:45.652	1.29490	1.29591			6
2025.03.12	00:28:55.518	1.29491	1.29592			6
2025.03.12	00:28:59.827	1.29490	1.29590			6
2025.03.12	00:29:00.136	1.29490				2
2025.03.12	00:29:18.293	1.29473	1.29569			6
2025.03.12	00:29:23.189		1.29571			4
2025.03.12	00:29:25.652		1.29569			4
2025.03.12	00:30:00.147	1.29481	1.29575			6
2025.03.12	00:30:00.456		1.29573			4
2025.03.12	00:30:01.992		1.29574			4
2025.03.12	00:30:06.012		1.29566			4
2025.03.12	00:30:10.944		1.29568			4
2025.03.12	00:30:11.253		1.29567			4
2025.03.12	00:30:12.183		1.29568			4
2025.03.12	00:30:18.351		1.29567			4
2025.03.12	00:30:32.192		1.29566			4
2025.03.12	00:30:35.280		1.29564			4
2025.03.12	00:30:46.084		1.29565			4
2025.03.12	00:30:46.392		1.29574			4
2025.03.12	00:30:46.700		1.29569			4
2025.03.12	00:30:47.012		1.29565			4
2025.03.12	00:30:48.551		1.29562			4
2025.03.12	00:30:48.861		1.29564			4
2025.03.12	00:31:00.281	1.29481				2
2025.03.12	00:31:06.444		1.29566			4
2025.03.12	00:31:06.753		1.29564			4
2025.03.12	00:31:15.085		1.29563			4
2025.03.12	00:31:16.938		1.29561			4
2025.03.12	00:31:24.951		1.29560			4
2025.03.12	00:31:32.660		1.29559			4
2025.03.12	00:31:43.439		1.29558			4
2025.03.12	00:31:46.811		1.29559			4
2025.03.12	00:31:47.121		1.29558			4
2025.03.12	00:32:00.031	1.29481				2
2025.03.12	00:32:12.052		1.29557			4
2025.03.12	00:32:30.852		1.29558			4
2025.03.12	00:32:38.257		1.29559			4
2025.03.12	00:32:46.839		1.29561			4
2025.03.12	00:32:47.145		1.29559			4
2025.03.12	00:32:53.584		1.29560			4
2025.03.12	00:32:56.952		1.29559			4
2025.03.12	00:33:00.020	1.29481				2
2025.03.12	00:33:09.855		1.29560			4
2025.03.12	00:33:14.183		1.29555			4
2025.03.12	00:33:22.489		1.29558			4
2025.03.12	00:33:22.797		1.29557			4
2025.03.12	00:33:24.646		1.29556			4
2025.03.12	00:33:28.356		1.29559			4
2025.03.12	00:33:28.976		1.29560			4
2025.03.12	00:33:29.279		1.29559			4
2025.03.12	00:33:30.207		1.29558			4
2025.03.12	00:33:32.685		1.29556			4
2025.03.12	00:33:32.993		1.29559			4
2025.03.12	00:33:33.608		1.29557			4
2025.03.12	00:33:37.312		1.29556			4
2025.03.12	00:33:42.252		1.29558			4
2025.03.12	00:33:42.872		1.29556			4
2025.03.12	00:33:44.728		1.29557			4
2025.03.12	00:33:47.199		1.29556			4
2025.03.12	00:33:47.506		1.29555			4
2025.03.12	00:33:49.669		1.29556			4
2025.03.12	00:33:53.064		1.29558			4
2025.03.12	00:33:53.674		1.29557			4
2025.03.12	00:33:55.833		1.29556			4
2025.03.12	00:33:56.455		1.29557			4
2025.03.12	00:33:56.766		1.29558			4
2025.03.12	00:34:00.151	1.29481				2
2025.03.12	00:34:00.770		1.29559			4
2025.03.12	00:34:01.073		1.29560			4
2025.03.12	00:34:01.388		1.29559			4
2025.03.12	00:34:07.237		1.29558			4
2025.03.12	00:34:08.160		1.29559			4
2025.03.12	00:34:17.714		1.29558			4
2025.03.12	00:34:20.802		1.29557			4
2025.03.12	00:34:25.424		1.29556			4
2025.03.12	00:34:36.836		1.29557			4
2025.03.12	00:34:43.321		1.29556			4
2025.03.12	00:34:47.012		1.29558			4
2025.03.12	00:34:47.321		1.29559			4
2025.03.12	00:35:00.275	1.29481				2
2025.03.12	00:35:03.365		1.29558			4
2025.03.12	00:35:14.164		1.29557			4
2025.03.12	00:35:26.460		1.29555			4
2025.03.12	00:35:54.552		1.29556			4
2025.03.12	00:35:55.786		1.29555			4
2025.03.12	00:35:57.952	1.29469	1.29541			6
2025.03.12	00:36:00.579	1.29469				2
2025.03.12	00:36:57.082	1.29470	1.29544			6
2025.03.12	00:37:00.680	1.29470				2
2025.03.12	00:37:14.893		1.29543			4
2025.03.12	00:37:19.518		1.29544			4
2025.03.12	00:37:21.437		1.29543			4
2025.03.12	00:37:33.450		1.29542			4
2025.03.12	00:37:43.313		1.29541			4
2025.03.12	00:37:55.956		1.29542			4
2025.03.12	00:38:00.275	1.29470				2
2025.03.12	00:38:04.588		1.29544			4
2025.03.12	00:38:08.432		1.29543			4
2025.03.12	00:38:11.825		1.29544			4
2025.03.12	00:38:16.839		1.29543			4
2025.03.12	00:38:33.730		1.29542			4
2025.03.12	00:38:43.898		1.29543			4
2025.03.12	00:38:49.752		1.29542			4
2025.03.12	00:38:56.233		1.29541			4
2025.03.12	00:39:00.236	1.29470				2
2025.03.12	00:39:01.781		1.29542			4
2025.03.12	00:39:07.631		1.29541			4
2025.03.12	00:39:07.941		1.29542			4
2025.03.12	00:39:08.862		1.29541			4
2025.03.12	00:39:13.802	1.29456	1.29544			6
2025.03.12	00:39:14.214		1.29542			4
2025.03.12	00:39:16.061		1.29543			4
2025.03.12	00:39:16.366	1.29458				2
2025.03.12	00:39:19.148		1.29542			4
2025.03.12	00:39:22.540		1.29541			4
2025.03.12	00:39:23.764		1.29544			4
2025.03.12	00:39:24.108	1.29464	1.29542			6
2025.03.12	00:39:25.952		1.29541			4
2025.03.12	00:39:37.599		1.29540			4
2025.03.12	00:39:44.349		1.29541			4
2025.03.12	00:39:51.747		1.29540			4
2025.03.12	00:39:53.903		1.29539			4
2025.03.12	00:39:54.823		1.29541			4
2025.03.12	00:39:55.272		1.29539			4
2025.03.12	00:39:55.581		1.29541			4
2025.03.12	00:39:55.885		1.29539			4
2025.03.12	00:39:56.199		1.29541			4
2025.03.12	00:39:56.624		1.29539			4
2025.03.12	00:39:56.935		1.29541			4
2025.03.12	00:39:57.302		1.29539			4
2025.03.12	00:39:57.608		1.29541			4
2025.03.12	00:39:57.956		1.29539			4
2025.03.12	00:39:58.261		1.29541			4
2025.03.12	00:39:58.630		1.29539			4
2025.03.12	00:40:00.158	1.29464				2
2025.03.12	00:40:04.149		1.29540			4
2025.03.12	00:40:09.660		1.29541			4
2025.03.12	00:40:23.367		1.29540			4
2025.03.12	00:40:25.507		1.29541			4
2025.03.12	00:40:30.216		1.29540			4
2025.03.12	00:40:30.531		1.29541			4
2025.03.12	00:40:38.225		1.29540			4
2025.03.12	00:40:40.986		1.29539			4
2025.03.12	00:41:00.285	1.29464				2
2025.03.12	00:41:08.883		1.29540			4
2025.03.12	00:41:09.194		1.29539			4
2025.03.12	00:41:17.518		1.29540			4
2025.03.12	00:41:23.079		1.29541			4
2025.03.12	00:41:24.187		1.29540			4
2025.03.12	00:41:27.893	1.29465	1.29541			6
2025.03.12	00:41:28.253	1.29464				2
2025.03.12	00:41:36.503		1.29540			4
2025.03.12	00:41:41.736		1.29541			4
2025.03.12	00:42:00.080	1.29464				2
2025.03.12	00:42:10.575	1.29450	1.29534			6
2025.03.12	00:42:10.881	1.29449				2
2025.03.12	00:42:11.498	1.29436				2
2025.03.12	00:42:11.811	1.29440				2
2025.03.12	00:42:12.741	1.29424				2
2025.03.12	00:42:13.347	1.29433	1.29531			6
2025.03.12	00:42:13.657		1.29532			4
2025.03.12	00:42:13.962	1.29426	1.29533			6
2025.03.12	00:42:14.273	1.29422	1.29530			6
2025.03.12	00:42:15.197	1.29418	1.29507			6
2025.03.12	00:42:15.506	1.29416				2
2025.03.12	00:42:15.809	1.29414				2
2025.03.12	00:42:16.430	1.29413				2
2025.03.12	00:42:17.050	1.29414				2
2025.03.12	00:42:19.514	1.29413				2
2025.03.12	00:42:21.369	1.29403				2
2025.03.12	00:42:21.985	1.29401				2
2025.03.12	00:42:22.296	1.29398				2
2025.03.12	00:42:22.601	1.29401				2
2025.03.12	00:42:22.908	1.29399				2
2025.03.12	00:42:23.209	1.29406				2
2025.03.12	00:42:23.510	1.29405				2
2025.03.12	00:42:23.818	1.29404				2
2025.03.12	00:42:26.592	1.29401				2
2025.03.12	00:42:26.894	1.29406				2
2025.03.12	00:42:31.842	1.29405				2
2025.03.12	00:42:32.146	1.29406				2
2025.03.12	00:42:33.074	1.29407				2
2025.03.12	00:42:38.320	1.29402				2
2025.03.12	00:42:38.629	1.29410				2
2025.03.12	00:42:40.491	1.29408				2
2025.03.12	00:42:40.803	1.29404				2
2025.03.12	00:42:41.107	1.29409				2
2025.03.12	00:42:42.040	1.29408				2
2025.03.12	00:42:43.272	1.29407				2
2025.03.12	00:42:43.894		1.29506			4
2025.03.12	00:42:45.749		1.29507			4
2025.03.12	00:42:46.367	1.29408				2
2025.03.12	00:42:47.603		1.29506			4
2025.03.12	00:42:48.219	1.29407	1.29507			6
2025.03.12	00:42:48.533		1.29506			4
2025.03.12	00:42:49.760		1.29507			4
2025.03.12	00:42:50.995		1.29505			4
2025.03.12	00:42:51.299		1.29504			4
2025.03.12	00:42:51.616		1.29503			4
2025.03.12	00:42:51.925		1.29506			4
2025.03.12	00:42:52.229		1.29504			4
2025.03.12	00:42:52.543		1.29503			4
2025.03.12	00:42:53.464		1.29502			4
2025.03.12	00:42:53.774		1.29505			4
2025.03.12	00:42:54.391		1.29504			4
2025.03.12	00:42:55.018	1.29410				2
2025.03.12	00:42:55.326	1.29408	1.29501			6
2025.03.12	00:42:57.176	1.29407				2
2025.03.12	00:42:59.031		1.29499			4
2025.03.12	00:43:00.265	1.29407				2
2025.03.12	00:43:00.572		1.29500			4
2025.03.12	00:43:01.808		1.29498			4
2025.03.12	00:43:05.207		1.29502			4
2025.03.12	00:43:06.745	1.29408	1.29498			6
2025.03.12	00:43:07.054	1.29407	1.29497			6
2025.03.12	00:43:08.605	1.29409	1.29501			6
2025.03.12	00:43:08.907	1.29407	1.29497			6
2025.03.12	00:43:10.754	1.29406	1.29496			6
2025.03.12	00:43:13.535	1.29405	1.29495			6
2025.03.12	00:43:15.082	1.29406	1.29496			6
2025.03.12	00:43:17.548	1.29405	1.29495			6
2025.03.12	00:43:20.026	1.29406	1.29496			6
2025.03.12	00:43:21.265	1.29404	1.29494			6
2025.03.12	00:43:25.585	1.29407	1.29497			6
2025.03.12	00:43:25.894	1.29408	1.29498			6
2025.03.12	00:43:26.820	1.29403	1.29497			6
2025.03.12	00:43:27.141		1.29494			4
2025.03.12	00:43:27.756		1.29493			4
2025.03.12	00:43:28.370	1.29405	1.29495			6
2025.03.12	00:43:28.680	1.29404	1.29494			6
2025.03.12	00:43:30.842	1.29405	1.29495			6
2025.03.12	00:43:31.152	1.29406	1.29496			6
2025.03.12	00:43:31.775	1.29407	1.29497			6
2025.03.12	00:43:33.629	1.29408	1.29498			6
2025.03.12	00:43:34.552	1.29407	1.29497			6
2025.03.12	00:43:35.483	1.29406	1.29496			6
2025.03.12	00:43:35.786	1.29407	1.29497			6
2025.03.12	00:43:36.094	1.29408	1.29498			6
2025.03.12	00:43:36.403	1.29407	1.29497			6
2025.03.12	00:43:36.711	1.29406	1.29496			6
2025.03.12	00:43:37.029	1.29407	1.29497			6
2025.03.12	00:43:38.878	1.29411	1.29501			6
2025.03.12	00:43:39.190	1.29409	1.29499			6
2025.03.12	00:43:39.493	1.29408	1.29498			6
2025.03.12	00:43:39.809	1.29407	1.29497			6
2025.03.12	00:43:40.423	1.29406	1.29496			6
2025.03.12	00:43:40.730	1.29407	1.29497			6
2025.03.12	00:43:51.224	1.29410	1.29506			6
2025.03.12	00:43:51.535		1.29504			4
2025.03.12	00:43:52.763	1.29407	1.29497			6
2025.03.12	00:43:53.072	1.29404	1.29494			6
2025.03.12	00:43:55.402	1.29406	1.29496			6
2025.03.12	00:43:58.483	1.29405	1.29495			6
2025.03.12	00:43:58.787	1.29406	1.29496			6
2025.03.12	00:44:00.020	1.29407	1.29497			6
2025.03.12	00:44:01.866	1.29409	1.29499			6
2025.03.12	00:44:05.881	1.29408	1.29498			6
2025.03.12	00:44:08.044	1.29410	1.29500			6
2025.03.12	00:44:08.352	1.29408	1.29498			6
2025.03.12	00:44:08.968	1.29409	1.29499			6
2025.03.12	00:44:12.661	1.29413	1.29503			6
2025.03.12	00:44:12.966	1.29411	1.29501			6
2025.03.12	00:44:13.891	1.29412	1.29502			6
2025.03.12	00:44:14.514	1.29411	1.29501			6
2025.03.12	00:44:14.823	1.29412	1.29502			6
2025.03.12	00:44:16.060	1.29409	1.29499			6
2025.03.12	00:44:17.600	1.29410	1.29500			6
2025.03.12	00:44:20.369	1.29411	1.29501			6
2025.03.12	00:44:21.296	1.29412	1.29502			6
2025.03.12	00:44:21.913	1.29411	1.29501			6
2025.03.12	00:44:23.143	1.29410	1.29500			6
2025.03.12	00:44:23.457	1.29413	1.29503			6
2025.03.12	00:44:24.372	1.29414	1.29504			6
2025.03.12	00:44:24.690	1.29413	1.29503			6
2025.03.12	00:44:25.303	1.29415	1.29505			6
2025.03.12	00:44:26.223	1.29414	1.29504			6
2025.03.12	00:44:27.153	1.29415	1.29505			6
2025.03.12	00:44:27.458	1.29409	1.29499			6
2025.03.12	00:44:29.924	1.29410	1.29500			6
2025.03.12	00:44:30.850	1.29411	1.29501			6
2025.03.12	00:44:31.783	1.29410	1.29500			6
2025.03.12	00:44:33.018	1.29411	1.29501			6
2025.03.12	00:44:33.949	1.29412	1.29502			6
2025.03.12	00:44:34.256	1.29411	1.29501			6
2025.03.12	00:44:34.868	1.29412	1.29502			6
2025.03.12	00:44:37.030	1.29413	1.29503			6
2025.03.12	00:44:37.952	1.29412	1.29502			6
2025.03.12	00:44:38.567	1.29413	1.29503			6
2025.03.12	00:44:38.876	1.29414	1.29504			6
2025.03.12	00:44:39.187	1.29413	1.29503			6
2025.03.12	00:44:39.802	1.29412	1.29502			6
2025.03.12	00:44:40.414	1.29409	1.29499			6
2025.03.12	00:44:43.796	1.29429	1.29505			6
2025.03.12	00:44:44.111		1.29506			4
2025.03.12	00:44:44.418		1.29507			4
2025.03.12	00:44:44.722		1.29508			4
2025.03.12	00:44:53.652		1.29509			4
2025.03.12	00:45:00.126	1.29429				2
2025.03.12	00:45:00.438		1.29510			4
2025.03.12	00:45:01.672		1.29513			4
2025.03.12	00:45:01.980	1.29423				2
2025.03.12	00:45:03.526	1.29427	1.29517			6
2025.03.12	00:45:04.149	1.29429				2
2025.03.12	00:45:05.436		1.29514			4
2025.03.12	00:45:06.663		1.29513			4
2025.03.12	00:45:09.078	1.29445	1.29496			6
2025.03.12	00:45:09.664		1.29495			4
2025.03.12	00:45:12.426		1.29492			4
2025.03.12	00:45:12.729		1.29499			4
2025.03.12	00:45:14.269		1.29498			4
2025.03.12	00:45:14.575		1.29500			4
2025.03.12	00:45:14.888		1.29499			4
2025.03.12	00:45:16.732		1.29497			4
2025.03.12	00:45:23.498		1.29496			4
2025.03.12	00:45:23.811		1.29499			4
2025.03.12	00:45:24.730		1.29497			4
2025.03.12	00:45:27.198		1.29498			4
2025.03.12	00:45:43.513		1.29499			4
2025.03.12	00:45:44.743		1.29498			4
2025.03.12	00:45:48.741		1.29497			4
2025.03.12	00:45:49.356	1.29451	1.29500			6
2025.03.12	00:45:50.279		1.29499			4
2025.03.12	00:45:51.518		1.29500			4
2025.03.12	00:45:51.825		1.29501			4
2025.03.12	00:45:55.212		1.29502			4
2025.03.12	00:45:55.514		1.29498			4
2025.03.12	00:46:00.128	1.29451				2
2025.03.12	00:46:04.742		1.29502			4
2025.03.12	00:46:05.053		1.29501			4
2025.03.12	00:46:05.672		1.29502			4
2025.03.12	00:46:08.131		1.29500			4
2025.03.12	00:46:09.667		1.29501			4
2025.03.12	00:46:12.744	1.29449				2
2025.03.12	00:46:13.055	1.29448	1.29498			6
2025.03.12	00:46:13.359		1.29497			4
2025.03.12	00:46:13.668		1.29498			4
2025.03.12	00:46:15.515	1.29451	1.29497			6
2025.03.12	00:46:15.822		1.29498			4
2025.03.12	00:46:17.658	1.29449				2
2025.03.12	00:46:17.972	1.29448				2
2025.03.12	00:46:18.583	1.29447	1.29497			6
2025.03.12	00:46:20.739	1.29449				2
2025.03.12	00:46:21.054		1.29498			4
2025.03.12	00:46:21.359	1.29448				2
2025.03.12	00:46:22.892		1.29497			4
2025.03.12	00:46:23.199	1.29446				2
2025.03.12	00:46:23.818		1.29496			4
2025.03.12	00:46:27.505	1.29445				2
2025.03.12	00:46:30.585	1.29446				2
2025.03.12	00:46:31.503	1.29448	1.29497			6
2025.03.12	00:46:35.494	1.29449				2
2025.03.12	00:46:38.881	1.29448				2
2025.03.12	00:46:41.953		1.29496			4
2025.03.12	00:46:43.795	1.29449				2
2025.03.12	00:46:44.720		1.29497			4
2025.03.12	00:46:45.338	1.29446	1.29496			6
2025.03.12	00:46:49.651		1.29495			4
2025.03.12	00:46:51.493		1.29496			4
2025.03.12	00:46:52.115		1.29495			4
2025.03.12	00:46:55.800		1.29494			4
2025.03.12	00:46:57.343		1.29495			4
2025.03.12	00:47:00.114	1.29446				2
2025.03.12	00:47:00.422	1.29447	1.29496			6
2025.03.12	00:47:00.729		1.29495			4
2025.03.12	00:47:01.342	1.29448	1.29496			6
2025.03.12	00:47:01.971	1.29438				2
2025.03.12	00:47:03.508	1.29437	1.29495			6
2025.03.12	00:47:04.125	1.29449				2
2025.03.12	00:47:04.431		1.29496			4
2025.03.12	00:47:04.740		1.29495			4
2025.03.12	00:47:05.051	1.29447	1.29496			6
2025.03.12	00:47:05.668	1.29449				2
2025.03.12	00:47:05.978		1.29495			4
2025.03.12	00:47:06.279	1.29447				2
2025.03.12	00:47:13.972		1.29494			4
2025.03.12	00:47:14.280	1.29449	1.29495			6
2025.03.12	00:47:15.510	1.29448	1.29496			6
2025.03.12	00:47:16.124		1.29495			4
2025.03.12	00:47:20.126		1.29497			4
2025.03.12	00:47:20.434		1.29496			4
2025.03.12	00:47:21.667	1.29449				2
2025.03.12	00:47:21.977	1.29448	1.29497			6
2025.03.12	00:47:25.369		1.29496			4
2025.03.12	00:47:29.063		1.29500			4
2025.03.12	00:47:35.526	1.29447	1.29499			6
2025.03.12	00:47:44.469	1.29449				2
2025.03.12	00:47:44.776	1.29447				2
2025.03.12	00:47:45.083	1.29449	1.29500			6
2025.03.12	00:47:48.154	1.29448				2
2025.03.12	00:47:48.462		1.29501			4
2025.03.12	00:47:53.696		1.29500			4
2025.03.12	00:47:54.613	1.29447				2
2025.03.12	00:48:00.147	1.29448				2
2025.03.12	00:48:00.449	1.29447	1.29499			6
2025.03.12	00:48:03.539		1.29500			4
2025.03.12	00:48:07.236	1.29449	1.29499			6
2025.03.12	00:48:08.158	1.29447				2
2025.03.12	00:48:09.091		1.29500			4
2025.03.12	00:48:20.168	1.29448	1.29499			6
2025.03.12	00:48:21.398	1.29447	1.29500			6
2025.03.12	00:48:24.780		1.29499			4
2025.03.12	00:48:29.387	1.29448	1.29501			6
2025.03.12	00:48:32.152		1.29500			4
2025.03.12	00:48:39.216		1.29499			4
2025.03.12	00:48:39.523		1.29500			4
2025.03.12	00:48:41.063	1.29447				2
2025.03.12	00:48:41.991	1.29448				2
2025.03.12	00:48:45.391		1.29501			4
2025.03.12	00:48:45.697		1.29500			4
2025.03.12	00:48:50.003	1.29447				2
2025.03.12	00:48:50.623	1.29444	1.29498			6
2025.03.12	00:48:57.084	1.29447	1.29499			6
2025.03.12	00:48:57.389	1.29445	1.29500			6
2025.03.12	00:49:00.162	1.29445				2
2025.03.12	00:49:00.473	1.29447				2
2025.03.12	00:49:01.707	1.29448	1.29499			6
2025.03.12	00:49:02.015	1.29445	1.29500			6
2025.03.12	00:49:02.318		1.29498			4
2025.03.12	00:49:02.632	1.29448	1.29499			6
2025.03.12	00:49:02.935	1.29447	1.29500			6
2025.03.12	00:49:03.244	1.29448				2
2025.03.12	00:49:05.703	1.29447				2
2025.03.12	00:49:06.014	1.29445	1.29499			6
2025.03.12	00:49:06.319	1.29446				2
2025.03.12	00:49:12.788		1.29500			4
2025.03.12	00:49:15.553	1.29448	1.29498			6
2025.03.12	00:49:17.397	1.29446				2
2025.03.12	00:49:20.780		1.29499			4
2025.03.12	00:49:35.544	1.29447	1.29500			6
2025.03.12	00:49:38.317		1.29499			4
2025.03.12	00:49:40.161	1.29446				2
2025.03.12	00:49:40.778	1.29448	1.29500			6
2025.03.12	00:49:41.085	1.29444	1.29499			6
2025.03.12	00:49:50.908	1.29443				2
2025.03.12	00:49:57.053	1.29444				2
2025.03.12	00:49:59.197	1.29443	1.29497			6
2025.03.12	00:50:00.118	1.29443				2
2025.03.12	00:50:05.645	1.29442				2
2025.03.12	00:50:05.959		1.29496			4
2025.03.12	00:50:12.406	1.29443				2
2025.03.12	00:50:23.166	1.29445	1.29497			6
2025.03.12	00:50:25.020	1.29444				2
2025.03.12	00:50:27.783	1.29443				2
2025.03.12	00:50:31.169	1.29444	1.29498			6
2025.03.12	00:50:32.392	1.29442				2
2025.03.12	00:50:41.929		1.29497			4
2025.03.12	00:50:49.924		1.29498			4
2025.03.12	00:50:58.243		1.29496			4
2025.03.12	00:50:58.552	1.29443				2
2025.03.12	00:51:00.088	1.29443				2
2025.03.12	00:51:00.393		1.29498			4
2025.03.12	00:51:36.600		1.29497			4
2025.03.12	00:51:50.756		1.29496			4
2025.03.12	00:52:00.278	1.29443				2
2025.03.12	00:52:11.365	1.29442				2
2025.03.12	00:52:12.290		1.29495			4
2025.03.12	00:52:37.508	1.29444				2
2025.03.12	00:52:37.810	1.29445	1.29499			6
2025.03.12	00:52:38.750	1.29446				2
2025.03.12	00:52:47.655	1.29444	1.29497			6
2025.03.12	00:52:51.648		1.29496			4
2025.03.12	00:52:54.419		1.29497			4
2025.03.12	00:52:54.726		1.29498			4
2025.03.12	00:53:00.264	1.29444	1.29497			6
2025.03.12	00:53:04.560		1.29498			4
2025.03.12	00:53:22.699	1.29445	1.29501			6
2025.03.12	00:53:25.160	1.29446				2
2025.03.12	00:53:31.931	1.29444				2
2025.03.12	00:53:36.242		1.29500			4
2025.03.12	00:53:46.677		1.29502			4
2025.03.12	00:53:50.069		1.29503			4
2025.03.12	00:54:00.213	1.29444				2
2025.03.12	00:54:13.752		1.29502			4
2025.03.12	00:54:38.949	1.29440				2
2025.03.12	00:54:49.424	1.29439	1.29497			6
2025.03.12	00:54:50.339	1.29440	1.29500			6
2025.03.12	00:54:51.573		1.29501			4
2025.03.12	00:55:00.211	1.29440				2
2025.03.12	00:55:17.151	1.29445				2
2025.03.12	00:55:20.834		1.29500			4
2025.03.12	00:55:30.382		1.29501			4
2025.03.12	00:55:30.688		1.29498			4
2025.03.12	00:55:34.380		1.29499			4
2025.03.12	00:55:38.372		1.29502			4
2025.03.12	00:55:38.989	1.29441	1.29495			6
2025.03.12	00:55:41.449	1.29445				2
2025.03.12	00:55:48.848		1.29494			4
2025.03.12	00:55:53.791	1.29443				2
2025.03.12	00:56:00.262	1.29443				2
2025.03.12	00:56:28.905		1.29495			4
2025.03.12	00:56:31.372		1.29497			4
2025.03.12	00:56:31.678		1.29496			4
2025.03.12	00:56:32.907		1.29497			4
2025.03.12	00:56:35.063		1.29495			4
2025.03.12	00:56:51.114		1.29494			4
2025.03.12	00:57:00.057	1.29443				2
2025.03.12	00:57:12.675		1.29495			4
2025.03.12	00:57:27.768		1.29494			4
2025.03.12	00:57:48.724		1.29493			4
2025.03.12	00:57:57.960	1.29436	1.29494			6
2025.03.12	00:57:58.263	1.29434	1.29492			6
2025.03.12	00:57:58.582	1.29432	1.29490			6
2025.03.12	00:57:58.883	1.29431	1.29489			6
2025.03.12	00:57:59.187	1.29432	1.29492			6
2025.03.12	00:57:59.487	1.29433	1.29491			6
2025.03.12	00:57:59.792	1.29434	1.29492			6
2025.03.12	00:58:00.099	1.29433	1.29491			6
2025.03.12	00:58:00.405	1.29432	1.29492			6
2025.03.12	00:58:00.709		1.29491			4
2025.03.12	00:58:01.021		1.29490			4
2025.03.12	00:58:01.637	1.29433	1.29491			6
2025.03.12	00:58:02.558	1.29431	1.29489			6
2025.03.12	00:58:02.865	1.29430	1.29488			6
2025.03.12	00:58:03.189	1.29432	1.29490			6
2025.03.12	00:58:04.105	1.29431	1.29489			6
2025.03.12	00:58:04.418	1.29432	1.29490			6
2025.03.12	00:58:11.810	1.29433	1.29491			6
2025.03.12	00:58:13.968	1.29432	1.29490			6
2025.03.12	00:58:15.197	1.29431	1.29489			6
2025.03.12	00:58:16.432	1.29433	1.29491			6
2025.03.12	00:58:16.745	1.29434	1.29492			6
2025.03.12	00:58:17.360	1.29435	1.29493			6
2025.03.12	00:58:21.678	1.29434	1.29492			6
2025.03.12	00:58:21.983	1.29435	1.29493			6
2025.03.12	00:58:22.296	1.29433	1.29491			6
2025.03.12	00:58:22.598	1.29434	1.29492			6
2025.03.12	00:58:23.214	1.29433	1.29491			6
2025.03.12	00:58:23.522	1.29434	1.29492			6
2025.03.12	00:58:23.828	1.29433	1.29491			6
2025.03.12	00:58:25.059	1.29434	1.29492			6
2025.03.12	00:58:25.367	1.29433	1.29491			6
2025.03.12	00:58:25.977	1.29434	1.29492			6
2025.03.12	00:58:29.988	1.29436	1.29494			6
2025.03.12	00:58:30.297	1.29435	1.29493			6
2025.03.12	00:58:30.607	1.29439	1.29492			6
2025.03.12	00:58:33.998	1.29440	1.29494			6
2025.03.12	00:58:40.469		1.29495			4
2025.03.12	00:58:45.096	1.29439	1.29494			6
2025.03.12	00:58:45.406	1.29435	1.29492			6
2025.03.12	00:58:50.031	1.29430	1.29488			6
2025.03.12	00:58:50.337	1.29431	1.29489			6
2025.03.12	00:58:50.646	1.29429	1.29487			6
2025.03.12	00:58:50.954	1.29430	1.29488			6
2025.03.12	00:59:00.196	1.29430				2
2025.03.12	00:59:07.286	1.29428	1.29486			6
2025.03.12	00:59:15.601	1.29426	1.29484			6
2025.03.12	00:59:16.527	1.29427	1.29485			6
2025.03.12	00:59:20.525	1.29430	1.29488			6
2025.03.12	00:59:21.448	1.29427	1.29485			6
2025.03.12	00:59:21.759	1.29428	1.29486			6
2025.03.12	00:59:25.451	1.29427	1.29485			6
2025.03.12	00:59:27.920	1.29426	1.29484			6
2025.03.12	00:59:28.536	1.29427	1.29485			6
2025.03.12	00:59:28.846	1.29426	1.29484			6
2025.03.12	00:59:30.695	1.29428	1.29486			6
2025.03.12	00:59:33.164		1.29488			4
2025.03.12	00:59:35.939	1.29427				2
2025.03.12	00:59:36.246	1.29426	1.29484			6
2025.03.12	00:59:38.403	1.29425	1.29483			6
2025.03.12	00:59:39.945	1.29426	1.29484			6
2025.03.12	00:59:40.255	1.29425	1.29483			6
2025.03.12	00:59:40.560	1.29426	1.29484			6
2025.03.12	00:59:43.651	1.29425	1.29483			6
2025.03.12	00:59:51.057	1.29426	1.29484			6
2025.03.12	00:59:55.055	1.29425	1.29483			6
2025.03.12	00:59:58.452	1.29426	1.29484			6
2025.03.12	01:00:00.299	1.29428	1.29506			6
2025.03.12	01:00:00.607	1.29422	1.29503			6
2025.03.12	01:00:00.919	1.29421	1.29492			6
2025.03.12	01:00:01.223	1.29426	1.29488			6
2025.03.12	01:00:01.527	1.29431	1.29486			6
2025.03.12	01:00:01.831		1.29481			4
2025.03.12	01:00:02.453		1.29488			4
2025.03.12	01:00:02.757	1.29429	1.29478			6
2025.03.12	01:00:03.065		1.29482			4
2025.03.12	01:00:03.372	1.29428	1.29476			6
2025.03.12	01:00:03.684	1.29431				2
2025.03.12	01:00:03.987	1.29426	1.29477			6
2025.03.12	01:00:04.306	1.29428	1.29484			6
2025.03.12	01:00:04.918	1.29430	1.29485			6
2025.03.12	01:00:05.221	1.29431	1.29484			6
2025.03.12	01:00:05.526	1.29432	1.29485			6
2025.03.12	01:00:06.451	1.29433	1.29484			6
2025.03.12	01:00:07.066		1.29482			4
2025.03.12	01:00:07.373	1.29432	1.29485			6
2025.03.12	01:00:07.681		1.29483			4
2025.03.12	01:00:07.988		1.29482			4
2025.03.12	01:00:08.292	1.29431	1.29484			6
2025.03.12	01:00:08.598		1.29486			4
2025.03.12	01:00:08.902		1.29485			4
2025.03.12	01:00:10.134	1.29434	1.29484			6
2025.03.12	01:00:10.442		1.29486			4
2025.03.12	01:00:11.056	1.29433	1.29484			6
2025.03.12	01:00:11.371	1.29435	1.29488			6
2025.03.12	01:00:11.677		1.29484			4
2025.03.12	01:00:11.979		1.29483			4
2025.03.12	01:00:12.588		1.29482			4
2025.03.12	01:00:12.900	1.29433	1.29481			6
2025.03.12	01:00:13.207	1.29439	1.29487			6
2025.03.12	01:00:13.526		1.29489			4
2025.03.12	01:00:13.832		1.29487			4
2025.03.12	01:00:14.442	1.29440	1.29490			6
2025.03.12	01:00:14.749		1.29489			4
2025.03.12	01:00:15.055		1.29487			4
2025.03.12	01:00:15.365		1.29488			4
2025.03.12	01:00:15.987		1.29489			4
2025.03.12	01:00:16.603	1.29442	1.29491			6
2025.03.12	01:00:16.908		1.29490			4
2025.03.12	01:00:17.222		1.29487			4
2025.03.12	01:00:18.498		1.29490			4
2025.03.12	01:00:18.814		1.29487			4
2025.03.12	01:00:19.120	1.29441	1.29486			6
2025.03.12	01:00:19.429		1.29484			4
2025.03.12	01:00:19.735		1.29487			4
2025.03.12	01:00:20.042		1.29485			4
2025.03.12	01:00:20.658	1.29442	1.29484			6
2025.03.12	01:00:20.964		1.29485			4
2025.03.12	01:00:21.276	1.29445	1.29492			6
2025.03.12	01:00:21.582	1.29447	1.29493			6
2025.03.12	01:00:21.890		1.29492			4
2025.03.12	01:00:22.193		1.29493			4
2025.03.12	01:00:22.811		1.29494			4
2025.03.12	01:00:23.736		1.29493			4
2025.03.12	01:00:24.041	1.29446	1.29490			6
2025.03.12	01:00:24.343	1.29445	1.29493			6
2025.03.12	01:00:24.645		1.29490			4
2025.03.12	01:00:24.952		1.29491			4
2025.03.12	01:00:25.269		1.29490			4
2025.03.12	01:00:25.576	1.29447	1.29489			6
2025.03.12	01:00:25.883		1.29491			4
2025.03.12	01:00:27.119	1.29448	1.29486			6
2025.03.12	01:00:27.422	1.29450	1.29493			6
2025.03.12	01:00:28.027	1.29452	1.29491			6
2025.03.12	01:00:28.633	1.29450	1.29494			6
2025.03.12	01:00:29.247	1.29452				2
2025.03.12	01:00:29.857		1.29493			4
2025.03.12	01:00:30.161	1.29451				2
2025.03.12	01:00:30.473	1.29452	1.29494			6
2025.03.12	01:00:30.782		1.29492			4
2025.03.12	01:00:31.083	1.29451	1.29493			6
2025.03.12	01:00:31.387		1.29495			4
2025.03.12	01:00:31.701		1.29492			4
2025.03.12	01:00:32.005		1.29494			4
2025.03.12	01:00:32.311		1.29493			4
2025.03.12	01:00:32.616	1.29450				2
2025.03.12	01:00:32.925	1.29451				2
2025.03.12	01:00:33.843		1.29492			4
2025.03.12	01:00:34.154		1.29494			4
2025.03.12	01:00:34.457	1.29452				2
2025.03.12	01:00:35.371		1.29495			4
2025.03.12	01:00:35.994		1.29493			4
2025.03.12	01:00:36.297	1.29451	1.29494			6
2025.03.12	01:00:36.599		1.29493			4
2025.03.12	01:00:37.205		1.29491			4
2025.03.12	01:00:38.121		1.29490			4
2025.03.12	01:00:38.430	1.29439	1.29488			6
2025.03.12	01:00:38.730	1.29442	1.29492			6
2025.03.12	01:00:39.031	1.29440	1.29487			6
2025.03.12	01:00:39.339	1.29437	1.29484			6
2025.03.12	01:00:39.650		1.29482			4
2025.03.12	01:00:40.261	1.29439	1.29481			6
2025.03.12	01:00:40.567		1.29480			4
2025.03.12	01:00:41.183	1.29440	1.29481			6
2025.03.12	01:00:41.490		1.29480			4
2025.03.12	01:00:42.106		1.29479			4
2025.03.12	01:00:43.049	1.29441	1.29480			6
2025.03.12	01:00:43.356	1.29440				2
2025.03.12	01:00:43.979		1.29482			4
2025.03.12	01:00:44.288	1.29438	1.29481			6
2025.03.12	01:00:45.833	1.29439				2
2025.03.12	01:00:46.137		1.29480			4
2025.03.12	01:00:46.443	1.29438				2
2025.03.12	01:00:47.370	1.29439	1.29481			6
2025.03.12	01:00:47.981	1.29438	1.29478			6
2025.03.12	01:00:48.297		1.29479			4
2025.03.12	01:00:50.443		1.29478			4
2025.03.12	01:00:51.367	1.29436	1.29476			6
2025.03.12	01:00:51.979		1.29475			4
2025.03.12	01:00:52.292		1.29474			4
2025.03.12	01:00:52.600		1.29475			4
2025.03.12	01:00:53.212	1.29435				2
2025.03.12	01:00:53.828	1.29438	1.29478			6
2025.03.12	01:00:54.136		1.29477			4
2025.03.12	01:00:55.366		1.29478			4
2025.03.12	01:00:55.674		1.29477			4
2025.03.12	01:00:56.283	1.29442	1.29481			6
2025.03.12	01:00:56.589	1.29440				2
2025.03.12	01:00:56.896	1.29441	1.29482			6
2025.03.12	01:00:57.209	1.29440				2
2025.03.12	01:00:59.363	1.29441	1.29483			6
2025.03.12	01:00:59.977	1.29440	1.29482			6
2025.03.12	01:01:00.283	1.29438	1.29475			6
2025.03.12	01:01:00.591	1.29437	1.29473			6
2025.03.12	01:01:00.900		1.29475			4
2025.03.12	01:01:01.204		1.29474			4
2025.03.12	01:01:01.514	1.29435	1.29473			6
2025.03.12	01:01:01.824		1.29474			4
2025.03.12	01:01:02.127		1.29472			4
2025.03.12	01:01:02.443		1.29473			4
2025.03.12	01:01:03.056	1.29436	1.29474			6
2025.03.12	01:01:03.368	1.29437	1.29472			6
2025.03.12	01:01:03.673		1.29475			4
2025.03.12	01:01:03.994		1.29474			4
2025.03.12	01:01:04.302		1.29473			4
2025.03.12	01:01:04.612		1.29475			4
2025.03.12	01:01:04.927		1.29474			4
2025.03.12	01:01:06.149	1.29435				2
2025.03.12	01:01:07.381		1.29473			4
2025.03.12	01:01:08.617		1.29472			4
2025.03.12	01:01:09.236		1.29473			4
2025.03.12	01:01:09.541		1.29475			4
2025.03.12	01:01:10.148	1.29438	1.29473			6
2025.03.12	01:01:10.453		1.29472			4
2025.03.12	01:01:10.757	1.29437				2
2025.03.12	01:01:11.375		1.29470			4
2025.03.12	01:01:11.682	1.29438	1.29471			6
2025.03.12	01:01:12.296	1.29437				2
2025.03.12	01:01:13.215		1.29473			4
2025.03.12	01:01:13.519		1.29471			4
2025.03.12	01:01:14.124		1.29472			4
2025.03.12	01:01:14.736	1.29438	1.29473			6
2025.03.12	01:01:15.036	1.29437	1.29472			6
2025.03.12	01:01:17.200	1.29436	1.29473			6
2025.03.12	01:01:17.509	1.29437	1.29471			6
2025.03.12	01:01:18.120		1.29472			4
2025.03.12	01:01:18.437	1.29438				2
2025.03.12	01:01:21.488	1.29439	1.29473			6
2025.03.12	01:01:22.102	1.29440	1.29474			6
2025.03.12	01:01:23.030	1.29438	1.29471			6
2025.03.12	01:01:23.643	1.29439	1.29473			6
2025.03.12	01:01:24.258	1.29436	1.29472			6
2025.03.12	01:01:24.880	1.29435				2
2025.03.12	01:01:25.184		1.29471			4
2025.03.12	01:01:27.023		1.29472			4
2025.03.12	01:01:27.333		1.29471			4
2025.03.12	01:01:27.637		1.29470			4
2025.03.12	01:01:29.169		1.29476			4
2025.03.12	01:01:29.478	1.29437				2
2025.03.12	01:01:29.781		1.29472			4
2025.03.12	01:01:30.401		1.29471			4
2025.03.12	01:01:31.329	1.29438				2
2025.03.12	01:01:32.251	1.29439				2
2025.03.12	01:01:33.172	1.29437				2
2025.03.12	01:01:33.477	1.29438	1.29473			6
2025.03.12	01:01:34.093		1.29469			4
2025.03.12	01:01:34.404		1.29471			4
2025.03.12	01:01:35.010	1.29437	1.29470			6
2025.03.12	01:01:35.317		1.29465			4
2025.03.12	01:01:35.618	1.29438	1.29466			6
2025.03.12	01:01:38.379	1.29435				2
2025.03.12	01:01:39.297	1.29436	1.29467			6
2025.03.12	01:01:40.217	1.29437	1.29471			6
2025.03.12	01:01:40.530		1.29468			4
2025.03.12	01:01:41.138		1.29469			4
2025.03.12	01:01:42.372		1.29470			4
2025.03.12	01:01:42.680		1.29469			4
2025.03.12	01:01:42.984		1.29468			4
2025.03.12	01:01:43.285		1.29467			4
2025.03.12	01:01:43.904		1.29466			4
2025.03.12	01:01:44.205		1.29467			4
2025.03.12	01:01:44.816		1.29465			4
2025.03.12	01:01:45.743		1.29466			4
2025.03.12	01:01:46.670		1.29463			4
2025.03.12	01:01:47.280	1.29441	1.29470			6
2025.03.12	01:01:47.584		1.29469			4
2025.03.12	01:01:48.188	1.29440	1.29467			6
2025.03.12	01:01:50.324	1.29439	1.29466			6
2025.03.12	01:01:50.633	1.29440	1.29468			6
2025.03.12	01:01:55.833	1.29439	1.29466			6
2025.03.12	01:01:58.894	1.29444	1.29470			6
2025.03.12	01:01:59.211		1.29474			4
2025.03.12	01:01:59.517		1.29472			4
2025.03.12	01:02:00.129	1.29444				2
2025.03.12	01:02:01.364	1.29441				2
2025.03.12	01:02:02.587		1.29473			4
2025.03.12	01:02:02.890	1.29444				2
2025.03.12	01:02:03.197		1.29471			4
2025.03.12	01:02:03.808		1.29472			4
2025.03.12	01:02:04.122	1.29443	1.29469			6
2025.03.12	01:02:04.425		1.29470			4
2025.03.12	01:02:07.187		1.29468			4
2025.03.12	01:02:08.108		1.29466			4
2025.03.12	01:02:09.644		1.29464			4
2025.03.12	01:02:09.955	1.29442	1.29465			6
2025.03.12	01:02:10.266		1.29466			4
2025.03.12	01:02:11.188		1.29465			4
2025.03.12	01:02:12.105	1.29443	1.29469			6
2025.03.12	01:02:13.940		1.29472			4
2025.03.12	01:02:14.255		1.29470			4
2025.03.12	01:02:15.169		1.29468			4
2025.03.12	01:02:15.480		1.29469			4
2025.03.12	01:02:17.015		1.29466			4
2025.03.12	01:02:18.532		1.29470			4
2025.03.12	01:02:19.161		1.29468			4
2025.03.12	01:02:20.999		1.29466			4
2025.03.12	01:02:21.307	1.29439				2
2025.03.12	01:02:21.611	1.29444				2
2025.03.12	01:02:22.224		1.29468			4
2025.03.12	01:02:23.139		1.29466			4
2025.03.12	01:02:25.899		1.29464			4
2025.03.12	01:02:27.122		1.29465			4
2025.03.12	01:02:31.731		1.29466			4
2025.03.12	01:02:32.036		1.29464			4
2025.03.12	01:02:32.341		1.29471			4
2025.03.12	01:02:32.656		1.29470			4
2025.03.12	01:02:33.268		1.29468			4
2025.03.12	01:02:34.187		1.29466			4
2025.03.12	01:02:38.461		1.29468			4
2025.03.12	01:02:39.381		1.29467			4
2025.03.12	01:02:39.698		1.29466			4
2025.03.12	01:02:40.311		1.29468			4
2025.03.12	01:02:44.607		1.29466			4
2025.03.12	01:02:44.917		1.29468			4
2025.03.12	01:02:45.225		1.29469			4
2025.03.12	01:02:46.150		1.29468			4
2025.03.12	01:02:46.460		1.29470			4
2025.03.12	01:02:52.278	1.29454	1.29471			6
2025.03.12	01:02:52.584	1.29456	1.29472			6
2025.03.12	01:02:54.728		1.29470			4
2025.03.12	01:02:57.804		1.29469			4
2025.03.12	01:02:58.112	1.29454	1.29475			6
2025.03.12	01:03:00.266	1.29454				2
2025.03.12	01:03:02.712	1.29459				2
2025.03.12	01:03:07.316		1.29474			4
2025.03.12	01:03:07.934		1.29475			4
2025.03.12	01:03:09.163		1.29473			4
2025.03.12	01:03:10.382		1.29474			4
2025.03.12	01:03:10.688		1.29473			4
2025.03.12	01:03:11.295		1.29472			4
2025.03.12	01:03:12.220		1.29473			4
2025.03.12	01:03:14.973		1.29472			4
2025.03.12	01:03:25.698		1.29474			4
2025.03.12	01:03:26.311		1.29463			4
2025.03.12	01:03:32.719	1.29461	1.29466			6
2025.03.12	01:03:33.341	1.29460	1.29465			6
2025.03.12	01:03:37.021	1.29459	1.29476			6
2025.03.12	01:03:37.329	1.29461	1.29466			6
2025.03.12	01:03:37.633	1.29459	1.29476			6
2025.03.12	01:03:41.325	1.29462	1.29467			6
2025.03.12	01:03:41.933	1.29463	1.29468			6
2025.03.12	01:03:45.293	1.29462	1.29467			6
2025.03.12	01:03:45.594	1.29463	1.29468			6
2025.03.12	01:03:46.516	1.29462	1.29467			6
2025.03.12	01:03:47.121	1.29461	1.29466			6
2025.03.12	01:03:47.429	1.29462	1.29467			6
2025.03.12	01:03:48.656	1.29463	1.29468			6
2025.03.12	01:03:48.964	1.29462	1.29467			6
2025.03.12	01:03:54.165	1.29461	1.29466			6
2025.03.12	01:03:54.473	1.29462	1.29467			6
2025.03.12	01:03:55.395	1.29461	1.29466			6
2025.03.12	01:03:59.371		1.29465			4
2025.03.12	01:04:00.283	1.29461				2
2025.03.12	01:04:04.257	1.29459	1.29463			6
2025.03.12	01:04:06.096		1.29470			4
2025.03.12	01:04:08.554		1.29463			4
2025.03.12	01:04:08.854		1.29462			4
2025.03.12	01:04:09.158	1.29460	1.29464			6
2025.03.12	01:04:10.073	1.29462	1.29466			6
2025.03.12	01:04:10.381	1.29461				2
2025.03.12	01:04:12.218		1.29474			4
2025.03.12	01:04:14.372	1.29462	1.29466			6
2025.03.12	01:04:14.677	1.29463	1.29467			6
2025.03.12	01:04:15.282	1.29464	1.29468			6
2025.03.12	01:04:15.891	1.29462	1.29466			6
2025.03.12	01:04:18.331	1.29461	1.29465			6
2025.03.12	01:04:20.152		1.29464			4
2025.03.12	01:04:20.458	1.29462				2
2025.03.12	01:04:21.371		1.29463			4
2025.03.12	01:04:22.600	1.29459				2
2025.03.12	01:04:24.752	1.29461	1.29465			6
2025.03.12	01:04:25.670	1.29460	1.29464			6
2025.03.12	01:04:26.282	1.29459	1.29463			6
2025.03.12	01:04:27.815	1.29458	1.29462			6
2025.03.12	01:04:28.730	1.29459	1.29463			6
2025.03.12	01:04:36.384	1.29460	1.29464			6
2025.03.12	01:04:36.685	1.29457	1.29461			6
2025.03.12	01:04:36.987	1.29461	1.29465			6
2025.03.12	01:04:37.289	1.29460	1.29464			6
2025.03.12	01:04:37.595	1.29458	1.29462			6
2025.03.12	01:04:37.904	1.29459	1.29463			6
2025.03.12	01:04:38.209	1.29458	1.29462			6
2025.03.12	01:04:38.824	1.29462	1.29466			6
2025.03.12	01:04:39.127		1.29467			4
2025.03.12	01:04:40.037	1.29460	1.29465			6
2025.03.12	01:04:41.254	1.29459	1.29464			6
2025.03.12	01:04:41.562	1.29458	1.29463			6
2025.03.12	01:04:42.478	1.29459	1.29464			6
2025.03.12	01:04:43.394	1.29461	1.29466			6
2025.03.12	01:04:44.621	1.29463	1.29468			6
2025.03.12	01:04:45.232	1.29462	1.29467			6
2025.03.12	01:04:45.536	1.29461	1.29466			6
2025.03.12	01:04:46.444	1.29460	1.29465			6
2025.03.12	01:04:47.052	1.29459	1.29464			6
2025.03.12	01:04:47.975	1.29463	1.29468			6
2025.03.12	01:04:54.098	1.29462	1.29467			6
2025.03.12	01:04:57.179	1.29461	1.29465			6
2025.03.12	01:04:57.484		1.29466			4
2025.03.12	01:04:58.105		1.29465			4
2025.03.12	01:04:59.319	1.29462	1.29467			6
2025.03.12	01:05:00.245	1.29461	1.29465			6
2025.03.12	01:05:01.469		1.29464			4
2025.03.12	01:05:02.383	1.29462	1.29467			6
2025.03.12	01:05:03.308		1.29466			4
2025.03.12	01:05:06.055	1.29461				2
2025.03.12	01:05:11.254	1.29463	1.29468			6
2025.03.12	01:05:12.168	1.29462	1.29467			6
2025.03.12	01:05:12.784	1.29463	1.29468			6
2025.03.12	01:05:13.392	1.29461	1.29466			6
2025.03.12	01:05:15.844		1.29465			4
2025.03.12	01:05:16.771		1.29466			4
2025.03.12	01:05:18.914	1.29463	1.29468			6
2025.03.12	01:05:19.223	1.29462	1.29467			6
2025.03.12	01:05:21.369		1.29466			4
2025.03.12	01:05:22.282	1.29460	1.29465			6
2025.03.12	01:05:22.887	1.29461	1.29466			6
2025.03.12	01:05:27.166	1.29460	1.29465			6
2025.03.12	01:05:28.689	1.29462	1.29467			6
2025.03.12	01:05:29.305	1.29461	1.29466			6
2025.03.12	01:05:29.608	1.29460	1.29465			6
2025.03.12	01:05:30.213	1.29459	1.29464			6
2025.03.12	01:05:30.515	1.29462	1.29467			6
2025.03.12	01:05:35.086	1.29461	1.29466			6
2025.03.12	01:05:35.396	1.29462	1.29467			6
2025.03.12	01:05:36.316	1.29460	1.29465			6
2025.03.12	01:05:37.847	1.29465	1.29470			6
2025.03.12	01:05:38.150	1.29460	1.29465			6
2025.03.12	01:05:38.757	1.29464	1.29469			6
2025.03.12	01:05:39.062	1.29459	1.29464			6
2025.03.12	01:05:39.364	1.29464	1.29469			6
2025.03.12	01:05:39.674	1.29460	1.29465			6
2025.03.12	01:05:39.978	1.29465	1.29470			6
2025.03.12	01:05:40.280	1.29463	1.29468			6
2025.03.12	01:05:40.583	1.29466	1.29471			6
2025.03.12	01:05:40.894	1.29463	1.29468			6
2025.03.12	01:05:41.196	1.29460	1.29465			6
2025.03.12	01:05:41.497	1.29465	1.29470			6
2025.03.12	01:05:41.808	1.29460	1.29465			6
2025.03.12	01:05:44.550	1.29461	1.29466			6
2025.03.12	01:05:45.165	1.29460	1.29465			6
2025.03.12	01:05:45.467	1.29461	1.29466			6
2025.03.12	01:05:46.388	1.29460	1.29465			6
2025.03.12	01:05:47.616	1.29462	1.29467			6
2025.03.12	01:05:48.850	1.29460	1.29465			6
2025.03.12	01:05:51.291	1.29459	1.29464			6
2025.03.12	01:05:52.830	1.29461	1.29466			6
2025.03.12	01:05:53.139	1.29460	1.29465			6
2025.03.12	01:05:59.236	1.29461	1.29466			6
2025.03.12	01:06:00.148	1.29462	1.29467			6
2025.03.12	01:06:00.453		1.29465			4
2025.03.12	01:06:01.070		1.29466			4
2025.03.12	01:06:01.376		1.29465			4
2025.03.12	01:06:02.592		1.29466			4
2025.03.12	01:06:02.897		1.29467			4
2025.03.12	01:06:03.200		1.29466			4
2025.03.12	01:06:05.349		1.29465			4
2025.03.12	01:06:05.654		1.29466			4
2025.03.12	01:06:07.172		1.29467			4
2025.03.12	01:06:09.012		1.29465			4
2025.03.12	01:06:10.227		1.29466			4
2025.03.12	01:06:10.531		1.29465			4
2025.03.12	01:06:10.835		1.29466			4
2025.03.12	01:06:16.952		1.29467			4
2025.03.12	01:06:20.025		1.29466			4
2025.03.12	01:06:21.256		1.29467			4
2025.03.12	01:06:22.766		1.29466			4
2025.03.12	01:06:23.067		1.29467			4
2025.03.12	01:06:23.378		1.29465			4
2025.03.12	01:06:24.907		1.29466			4
2025.03.12	01:06:27.041		1.29465			4
2025.03.12	01:06:28.872		1.29466			4
2025.03.12	01:06:32.858		1.29465			4
2025.03.12	01:06:33.169		1.29464			4
2025.03.12	01:06:33.477		1.29465			4
2025.03.12	01:06:36.239		1.29464			4
2025.03.12	01:06:37.764	1.29460				2
2025.03.12	01:06:38.065	1.29461	1.29465			6
2025.03.12	01:06:38.366	1.29460	1.29464			6
2025.03.12	01:06:42.032	1.29461	1.29465			6
2025.03.12	01:06:42.960	1.29460	1.29464			6
2025.03.12	01:06:44.796	1.29461	1.29465			6
2025.03.12	01:06:45.413	1.29462	1.29466			6
2025.03.12	01:06:46.337	1.29461	1.29465			6
2025.03.12	01:06:55.527	1.29462	1.29466			6
2025.03.12	01:06:57.360	1.29461	1.29465			6
2025.03.12	01:06:59.207	1.29460	1.29463			6
2025.03.12	01:07:00.128	1.29460	1.29464			6
2025.03.12	01:07:00.436	1.29461	1.29465			6
2025.03.12	01:07:00.740	1.29460	1.29464			6
2025.03.12	01:07:02.265	1.29461	1.29465			6
2025.03.12	01:07:04.112	1.29460	1.29464			6
2025.03.12	01:07:08.715	1.29462	1.29466			6
2025.03.12	01:07:09.322	1.29461	1.29465			6
2025.03.12	01:07:10.549	1.29463	1.29467			6
2025.03.12	01:07:11.162	1.29462	1.29466			6
2025.03.12	01:07:12.388	1.29461	1.29465			6
2025.03.12	01:07:17.888	1.29465	1.29466			6
2025.03.12	01:07:18.196	1.29462				2
2025.03.12	01:07:19.103	1.29461	1.29465			6
2025.03.12	01:07:26.147	1.29460	1.29464			6
2025.03.12	01:07:27.383	1.29461	1.29465			6
2025.03.12	01:07:33.529	1.29463	1.29467			6
2025.03.12	01:07:35.996	1.29462	1.29466			6
2025.03.12	01:07:36.297		1.29465			4
2025.03.12	01:07:36.605		1.29463			4
2025.03.12	01:07:36.913		1.29464			4
2025.03.12	01:07:37.222		1.29465			4
2025.03.12	01:07:40.304		1.29464			4
2025.03.12	01:07:43.366		1.29465			4
2025.03.12	01:07:43.680		1.29466			4
2025.03.12	01:07:46.131		1.29464			4
2025.03.12	01:07:47.361		1.29465			4
2025.03.12	01:07:47.664	1.29461				2
2025.03.12	01:07:49.205		1.29463			4
2025.03.12	01:07:50.129		1.29465			4
2025.03.12	01:07:51.359		1.29464			4
2025.03.12	01:07:52.283		1.29465			4
2025.03.12	01:07:57.206		1.29464			4
2025.03.12	01:07:58.125		1.29465			4
2025.03.12	01:07:58.743		1.29464			4
2025.03.12	01:07:59.049	1.29462	1.29466			6
2025.03.12	01:08:00.277	1.29462				2
2025.03.12	01:08:01.509	1.29461	1.29465			6
2025.03.12	01:08:03.051	1.29462	1.29466			6
2025.03.12	01:08:03.669	1.29468	1.29469			6
2025.03.12	01:08:03.976	1.29466	1.29467			6
2025.03.12	01:08:04.594		1.29468			4
2025.03.12	01:08:05.216	1.29469	1.29471			6
2025.03.12	01:08:12.305		1.29470			4
2025.03.12	01:08:18.177	1.29470	1.29471			6
2025.03.12	01:08:22.498	1.29466	1.29469			6
2025.03.12	01:08:22.813	1.29464	1.29468			6
2025.03.12	01:08:24.663	1.29466	1.29467			6
2025.03.12	01:08:24.967		1.29468			4
2025.03.12	01:08:25.280	1.29461	1.29465			6
2025.03.12	01:08:25.890		1.29464			4
2025.03.12	01:08:26.206		1.29465			4
2025.03.12	01:08:27.750		1.29466			4
2025.03.12	01:08:28.984	1.29458	1.29463			6
2025.03.12	01:08:29.903	1.29461				2
2025.03.12	01:08:43.470		1.29464			4
2025.03.12	01:08:44.397		1.29463			4
2025.03.12	01:08:47.473		1.29466			4
2025.03.12	01:08:47.789	1.29460	1.29465			6
2025.03.12	01:08:49.946	1.29461	1.29466			6
2025.03.12	01:08:51.479	1.29460	1.29465			6
2025.03.12	01:08:51.786	1.29461	1.29466			6
2025.03.12	01:09:00.106	1.29461				2
2025.03.12	01:09:00.416		1.29465			4
2025.03.12	01:09:03.498	1.29460	1.29464			6
2025.03.12	01:09:03.805		1.29463			4
2025.03.12	01:09:04.114		1.29464			4
2025.03.12	01:09:04.423		1.29465			4
2025.03.12	01:09:04.732	1.29458	1.29463			6
2025.03.12	01:09:05.653	1.29457	1.29462			6
2025.03.12	01:09:08.131		1.29461			4
2025.03.12	01:09:13.033	1.29456	1.29460			6
2025.03.12	01:09:14.261	1.29457	1.29461			6
2025.03.12	01:09:14.875	1.29456	1.29460			6
2025.03.12	01:09:18.562	1.29455	1.29459			6
2025.03.12	01:09:20.403	1.29456	1.29460			6
2025.03.12	01:09:24.387	1.29454	1.29458			6
2025.03.12	01:09:26.229	1.29455	1.29459			6
2025.03.12	01:09:26.534	1.29456	1.29460			6
2025.03.12	01:09:29.911	1.29455	1.29459			6
2025.03.12	01:09:30.527	1.29456	1.29460			6
2025.03.12	01:09:31.139	1.29455	1.29459			6
2025.03.12	01:09:35.443	1.29463	1.29466			6
2025.03.12	01:09:35.751	1.29464				2
2025.03.12	01:09:36.358	1.29462	1.29467			6
2025.03.12	01:09:36.670	1.29463	1.29468			6
2025.03.12	01:09:37.286	1.29462	1.29467			6
2025.03.12	01:09:40.065	1.29468	1.29469			6
2025.03.12	01:09:40.370	1.29474	1.29477			6
2025.03.12	01:09:41.305		1.29476			4
2025.03.12	01:09:41.919		1.29478			4
2025.03.12	01:09:43.466		1.29479			4
2025.03.12	01:09:44.396		1.29480			4
2025.03.12	01:09:45.935		1.29479			4
2025.03.12	01:09:46.244		1.29478			4
2025.03.12	01:09:47.783		1.29479			4
2025.03.12	01:09:48.396		1.29480			4
2025.03.12	01:09:48.706		1.29479			4
2025.03.12	01:09:49.937		1.29480			4
2025.03.12	01:09:52.096	1.29475	1.29481			6
2025.03.12	01:09:54.251	1.29474	1.29480			6
2025.03.12	01:09:55.484	1.29473	1.29479			6
2025.03.12	01:09:55.796	1.29474	1.29480			6
2025.03.12	01:09:56.413	1.29475	1.29481			6
2025.03.12	01:09:57.329	1.29474	1.29480			6
2025.03.12	01:09:57.640	1.29473	1.29479			6
2025.03.12	01:09:57.949	1.29472	1.29478			6
2025.03.12	01:09:58.257	1.29473	1.29479			6
2025.03.12	01:10:00.116	1.29474				2
2025.03.12	01:10:01.354		1.29480			4
2025.03.12	01:10:02.901	1.29479				2
2025.03.12	01:10:03.208	1.29481	1.29486			6
2025.03.12	01:10:03.824	1.29480				2
2025.03.12	01:10:04.137		1.29482			4
2025.03.12	01:10:04.748	1.29481	1.29485			6
2025.03.12	01:10:07.833		1.29484			4
2025.03.12	01:10:12.170		1.29485			4
2025.03.12	01:10:13.096		1.29484			4
2025.03.12	01:10:14.944	1.29479				2
2025.03.12	01:10:15.564		1.29483			4
2025.03.12	01:10:16.491		1.29484			4
2025.03.12	01:10:16.802		1.29483			4
2025.03.12	01:10:17.424	1.29480	1.29486			6
2025.03.12	01:10:17.729	1.29479	1.29485			6
2025.03.12	01:10:18.652		1.29484			4
2025.03.12	01:10:19.890		1.29485			4
2025.03.12	01:10:26.681	1.29480	1.29486			6
2025.03.12	01:10:26.985	1.29481	1.29487			6
2025.03.12	01:10:27.298	1.29480	1.29486			6
2025.03.12	01:10:31.308	1.29481	1.29485			6
2025.03.12	01:10:31.619		1.29487			4
2025.03.12	01:10:32.556		1.29486			4
2025.03.12	01:10:33.176	1.29484	1.29490			6
2025.03.12	01:10:33.483	1.29485	1.29491			6
2025.03.12	01:10:34.109	1.29484	1.29490			6
2025.03.12	01:10:34.412		1.29489			4
2025.03.12	01:10:35.344		1.29490			4
2025.03.12	01:10:36.272		1.29489			4
2025.03.12	01:10:41.539		1.29488			4
2025.03.12	01:10:44.020		1.29489			4
2025.03.12	01:10:45.258		1.29488			4
2025.03.12	01:10:49.900		1.29486			4
2025.03.12	01:10:50.205		1.29489			4
2025.03.12	01:10:53.307		1.29488			4
2025.03.12	01:10:56.700		1.29489			4
2025.03.12	01:10:58.864	1.29491	1.29493			6
2025.03.12	01:10:59.171	1.29488				2
2025.03.12	01:10:59.795	1.29489				2
2025.03.12	01:11:00.115	1.29489				2
2025.03.12	01:11:00.732		1.29492			4
2025.03.12	01:11:02.888	1.29485	1.29490			6
2025.03.12	01:11:03.195		1.29489			4
2025.03.12	01:11:03.515		1.29490			4
2025.03.12	01:11:04.123	1.29488	1.29491			6
2025.03.12	01:11:06.313		1.29492			4
2025.03.12	01:11:10.012		1.29493			4
2025.03.12	01:11:11.568		1.29492			4
2025.03.12	01:11:13.108	1.29493	1.29498			6
2025.03.12	01:11:14.335		1.29497			4
2025.03.12	01:11:14.642		1.29498			4
2025.03.12	01:11:14.951		1.29497			4
2025.03.12	01:11:27.928		1.29498			4
2025.03.12	01:11:31.647		1.29497			4
2025.03.12	01:11:35.353		1.29498			4
2025.03.12	01:11:37.519		1.29497			4
2025.03.12	01:11:40.611	1.29494	1.29499			6
2025.03.12	01:11:47.727	1.29500	1.29503			6
2025.03.12	01:11:48.042	1.29501	1.29506			6
2025.03.12	01:11:48.349		1.29505			4
2025.03.12	01:11:55.785		1.29504			4
2025.03.12	01:11:59.796		1.29505			4
2025.03.12	01:12:00.107	1.29501				2
2025.03.12	01:12:01.644		1.29504			4
2025.03.12	01:12:06.602		1.29505			4
2025.03.12	01:12:08.765		1.29504			4
2025.03.12	01:12:09.074	1.29500	1.29505			6
2025.03.12	01:12:09.385		1.29503			4
2025.03.12	01:12:10.932	1.29494	1.29500			6
2025.03.12	01:12:11.244	1.29493	1.29497			6
2025.03.12	01:12:11.551		1.29498			4
2025.03.12	01:12:11.859	1.29494	1.29500			6
2025.03.12	01:12:12.171	1.29493	1.29498			6
2025.03.12	01:12:12.480	1.29494	1.29500			6
2025.03.12	01:12:12.786	1.29493	1.29498			6
2025.03.12	01:12:13.098	1.29494	1.29500			6
2025.03.12	01:12:13.404	1.29493	1.29498			6
2025.03.12	01:12:13.716	1.29494	1.29500			6
2025.03.12	01:12:14.026	1.29493	1.29498			6
2025.03.12	01:12:14.332	1.29494	1.29500			6
2025.03.12	01:12:14.651	1.29493	1.29498			6
2025.03.12	01:12:14.952	1.29494	1.29500			6
2025.03.12	01:12:15.261	1.29493	1.29498			6
2025.03.12	01:12:43.110		1.29497			4
2025.03.12	01:12:44.037		1.29498			4
2025.03.12	01:12:44.343	1.29494	1.29499			6
2025.03.12	01:12:44.968	1.29493	1.29498			6
2025.03.12	01:12:45.272		1.29497			4
2025.03.12	01:12:46.208		1.29498			4
2025.03.12	01:12:50.524		1.29497			4
2025.03.12	01:12:54.239		1.29498			4
2025.03.12	01:12:55.164		1.29497			4
2025.03.12	01:13:00.113	1.29493				2
2025.03.12	01:13:00.733		1.29498			4
2025.03.12	01:13:02.585		1.29497			4
2025.03.12	01:13:04.141		1.29498			4
2025.03.12	01:13:08.160		1.29497			4
2025.03.12	01:13:15.273		1.29496			4
2025.03.12	01:13:23.226		1.29497			4
2025.03.12	01:13:25.049		1.29496			4
2025.03.12	01:13:25.971	1.29497	1.29500			6
2025.03.12	01:13:26.595	1.29495	1.29499			6
2025.03.12	01:13:26.899		1.29497			4
2025.03.12	01:13:34.309		1.29496			4
2025.03.12	01:13:57.614		1.29497			4
2025.03.12	01:14:00.082	1.29495				2
2025.03.12	01:14:01.311		1.29496			4
2025.03.12	01:14:02.546		1.29497			4
2025.03.12	01:14:03.160		1.29496			4
2025.03.12	01:14:04.698	1.29491	1.29495			6
2025.03.12	01:14:05.003	1.29492	1.29496			6
2025.03.12	01:14:09.340	1.29491	1.29495			6
2025.03.12	01:14:13.974	1.29493	1.29497			6
2025.03.12	01:14:14.284		1.29496			4
2025.03.12	01:14:14.895		1.29497			4
2025.03.12	01:14:15.204		1.29496			4
2025.03.12	01:14:16.436		1.29497			4
2025.03.12	01:14:17.968		1.29496			4
2025.03.12	01:14:18.274		1.29497			4
2025.03.12	01:14:19.204		1.29496			4
2025.03.12	01:14:22.923	1.29494	1.29497			6
2025.03.12	01:14:23.231	1.29495	1.29498			6
2025.03.12	01:14:24.147	1.29494	1.29497			6
2025.03.12	01:14:25.374	1.29493				2
2025.03.12	01:14:26.290	1.29494				2
2025.03.12	01:14:39.782	1.29493	1.29496			6
2025.03.12	01:14:40.697	1.29494	1.29497			6
2025.03.12	01:14:44.377	1.29493	1.29496			6
2025.03.12	01:14:45.305	1.29494	1.29497			6
2025.03.12	01:14:45.912	1.29493	1.29496			6
2025.03.12	01:14:46.215	1.29494	1.29497			6
2025.03.12	01:14:48.346	1.29493	1.29496			6
2025.03.12	01:14:49.880	1.29494	1.29497			6
2025.03.12	01:14:50.182	1.29493	1.29496			6
2025.03.12	01:14:54.784	1.29494	1.29497			6
2025.03.12	01:14:55.094	1.29493	1.29496			6
2025.03.12	01:14:58.131	1.29494	1.29497			6
2025.03.12	01:15:00.267	1.29493	1.29496			6
2025.03.12	01:15:00.582	1.29494	1.29497			6
2025.03.12	01:15:02.124	1.29493	1.29496			6
2025.03.12	01:15:04.883	1.29494	1.29497			6
2025.03.12	01:15:05.191	1.29493	1.29496			6
2025.03.12	01:15:05.802	1.29494	1.29497			6
2025.03.12	01:15:08.579	1.29493	1.29496			6
2025.03.12	01:15:10.134	1.29494	1.29497			6
2025.03.12	01:15:14.477	1.29495	1.29498			6
2025.03.12	01:15:14.793	1.29494	1.29497			6
2025.03.12	01:15:15.101	1.29495	1.29498			6
2025.03.12	01:15:15.411	1.29493	1.29496			6
2025.03.12	01:15:16.018	1.29494	1.29497			6
2025.03.12	01:15:16.327	1.29493	1.29496			6
2025.03.12	01:15:17.553	1.29494	1.29497			6
2025.03.12	01:15:17.869	1.29493	1.29496			6
2025.03.12	01:15:18.179	1.29494	1.29497			6
2025.03.12	01:15:19.108	1.29493	1.29496			6
2025.03.12	01:15:19.419	1.29494	1.29497			6
2025.03.12	01:15:20.032	1.29493	1.29496			6
2025.03.12	01:15:20.659	1.29494	1.29497			6
2025.03.12	01:15:20.976	1.29493	1.29496			6
2025.03.12	01:15:22.211	1.29494	1.29497			6
2025.03.12	01:15:22.839	1.29493	1.29496			6
2025.03.12	01:15:24.378	1.29494	1.29497			6
2025.03.12	01:15:24.989	1.29493	1.29496			6
2025.03.12	01:15:25.920	1.29494	1.29497			6
2025.03.12	01:15:26.225	1.29493	1.29496			6
2025.03.12	01:15:27.458	1.29494	1.29497			6
2025.03.12	01:15:27.764	1.29493	1.29496			6
2025.03.12	01:15:28.082	1.29494	1.29497			6
2025.03.12	01:15:31.798	1.29495	1.29498			6
2025.03.12	01:15:32.112	1.29494	1.29497			6
2025.03.12	01:15:32.737	1.29493	1.29496			6
2025.03.12	01:15:33.046	1.29494	1.29497			6
2025.03.12	01:15:33.355	1.29493	1.29496			6
2025.03.12	01:15:33.975	1.29494	1.29497			6
2025.03.12	01:15:34.278	1.29493	1.29496			6
2025.03.12	01:15:35.220	1.29494	1.29497			6
2025.03.12	01:15:35.528	1.29493	1.29496			6
2025.03.12	01:15:36.470	1.29494	1.29497			6
2025.03.12	01:15:36.772	1.29495	1.29498			6
2025.03.12	01:15:37.691	1.29494	1.29497			6
2025.03.12	01:15:42.632	1.29495	1.29498			6
2025.03.12	01:15:42.951	1.29492	1.29495			6
2025.03.12	01:15:54.391	1.29491	1.29494			6
2025.03.12	01:15:54.694	1.29492	1.29495			6
2025.03.12	01:15:55.632	1.29491	1.29494			6
2025.03.12	01:15:55.940	1.29492	1.29495			6
2025.03.12	01:15:58.109	1.29491	1.29494			6
2025.03.12	01:15:58.724	1.29492	1.29495			6
2025.03.12	01:15:59.040	1.29491	1.29494			6
2025.03.12	01:16:00.282	1.29491				2
2025.03.12	01:16:05.550	1.29490	1.29493			6
2025.03.12	01:16:05.854	1.29491	1.29494			6
2025.03.12	01:16:06.478	1.29490	1.29493			6
2025.03.12	01:16:08.940	1.29485	1.29488			6
2025.03.12	01:16:09.246	1.29484				2
2025.03.12	01:16:17.920	1.29485	1.29489			6
2025.03.12	01:16:24.723	1.29484	1.29488			6
2025.03.12	01:16:25.033	1.29485	1.29489			6
2025.03.12	01:16:25.947	1.29484	1.29488			6
2025.03.12	01:16:26.264	1.29485	1.29489			6
2025.03.12	01:16:26.567	1.29483	1.29487			6
2025.03.12	01:16:38.024	1.29482	1.29486			6
2025.03.12	01:16:42.349	1.29483				2
2025.03.12	01:16:47.920	1.29482	1.29485			6
2025.03.12	01:16:48.231	1.29483	1.29486			6
2025.03.12	01:16:49.156	1.29482	1.29485			6
2025.03.12	01:16:49.466	1.29483	1.29486			6
2025.03.12	01:16:50.381	1.29484	1.29487			6
2025.03.12	01:16:55.328	1.29483	1.29486			6
2025.03.12	01:16:55.633	1.29484	1.29487			6
2025.03.12	01:16:56.561	1.29483	1.29486			6
2025.03.12	01:16:57.484	1.29482	1.29485			6
2025.03.12	01:17:00.257	1.29482				2
2025.03.12	01:17:00.567	1.29481	1.29484			6
2025.03.12	01:17:03.332	1.29476	1.29479			6
2025.03.12	01:17:04.265	1.29475				2
2025.03.12	01:17:13.206	1.29471	1.29475			6
2025.03.12	01:17:13.507	1.29472	1.29476			6
2025.03.12	01:17:23.063	1.29471	1.29475			6
2025.03.12	01:17:24.295	1.29472	1.29476			6
2025.03.12	01:17:33.524	1.29470	1.29474			6
2025.03.12	01:17:43.710	1.29465	1.29468			6
2025.03.12	01:17:45.262		1.29469			4
2025.03.12	01:17:45.880	1.29464				2
2025.03.12	01:17:46.492	1.29463	1.29468			6
2025.03.12	01:17:48.042	1.29464	1.29469			6
2025.03.12	01:17:57.293	1.29463	1.29468			6
2025.03.12	01:17:59.151		1.29467			4
2025.03.12	01:18:00.075	1.29463				2
2025.03.12	01:18:00.695	1.29464	1.29468			6
2025.03.12	01:18:05.324	1.29461	1.29465			6
2025.03.12	01:18:05.945	1.29462				2
2025.03.12	01:18:06.254		1.29466			4
2025.03.12	01:18:08.107		1.29465			4
2025.03.12	01:18:08.722	1.29461				2
2025.03.12	01:18:10.264		1.29464			4
2025.03.12	01:18:13.976		1.29465			4
2025.03.12	01:18:14.281	1.29462	1.29466			6
2025.03.12	01:18:15.216		1.29467			4
2025.03.12	01:18:18.295	1.29461	1.29466			6
2025.03.12	01:18:18.608	1.29464	1.29468			6
2025.03.12	01:18:18.914	1.29461	1.29466			6
2025.03.12	01:18:19.226	1.29464	1.29469			6
2025.03.12	01:18:19.534	1.29461	1.29466			6
2025.03.12	01:18:19.844	1.29464	1.29469			6
2025.03.12	01:18:20.462	1.29461	1.29466			6
2025.03.12	01:18:20.766	1.29464	1.29469			6
2025.03.12	01:18:21.074	1.29461	1.29466			6
2025.03.12	01:18:21.390	1.29464	1.29469			6
2025.03.12	01:18:21.696	1.29461	1.29466			6
2025.03.12	01:18:22.004	1.29464	1.29469			6
2025.03.12	01:18:22.313	1.29462	1.29467			6
2025.03.12	01:18:23.237	1.29461				2
2025.03.12	01:18:26.331	1.29462				2
2025.03.12	01:18:35.567	1.29461	1.29466			6
2025.03.12	01:18:38.662	1.29462				2
2025.03.12	01:18:38.972	1.29461				2
2025.03.12	01:18:40.199	1.29462	1.29467			6
2025.03.12	01:18:40.508	1.29461	1.29466			6
2025.03.12	01:18:43.899	1.29462				2
2025.03.12	01:18:44.208	1.29461				2
2025.03.12	01:18:46.978	1.29462				2
2025.03.12	01:18:47.287	1.29461				2
2025.03.12	01:18:49.447		1.29465			4
2025.03.12	01:18:49.751		1.29466			4
2025.03.12	01:18:51.301		1.29465			4
2025.03.12	01:18:51.603		1.29466			4
2025.03.12	01:18:54.381		1.29465			4
2025.03.12	01:18:56.852		1.29464			4
2025.03.12	01:18:57.776		1.29465			4
2025.03.12	01:18:59.948	1.29460				2
2025.03.12	01:19:00.254	1.29460	1.29464			6
2025.03.12	01:19:01.181	1.29462				2
2025.03.12	01:19:01.485	1.29460				2
2025.03.12	01:19:02.100	1.29462	1.29465			6
2025.03.12	01:19:03.032		1.29463			4
2025.03.12	01:19:03.339	1.29463	1.29465			6
2025.03.12	01:19:03.644	1.29462				2
2025.03.12	01:19:03.950		1.29464			4
2025.03.12	01:19:04.882	1.29461				2
2025.03.12	01:19:05.194	1.29462				2
2025.03.12	01:19:05.502	1.29461				2
2025.03.12	01:19:06.117	1.29462				2
2025.03.12	01:19:08.276		1.29463			4
2025.03.12	01:19:08.585	1.29461				2
2025.03.12	01:19:08.889	1.29462				2
2025.03.12	01:19:10.429	1.29465	1.29466			6
2025.03.12	01:19:10.749		1.29467			4
2025.03.12	01:19:11.372		1.29468			4
2025.03.12	01:19:11.989		1.29467			4
2025.03.12	01:19:13.224		1.29469			4
2025.03.12	01:19:14.448		1.29468			4
2025.03.12	01:19:16.618		1.29467			4
2025.03.12	01:19:17.848		1.29468			4
2025.03.12	01:19:19.398		1.29467			4
2025.03.12	01:19:20.318	1.29461	1.29464			6
2025.03.12	01:19:20.630	1.29462	1.29465			6
2025.03.12	01:19:20.937	1.29460	1.29464			6
2025.03.12	01:19:21.857		1.29465			4
2025.03.12	01:19:22.473	1.29462				2
2025.03.12	01:19:23.702		1.29463			4
2025.03.12	01:19:25.245	1.29461				2
2025.03.12	01:19:32.610	1.29458				2
2025.03.12	01:19:32.916		1.29462			4
2025.03.12	01:19:33.527	1.29462	1.29463			6
2025.03.12	01:19:33.830	1.29461	1.29464			6
2025.03.12	01:19:34.450		1.29463			4
2025.03.12	01:19:34.757		1.29464			4
2025.03.12	01:19:35.061	1.29462				2
2025.03.12	01:19:35.369		1.29465			4
2025.03.12	01:19:37.211	1.29461				2
2025.03.12	01:19:37.517	1.29460	1.29464			6
2025.03.12	01:19:37.825		1.29463			4
2025.03.12	01:19:38.440		1.29464			4
2025.03.12	01:19:40.270	1.29461				2
2025.03.12	01:19:40.576	1.29460				2
2025.03.12	01:19:41.194		1.29463			4
2025.03.12	01:19:42.117	1.29462	1.29464			6
2025.03.12	01:19:45.194	1.29460				2
2025.03.12	01:19:45.506	1.29462				2
2025.03.12	01:19:50.739	1.29461				2
2025.03.12	01:19:51.042	1.29462				2
2025.03.12	01:19:54.119		1.29463			4
2025.03.12	01:20:00.269	1.29462				2
2025.03.12	01:20:03.658		1.29464			4
2025.03.12	01:20:04.889		1.29465			4
2025.03.12	01:20:05.193		1.29463			4
2025.03.12	01:20:07.342		1.29464			4
2025.03.12	01:20:07.646	1.29461				2
2025.03.12	01:20:09.793		1.29465			4
2025.03.12	01:20:10.723		1.29464			4
2025.03.12	01:20:15.632		1.29463			4
2025.03.12	01:20:15.939		1.29464			4
2025.03.12	01:20:16.245	1.29460				2
2025.03.12	01:20:17.795		1.29462			4
2025.03.12	01:20:18.409	1.29461				2
2025.03.12	01:20:18.712	1.29460				2
2025.03.12	01:20:19.637	1.29461				2
2025.03.12	01:20:19.943	1.29460				2
2025.03.12	01:20:20.248	1.29461				2
2025.03.12	01:20:20.552	1.29460				2
2025.03.12	01:20:23.324	1.29461				2
2025.03.12	01:20:23.630	1.29459	1.29461			6
2025.03.12	01:20:24.547	1.29458				2
2025.03.12	01:20:24.848	1.29459				2
2025.03.12	01:20:25.467	1.29461	1.29462			6
2025.03.12	01:20:25.776	1.29459	1.29461			6
2025.03.12	01:20:26.083	1.29460				2
2025.03.12	01:20:26.697	1.29459				2
2025.03.12	01:20:27.624	1.29458				2
2025.03.12	01:20:27.931	1.29459				2
2025.03.12	01:20:29.470		1.29462			4
2025.03.12	01:20:29.778		1.29461			4
2025.03.12	01:20:32.246	1.29462	1.29464			6
2025.03.12	01:20:32.549	1.29461	1.29463			6
2025.03.12	01:20:32.863	1.29460	1.29464			6
2025.03.12	01:20:37.192	1.29462				2
2025.03.12	01:20:38.121		1.29463			4
2025.03.12	01:20:38.429		1.29464			4
2025.03.12	01:20:39.045		1.29465			4
2025.03.12	01:20:39.354	1.29461				2
2025.03.12	01:20:39.665	1.29462	1.29464			6
2025.03.12	01:20:39.973		1.29465			4
2025.03.12	01:20:40.590	1.29461	1.29463			6
2025.03.12	01:20:40.898	1.29462				2
2025.03.12	01:20:41.824	1.29461				2
2025.03.12	01:20:43.060	1.29462				2
2025.03.12	01:20:44.608		1.29464			4
2025.03.12	01:20:44.912		1.29465			4
2025.03.12	01:20:45.221		1.29464			4
2025.03.12	01:20:46.150		1.29463			4
2025.03.12	01:20:46.764	1.29460				2
2025.03.12	01:20:47.071	1.29461				2
2025.03.12	01:20:47.388	1.29459				2
2025.03.12	01:20:48.008	1.29460	1.29464			6
2025.03.12	01:20:48.316		1.29463			4
2025.03.12	01:20:48.934		1.29464			4
2025.03.12	01:20:49.245		1.29463			4
2025.03.12	01:20:49.547	1.29461	1.29464			6
2025.03.12	01:20:49.853		1.29463			4
2025.03.12	01:20:50.774	1.29460				2
2025.03.12	01:20:54.776	1.29461				2
2025.03.12	01:20:55.083	1.29460				2
2025.03.12	01:20:58.164		1.29464			4
2025.03.12	01:20:58.781	1.29461				2
2025.03.12	01:20:59.085		1.29463			4
2025.03.12	01:20:59.392		1.29464			4
2025.03.12	01:20:59.699		1.29463			4
2025.03.12	01:21:00.008	1.29461				2
2025.03.12	01:21:01.845		1.29464			4
2025.03.12	01:21:02.155		1.29463			4
2025.03.12	01:21:02.462		1.29464			4
2025.03.12	01:21:04.612		1.29462			4
2025.03.12	01:21:05.228	1.29460				2
2025.03.12	01:21:05.847		1.29463			4
2025.03.12	01:21:06.152	1.29461				2
2025.03.12	01:21:06.772	1.29460	1.29464			6
2025.03.12	01:21:07.383	1.29461				2
2025.03.12	01:21:09.536	1.29458	1.29462			6
2025.03.12	01:21:09.846	1.29460	1.29464			6
2025.03.12	01:21:10.782	1.29462	1.29465			6
2025.03.12	01:21:11.085	1.29463	1.29467			6
2025.03.12	01:21:16.325	1.29462	1.29465			6
2025.03.12	01:21:17.250	1.29463				2
2025.03.12	01:21:17.557	1.29462				2
2025.03.12	01:21:21.857	1.29465	1.29466			6
2025.03.12	01:21:29.855	1.29464	1.29465			6
2025.03.12	01:21:31.996	1.29463				2
2025.03.12	01:21:44.063	1.29464	1.29467			6
2025.03.12	01:21:57.330	1.29465				2
2025.03.12	01:21:58.249	1.29457	1.29460			6
2025.03.12	01:21:58.550	1.29458	1.29461			6
2025.03.12	01:21:59.163	1.29456	1.29462			6
2025.03.12	01:22:00.081	1.29456				2
2025.03.12	01:22:03.472	1.29455	1.29461			6
2025.03.12	01:22:07.170	1.29459	1.29464			6
2025.03.12	01:22:07.474	1.29462	1.29466			6
2025.03.12	01:22:07.788	1.29461				2
2025.03.12	01:22:09.015	1.29462				2
2025.03.12	01:22:09.329	1.29461				2
2025.03.12	01:22:09.946	1.29460				2
2025.03.12	01:22:13.649	1.29463	1.29468			6
2025.03.12	01:22:13.951		1.29469			4
2025.03.12	01:22:15.804		1.29468			4
2025.03.12	01:22:16.119	1.29462	1.29469			6
2025.03.12	01:22:17.658		1.29467			4
2025.03.12	01:22:17.970	1.29461				2
2025.03.12	01:22:18.890		1.29466			4
2025.03.12	01:22:19.197		1.29467			4
2025.03.12	01:22:19.504		1.29466			4
2025.03.12	01:22:19.816		1.29467			4
2025.03.12	01:22:22.582		1.29466			4
2025.03.12	01:22:23.201	1.29465	1.29470			6
2025.03.12	01:22:24.128	1.29463				2
2025.03.12	01:22:27.825		1.29469			4
2025.03.12	01:22:28.128		1.29470			4
2025.03.12	01:22:29.056	1.29462	1.29469			6
2025.03.12	01:22:35.225		1.29467			4
2025.03.12	01:22:35.533	1.29461				2
2025.03.12	01:22:36.147		1.29466			4
2025.03.12	01:22:38.936		1.29467			4
2025.03.12	01:22:43.580	1.29462	1.29469			6
2025.03.12	01:22:43.884		1.29468			4
2025.03.12	01:22:44.204		1.29469			4
2025.03.12	01:22:45.128	1.29463				2
2025.03.12	01:22:45.438	1.29462				2
2025.03.12	01:22:47.284		1.29468			4
2025.03.12	01:22:51.919		1.29467			4
2025.03.12	01:22:52.224		1.29468			4
2025.03.12	01:22:54.384	1.29463	1.29469			6
2025.03.12	01:22:54.694	1.29470	1.29475			6
2025.03.12	01:22:55.923	1.29467	1.29473			6
2025.03.12	01:22:56.229		1.29474			4
2025.03.12	01:22:57.777	1.29466	1.29473			6
2025.03.12	01:23:00.248	1.29466				2
2025.03.12	01:23:02.409	1.29467	1.29474			6
2025.03.12	01:23:07.344	1.29466	1.29473			6
2025.03.12	01:23:07.650	1.29467	1.29474			6
2025.03.12	01:23:12.594	1.29466	1.29473			6
2025.03.12	01:23:13.820	1.29465	1.29472			6
2025.03.12	01:23:14.440	1.29464	1.29471			6
2025.03.12	01:23:15.364	1.29465	1.29472			6
2025.03.12	01:23:20.921	1.29464	1.29471			6
2025.03.12	01:23:21.233		1.29470			4
2025.03.12	01:23:21.541		1.29471			4
2025.03.12	01:23:22.771		1.29470			4
2025.03.12	01:23:23.079	1.29465	1.29472			6
2025.03.12	01:23:28.629	1.29464	1.29470			6
2025.03.12	01:23:28.939	1.29465	1.29472			6
2025.03.12	01:23:31.719	1.29463	1.29469			6
2025.03.12	01:23:32.025	1.29464	1.29471			6
2025.03.12	01:23:37.889	1.29469	1.29475			6
2025.03.12	01:23:38.821	1.29468				2
2025.03.12	01:23:39.129	1.29467	1.29474			6
2025.03.12	01:23:39.753	1.29468	1.29475			6
2025.03.12	01:23:42.211	1.29466	1.29473			6
2025.03.12	01:23:42.520	1.29467	1.29474			6
2025.03.12	01:23:42.837	1.29471	1.29476			6
2025.03.12	01:23:43.143	1.29470				2
2025.03.12	01:23:43.759	1.29471				2
2025.03.12	01:23:44.075	1.29469				2
2025.03.12	01:23:49.910	1.29470				2
2025.03.12	01:23:50.524	1.29469				2
2025.03.12	01:23:53.614	1.29472	1.29477			6
2025.03.12	01:24:00.121	1.29472				2
2025.03.12	01:24:00.423	1.29470	1.29476			6
2025.03.12	01:24:01.353		1.29475			4
2025.03.12	01:24:07.523	1.29469				2
2025.03.12	01:24:15.240		1.29476			4
2025.03.12	01:24:21.404		1.29475			4
2025.03.12	01:24:38.398	1.29464	1.29468			6
2025.03.12	01:24:39.338		1.29469			4
2025.03.12	01:24:39.647	1.29463	1.29468			6
2025.03.12	01:24:39.955	1.29464	1.29470			6
2025.03.12	01:24:40.891	1.29465	1.29471			6
2025.03.12	01:24:41.512	1.29464				2
2025.03.12	01:24:42.130	1.29465	1.29472			6
2025.03.12	01:24:48.308		1.29471			4
2025.03.12	01:24:50.157	1.29463	1.29469			6
2025.03.12	01:24:50.467	1.29461	1.29467			6
2025.03.12	01:24:52.935	1.29462	1.29466			6
2025.03.12	01:24:53.251		1.29468			4
2025.03.12	01:24:53.558		1.29467			4
2025.03.12	01:24:53.867		1.29468			4
2025.03.12	01:24:54.182		1.29467			4
2025.03.12	01:24:54.484		1.29468			4
2025.03.12	01:24:54.791		1.29467			4
2025.03.12	01:24:55.103		1.29468			4
2025.03.12	01:24:55.406	1.29460	1.29467			6
2025.03.12	01:24:55.720	1.29459	1.29464			6
2025.03.12	01:24:56.029	1.29460	1.29467			6
2025.03.12	01:24:56.343	1.29459	1.29464			6
2025.03.12	01:24:56.652	1.29460	1.29467			6
2025.03.12	01:24:57.580	1.29459	1.29466			6
2025.03.12	01:25:00.048	1.29459				2
2025.03.12	01:25:00.359	1.29461				2
2025.03.12	01:25:04.054		1.29468			4
2025.03.12	01:25:10.222	1.29460	1.29467			6
2025.03.12	01:25:13.942		1.29466			4
2025.03.12	01:25:14.870	1.29459				2
2025.03.12	01:25:15.182	1.29461	1.29468			6
2025.03.12	01:25:21.353	1.29465	1.29472			6
2025.03.12	01:25:21.664		1.29471			4
2025.03.12	01:25:22.908		1.29472			4
2025.03.12	01:25:27.225	1.29466	1.29473			6
2025.03.12	01:25:28.461	1.29465	1.29472			6
2025.03.12	01:25:28.762	1.29466	1.29473			6
2025.03.12	01:25:29.995	1.29465	1.29472			6
2025.03.12	01:25:34.947	1.29461	1.29468			6
2025.03.12	01:25:35.247	1.29466	1.29471			6
2025.03.12	01:25:35.550		1.29473			4
2025.03.12	01:25:35.853		1.29472			4
2025.03.12	01:25:36.476		1.29473			4
2025.03.12	01:25:38.011	1.29467	1.29474			6
2025.03.12	01:25:40.475	1.29466	1.29473			6
2025.03.12	01:25:44.497	1.29467	1.29474			6
2025.03.12	01:25:44.810	1.29466	1.29472			6
2025.03.12	01:25:45.429		1.29473			4
2025.03.12	01:25:46.061		1.29472			4
2025.03.12	01:25:46.366		1.29471			4
2025.03.12	01:25:46.986		1.29472			4
2025.03.12	01:25:52.855		1.29471			4
2025.03.12	01:25:55.630		1.29472			4
2025.03.12	01:25:55.937		1.29471			4
2025.03.12	01:25:58.099		1.29472			4
2025.03.12	01:25:59.025	1.29465	1.29470			6
2025.03.12	01:26:00.264	1.29465				2
2025.03.12	01:26:00.881		1.29468			4
2025.03.12	01:26:01.188		1.29469			4
2025.03.12	01:26:01.810		1.29470			4
2025.03.12	01:26:02.118	1.29463	1.29467			6
2025.03.12	01:26:02.428	1.29461	1.29466			6
2025.03.12	01:26:03.664		1.29467			4
2025.03.12	01:26:12.615	1.29464	1.29469			6
2025.03.12	01:26:13.239		1.29470			4
2025.03.12	01:26:16.011		1.29469			4
2025.03.12	01:26:16.320		1.29470			4
2025.03.12	01:26:16.629		1.29469			4
2025.03.12	01:26:17.248		1.29470			4
2025.03.12	01:26:20.035		1.29469			4
2025.03.12	01:26:28.338	1.29465	1.29470			6
2025.03.12	01:26:28.944	1.29464	1.29469			6
2025.03.12	01:26:30.485	1.29465	1.29470			6
2025.03.12	01:26:34.182	1.29464	1.29469			6
2025.03.12	01:26:35.724	1.29465	1.29470			6
2025.03.12	01:26:36.339	1.29464	1.29469			6
2025.03.12	01:26:37.266	1.29465	1.29470			6
2025.03.12	01:26:39.095		1.29469			4
2025.03.12	01:26:51.689	1.29464	1.29468			6
2025.03.12	01:26:52.295	1.29465	1.29469			6
2025.03.12	01:26:54.744	1.29464	1.29468			6
2025.03.12	01:26:59.337	1.29465				2
2025.03.12	01:27:00.259	1.29465				2
2025.03.12	01:27:01.488	1.29466	1.29469			6
2025.03.12	01:27:01.796	1.29465	1.29468			6
2025.03.12	01:27:03.642	1.29466	1.29469			6
2025.03.12	01:27:05.164	1.29465	1.29468			6
2025.03.12	01:27:21.382	1.29466	1.29469			6
2025.03.12	01:27:32.393	1.29465	1.29468			6
2025.03.12	01:27:32.701	1.29466	1.29469			6
2025.03.12	01:27:38.215	1.29465	1.29468			6
2025.03.12	01:27:38.522	1.29466	1.29469			6
2025.03.12	01:27:42.813	1.29465	1.29468			6
2025.03.12	01:27:43.432	1.29466	1.29469			6
2025.03.12	01:27:49.240	1.29467	1.29470			6
2025.03.12	01:27:49.858	1.29466	1.29469			6
2025.03.12	01:27:51.679	1.29465	1.29468			6
2025.03.12	01:27:51.989	1.29466	1.29469			6
2025.03.12	01:27:53.218	1.29465	1.29468			6
2025.03.12	01:27:53.827	1.29466	1.29469			6
2025.03.12	01:28:00.269	1.29466				2
2025.03.12	01:28:00.577	1.29467	1.29470			6
2025.03.12	01:28:03.330	1.29466	1.29469			6
2025.03.12	01:28:08.534	1.29467	1.29470			6
2025.03.12	01:28:08.839	1.29466	1.29469			6
2025.03.12	01:28:10.366	1.29471	1.29474			6
2025.03.12	01:28:22.683	1.29469	1.29472			6
2025.03.12	01:28:22.989	1.29467	1.29470			6
2025.03.12	01:28:24.234	1.29466				2
2025.03.12	01:28:26.383	1.29467	1.29471			6
2025.03.12	01:28:26.700	1.29466	1.29470			6
2025.03.12	01:28:27.310	1.29465	1.29468			6
2025.03.12	01:28:28.238	1.29466	1.29470			6
2025.03.12	01:28:31.026	1.29467	1.29471			6
2025.03.12	01:28:31.333	1.29466	1.29470			6
2025.03.12	01:28:33.183	1.29465	1.29468			6
2025.03.12	01:28:33.490		1.29469			4
2025.03.12	01:28:34.415	1.29466	1.29470			6
2025.03.12	01:28:35.344	1.29465	1.29468			6
2025.03.12	01:28:35.649	1.29464	1.29469			6
2025.03.12	01:28:35.953	1.29465	1.29468			6
2025.03.12	01:28:36.260		1.29470			4
2025.03.12	01:28:37.499		1.29469			4
2025.03.12	01:28:38.112	1.29464				2
2025.03.12	01:28:38.422	1.29465				2
2025.03.12	01:28:38.730		1.29470			4
2025.03.12	01:28:39.342	1.29464	1.29468			6
2025.03.12	01:28:39.958		1.29469			4
2025.03.12	01:28:40.573		1.29468			4
2025.03.12	01:28:41.183		1.29469			4
2025.03.12	01:28:41.506		1.29468			4
2025.03.12	01:28:41.809		1.29469			4
2025.03.12	01:28:43.352		1.29468			4
2025.03.12	01:28:43.658		1.29469			4
2025.03.12	01:28:43.963		1.29468			4
2025.03.12	01:28:44.270		1.29469			4
2025.03.12	01:28:45.188	1.29466	1.29471			6
2025.03.12	01:28:50.439	1.29465	1.29469			6
2025.03.12	01:28:51.368	1.29466	1.29471			6
2025.03.12	01:28:51.679	1.29467	1.29472			6
2025.03.12	01:28:51.987	1.29466	1.29471			6
2025.03.12	01:28:53.224	1.29465				2
2025.03.12	01:28:53.532	1.29466	1.29472			6
2025.03.12	01:28:53.839	1.29463	1.29467			6
2025.03.12	01:28:54.147	1.29464				2
2025.03.12	01:28:54.765		1.29468			4
2025.03.12	01:28:55.073	1.29463				2
2025.03.12	01:28:59.076	1.29465	1.29471			6
2025.03.12	01:28:59.385	1.29466	1.29472			6
2025.03.12	01:28:59.701	1.29464	1.29468			6
2025.03.12	01:29:00.009	1.29464				2
2025.03.12	01:29:00.319		1.29469			4
2025.03.12	01:29:04.012	1.29463				2
2025.03.12	01:29:11.073		1.29468			4
2025.03.12	01:29:12.922		1.29469			4
2025.03.12	01:29:13.847		1.29468			4
2025.03.12	01:29:14.762		1.29469			4
2025.03.12	01:29:17.217		1.29468			4
2025.03.12	01:29:20.910	1.29464				2
2025.03.12	01:29:24.914		1.29467			4
2025.03.12	01:29:28.603	1.29465	1.29471			6
2025.03.12	01:29:41.514	1.29463	1.29468			6
2025.03.12	01:29:41.823	1.29464				2
2025.03.12	01:29:42.128		1.29470			4
2025.03.12	01:29:42.438	1.29463	1.29468			6
2025.03.12	01:29:42.748		1.29469			4
2025.03.12	01:29:43.671		1.29468			4
2025.03.12	01:29:47.367	1.29464	1.29470			6
2025.03.12	01:29:48.587	1.29465	1.29471			6
2025.03.12	01:29:49.502	1.29466	1.29472			6
2025.03.12	01:29:51.660	1.29465	1.29471			6
2025.03.12	01:29:54.115	1.29463	1.29468			6
2025.03.12	01:29:55.042	1.29464	1.29470			6
2025.03.12	01:29:55.350		1.29468			4
2025.03.12	01:29:55.653		1.29469			4
2025.03.12	01:29:56.269		1.29468			4
2025.03.12	01:29:56.886		1.29469			4
2025.03.12	01:29:57.496		1.29468			4
2025.03.12	01:29:57.805		1.29469			4
2025.03.12	01:30:00.269	1.29464	1.29468			6
2025.03.12	01:30:01.193		1.29469			4
2025.03.12	01:30:01.499		1.29470			4
2025.03.12	01:30:02.427	1.29463	1.29469			6
2025.03.12	01:30:02.738	1.29462	1.29468			6
2025.03.12	01:30:04.286	1.29463				2
2025.03.12	01:30:05.207		1.29469			4
2025.03.12	01:30:05.509	1.29464	1.29468			6
2025.03.12	01:30:06.140		1.29470			4
2025.03.12	01:30:06.449		1.29469			4
2025.03.12	01:30:09.222	1.29466	1.29471			6
2025.03.12	01:30:09.536	1.29463	1.29469			6
2025.03.12	01:30:11.381	1.29464				2
2025.03.12	01:30:12.308	1.29465	1.29470			6
2025.03.12	01:30:13.235	1.29466	1.29471			6
2025.03.12	01:30:14.010	1.29464	1.29469			6
2025.03.12	01:30:15.254	1.29463				2
2025.03.12	01:30:17.421	1.29464	1.29470			6
2025.03.12	01:30:17.728	1.29463	1.29469			6
2025.03.12	01:30:18.043	1.29464	1.29470			6
2025.03.12	01:30:18.973	1.29463	1.29469			6
2025.03.12	01:30:21.122	1.29464				2
2025.03.12	01:30:21.737	1.29465	1.29470			6
2025.03.12	01:30:22.042	1.29464	1.29469			6
2025.03.12	01:30:23.592	1.29465	1.29470			6
2025.03.12	01:30:25.446	1.29464	1.29469			6
2025.03.12	01:30:26.989	1.29463	1.29468			6
2025.03.12	01:30:27.910	1.29462	1.29466			6
2025.03.12	01:30:34.090	1.29461				2
2025.03.12	01:30:36.558		1.29465			4
2025.03.12	01:30:38.098		1.29464			4
2025.03.12	01:30:45.175	1.29462	1.29466			6
2025.03.12	01:30:50.995	1.29460	1.29464			6
2025.03.12	01:30:51.300	1.29462	1.29466			6
2025.03.12	01:30:51.914		1.29465			4
2025.03.12	01:30:52.222		1.29466			4
2025.03.12	01:30:53.133	1.29463				2
2025.03.12	01:31:00.161	1.29463				2
2025.03.12	01:31:03.509	1.29461	1.29464			6
2025.03.12	01:31:03.811	1.29457	1.29460			6
2025.03.12	01:31:04.120	1.29455	1.29461			6
2025.03.12	01:31:05.359	1.29456	1.29462			6
2025.03.12	01:31:10.293	1.29455	1.29461			6
2025.03.12	01:31:10.599	1.29456	1.29462			6
2025.03.12	01:31:13.386	1.29457				2
2025.03.12	01:31:14.934	1.29456	1.29461			6
2025.03.12	01:31:15.245	1.29462	1.29467			6
2025.03.12	01:31:15.558	1.29461	1.29466			6
2025.03.12	01:31:16.178		1.29467			4
2025.03.12	01:31:21.139		1.29466			4
2025.03.12	01:31:30.065		1.29467			4
2025.03.12	01:31:30.992		1.29465			4
2025.03.12	01:31:31.300	1.29463	1.29468			6
2025.03.12	01:31:31.616	1.29461	1.29465			6
2025.03.12	01:31:31.922	1.29463	1.29468			6
2025.03.12	01:31:32.229	1.29461	1.29465			6
2025.03.12	01:31:32.537	1.29463	1.29468			6
2025.03.12	01:31:32.844	1.29461	1.29465			6
2025.03.12	01:31:33.151	1.29463	1.29468			6
2025.03.12	01:31:33.462	1.29461	1.29465			6
2025.03.12	01:31:33.777	1.29463	1.29468			6
2025.03.12	01:31:34.081	1.29461	1.29465			6
2025.03.12	01:31:34.392	1.29463	1.29468			6
2025.03.12	01:31:35.012	1.29461				2
2025.03.12	01:31:35.928	1.29466	1.29471			6
2025.03.12	01:31:36.543		1.29470			4
2025.03.12	01:31:36.853		1.29471			4
2025.03.12	01:31:39.326		1.29472			4
2025.03.12	01:31:46.742		1.29471			4
2025.03.12	01:31:47.047		1.29472			4
2025.03.12	01:31:53.213		1.29471			4
2025.03.12	01:31:53.522		1.29472			4
2025.03.12	01:31:56.303		1.29471			4
2025.03.12	01:31:56.919		1.29470			4
2025.03.12	01:31:57.230		1.29471			4
2025.03.12	01:31:58.155		1.29470			4
2025.03.12	01:32:00.003	1.29466				2
2025.03.12	01:32:00.308		1.29471			4
2025.03.12	01:32:03.083		1.29470			4
2025.03.12	01:32:04.632		1.29471			4
2025.03.12	01:32:06.794	1.29464	1.29470			6
2025.03.12	01:32:07.103	1.29465	1.29471			6
2025.03.12	01:32:16.048		1.29470			4
2025.03.12	01:32:16.356	1.29466	1.29472			6
2025.03.12	01:32:16.667	1.29464	1.29470			6
2025.03.12	01:32:17.284	1.29465				2
2025.03.12	01:32:18.835	1.29464	1.29469			6
2025.03.12	01:32:26.256		1.29468			4
2025.03.12	01:32:30.198	1.29465	1.29469			6
2025.03.12	01:32:30.500	1.29466	1.29470			6
2025.03.12	01:32:31.107	1.29465	1.29469			6
2025.03.12	01:32:35.373	1.29467	1.29471			6
2025.03.12	01:32:40.572	1.29464	1.29468			6
2025.03.12	01:32:40.879	1.29466	1.29470			6
2025.03.12	01:32:41.187	1.29465	1.29469			6
2025.03.12	01:32:42.417	1.29464	1.29468			6
2025.03.12	01:32:43.341	1.29465	1.29469			6
2025.03.12	01:32:44.565	1.29464	1.29468			6
2025.03.12	01:32:47.009		1.29467			4
2025.03.12	01:32:47.312		1.29468			4
2025.03.12	01:32:48.233	1.29465				2
2025.03.12	01:32:49.748	1.29464	1.29467			6
2025.03.12	01:32:54.036	1.29463	1.29466			6
2025.03.12	01:33:00.179	1.29463				2
2025.03.12	01:33:09.414	1.29462	1.29465			6
2025.03.12	01:33:10.332	1.29463	1.29466			6
2025.03.12	01:33:13.994	1.29462	1.29465			6
2025.03.12	01:33:15.224	1.29463	1.29466			6
2025.03.12	01:33:24.424	1.29465	1.29468			6
2025.03.12	01:33:24.732	1.29464	1.29467			6
2025.03.12	01:33:29.329	1.29463	1.29466			6
2025.03.12	01:33:35.122	1.29464	1.29467			6
2025.03.12	01:33:53.855	1.29463	1.29466			6
2025.03.12	01:34:00.025	1.29463				2
2025.03.12	01:34:01.256	1.29465	1.29468			6
2025.03.12	01:34:01.869	1.29467	1.29470			6
2025.03.12	01:34:05.268	1.29468	1.29471			6
2025.03.12	01:34:07.737	1.29467	1.29470			6
2025.03.12	01:34:10.520	1.29465	1.29468			6
2025.03.12	01:34:10.828	1.29468	1.29471			6
2025.03.12	01:34:11.138	1.29467	1.29470			6
2025.03.12	01:34:12.986	1.29468	1.29471			6
2025.03.12	01:34:15.153	1.29471	1.29474			6
2025.03.12	01:34:15.456	1.29468	1.29471			6
2025.03.12	01:34:20.391	1.29467	1.29470			6
2025.03.12	01:34:21.310	1.29468	1.29471			6
2025.03.12	01:34:21.617	1.29467	1.29469			6
2025.03.12	01:34:22.551		1.29470			4
2025.03.12	01:34:24.094	1.29468				2
2025.03.12	01:34:24.407	1.29467				2
2025.03.12	01:34:31.191	1.29466	1.29469			6
2025.03.12	01:34:31.497	1.29467	1.29470			6
2025.03.12	01:34:32.729	1.29463	1.29466			6
2025.03.12	01:34:33.034	1.29464	1.29467			6
2025.03.12	01:34:38.593	1.29463	1.29466			6
2025.03.12	01:34:47.533	1.29466	1.29467			6
2025.03.12	01:34:47.845	1.29465				2
2025.03.12	01:34:49.688	1.29464				2
2025.03.12	01:34:50.305	1.29465				2
2025.03.12	01:35:00.186	1.29465				2
2025.03.12	01:35:01.121	1.29464				2
2025.03.12	01:35:01.423	1.29465				2
2025.03.12	01:35:02.351	1.29464				2
2025.03.12	01:35:06.990	1.29468	1.29471			6
2025.03.12	01:35:07.293	1.29467	1.29470			6
2025.03.12	01:35:09.150	1.29466	1.29469			6
2025.03.12	01:35:10.075	1.29465	1.29468			6
2025.03.12	01:35:10.689	1.29466	1.29469			6
2025.03.12	01:35:11.305	1.29467	1.29470			6
2025.03.12	01:35:19.960	1.29465	1.29468			6
2025.03.12	01:35:20.884	1.29466	1.29469			6
2025.03.12	01:35:21.505	1.29465	1.29468			6
2025.03.12	01:35:24.276	1.29463	1.29466			6
2025.03.12	01:35:24.583	1.29467	1.29470			6
2025.03.12	01:35:24.889	1.29468	1.29471			6
2025.03.12	01:35:25.505	1.29466	1.29469			6
2025.03.12	01:35:25.819	1.29468	1.29471			6
2025.03.12	01:35:26.438	1.29467	1.29470			6
2025.03.12	01:35:26.747	1.29468	1.29471			6
2025.03.12	01:35:27.676	1.29467	1.29470			6
2025.03.12	01:35:28.902	1.29463	1.29466			6
2025.03.12	01:35:30.152	1.29462	1.29467			6
2025.03.12	01:35:41.262		1.29466			4
2025.03.12	01:35:43.426	1.29463	1.29467			6
2025.03.12	01:35:43.741	1.29464				2
2025.03.12	01:35:44.662	1.29465				2
2025.03.12	01:35:55.465	1.29466	1.29470			6
2025.03.12	01:35:57.625		1.29469			4
2025.03.12	01:35:57.927	1.29465				2
2025.03.12	01:36:00.092	1.29465				2
2025.03.12	01:36:04.403	1.29466				2
2025.03.12	01:36:05.320	1.29467	1.29470			6
2025.03.12	01:36:06.246	1.29466	1.29469			6
2025.03.12	01:36:06.550	1.29467	1.29470			6
2025.03.12	01:36:08.706	1.29466	1.29469			6
2025.03.12	01:36:09.319	1.29467	1.29470			6
2025.03.12	01:36:11.160	1.29466	1.29469			6
2025.03.12	01:36:21.623	1.29465	1.29468			6
2025.03.12	01:36:23.466		1.29467			4
2025.03.12	01:36:23.779	1.29464				2
2025.03.12	01:36:24.995	1.29465				2
2025.03.12	01:36:49.288	1.29464				2
2025.03.12	01:36:49.902	1.29465				2
2025.03.12	01:36:51.751	1.29464				2
2025.03.12	01:36:52.061	1.29465				2
2025.03.12	01:36:56.676	1.29464				2
2025.03.12	01:36:57.907	1.29466	1.29469			6
2025.03.12	01:36:58.527	1.29465	1.29468			6
2025.03.12	01:36:59.456	1.29463	1.29466			6
2025.03.12	01:36:59.760		1.29465			4
2025.03.12	01:37:00.070	1.29463				2
2025.03.12	01:37:03.470	1.29465	1.29468			6
2025.03.12	01:37:04.096	1.29464	1.29467			6
2025.03.12	01:37:04.401		1.29466			4
2025.03.12	01:37:05.328		1.29467			4
2025.03.12	01:37:14.243	1.29463	1.29465			6
2025.03.12	01:37:15.174	1.29462				2
2025.03.12	01:37:19.169	1.29463				2
2025.03.12	01:37:19.788		1.29466			4
2025.03.12	01:37:32.118	1.29464	1.29467			6
2025.03.12	01:37:34.596	1.29463	1.29466			6
2025.03.12	01:37:35.214	1.29465	1.29468			6
2025.03.12	01:37:35.522	1.29466	1.29469			6
2025.03.12	01:37:36.141	1.29465				2
2025.03.12	01:37:36.450	1.29464	1.29468			6
2025.03.12	01:37:40.780	1.29468	1.29470			6
2025.03.12	01:37:41.089	1.29464	1.29468			6
2025.03.12	01:37:41.396	1.29468	1.29470			6
2025.03.12	01:37:41.710	1.29464	1.29466			6
2025.03.12	01:37:42.014	1.29465	1.29470			6
2025.03.12	01:37:42.324	1.29464	1.29466			6
2025.03.12	01:37:42.633		1.29470			4
2025.03.12	01:37:42.940		1.29466			4
2025.03.12	01:37:43.246		1.29470			4
2025.03.12	01:37:43.552		1.29467			4
2025.03.12	01:37:43.861		1.29470			4
2025.03.12	01:37:44.166		1.29469			4
2025.03.12	01:37:48.779		1.29470			4
2025.03.12	01:37:51.854	1.29461	1.29466			6
2025.03.12	01:37:52.474		1.29467			4
2025.03.12	01:37:55.249		1.29466			4
2025.03.12	01:37:55.861		1.29467			4
2025.03.12	01:37:58.952		1.29466			4
2025.03.12	01:37:59.567		1.29467			4
2025.03.12	01:38:00.190	1.29461				2
2025.03.12	01:38:05.126	1.29460	1.29466			6
2025.03.12	01:38:05.432	1.29461	1.29467			6
2025.03.12	01:38:12.222	1.29463				2
2025.03.12	01:38:21.471	1.29462				2
2025.03.12	01:38:23.016	1.29461				2
2025.03.12	01:38:24.250	1.29460				2
2025.03.12	01:38:24.557	1.29461	1.29466			6
2025.03.12	01:38:24.864	1.29460				2
2025.03.12	01:38:26.101	1.29459				2
2025.03.12	01:38:26.406	1.29460				2
2025.03.12	01:38:26.718	1.29461				2
2025.03.12	01:38:27.019	1.29454	1.29458			6
2025.03.12	01:38:27.325	1.29453				2
2025.03.12	01:38:27.632	1.29456	1.29461			6
2025.03.12	01:38:28.556	1.29455				2
2025.03.12	01:38:29.172	1.29454	1.29460			6
2025.03.12	01:38:32.557	1.29455				2
2025.03.12	01:38:33.480	1.29454				2
2025.03.12	01:38:35.642	1.29453	1.29458			6
2025.03.12	01:38:55.705	1.29451	1.29456			6
2025.03.12	01:38:56.010	1.29452				2
2025.03.12	01:38:59.094	1.29451				2
2025.03.12	01:39:00.024	1.29451				2
2025.03.12	01:39:03.719	1.29452				2
2025.03.12	01:39:09.290	1.29451				2
2025.03.12	01:39:09.599	1.29450				2
2025.03.12	01:39:09.907		1.29455			4
2025.03.12	01:39:11.750		1.29456			4
2025.03.12	01:39:12.055	1.29451				2
2025.03.12	01:39:12.363	1.29450				2
2025.03.12	01:39:14.528	1.29451				2
2025.03.12	01:39:14.835	1.29450				2
2025.03.12	01:39:16.684	1.29451				2
2025.03.12	01:39:17.612	1.29452	1.29457			6
2025.03.12	01:39:17.919	1.29451	1.29456			6
2025.03.12	01:39:18.229	1.29452	1.29457			6
2025.03.12	01:39:18.534	1.29451				2
2025.03.12	01:39:19.771	1.29452				2
2025.03.12	01:39:21.005	1.29453				2
2025.03.12	01:39:24.397	1.29452				2
2025.03.12	01:39:33.021	1.29451	1.29456			6
2025.03.12	01:39:34.866	1.29450				2
2025.03.12	01:39:35.174	1.29451	1.29457			6
2025.03.12	01:39:35.485	1.29450	1.29456			6
2025.03.12	01:39:35.793	1.29451	1.29457			6
2025.03.12	01:39:36.099	1.29452				2
2025.03.12	01:39:37.025	1.29450	1.29456			6
2025.03.12	01:39:37.334	1.29451				2
2025.03.12	01:39:37.643	1.29450				2
2025.03.12	01:39:37.946	1.29452	1.29457			6
2025.03.12	01:39:38.261	1.29451				2
