<DATE>	<TIME>	<BID>	<ASK>	<LAST>	<VOLUME>	<FLAGS>
2025.10.30	00:03:30.496	1.31898	1.31984			6
2025.10.30	00:04:00.522	1.31898	1.31983			6
2025.10.30	00:04:01.267		1.31978			4
2025.10.30	00:04:02.269		1.31981			4
2025.10.30	00:05:00.391	1.31898				2
2025.10.30	00:05:00.835	1.31875	1.31965			6
2025.10.30	00:05:01.158	1.31872	1.31962			6
2025.10.30	00:05:02.077	1.31870	1.31960			6
2025.10.30	00:05:15.643	1.31864	1.31954			6
2025.10.30	00:05:16.877	1.31860	1.31950			6
2025.10.30	00:05:41.851	1.31849	1.31937			6
2025.10.30	00:05:43.085	1.31848				2
2025.10.30	00:05:45.032		1.31936			4
2025.10.30	00:05:48.627	1.31841	1.31918			6
2025.10.30	00:05:51.477		1.31917			4
2025.10.30	00:05:56.286		1.31920			4
2025.10.30	00:05:58.090	1.31853	1.31935			6
2025.10.30	00:05:58.447	1.31856				2
2025.10.30	00:06:00.491	1.31857				2
2025.10.30	00:06:13.760	1.31850	1.31922			6
2025.10.30	00:06:14.835	1.31857	1.31933			6
2025.10.30	00:06:15.459		1.31934			4
2025.10.30	00:06:34.016		1.31933			4
2025.10.30	00:06:34.321		1.31934			4
2025.10.30	00:06:34.635	1.31860	1.31946			6
2025.10.30	00:06:35.553		1.31948			4
2025.10.30	00:06:37.095		1.31947			4
2025.10.30	00:06:38.947	1.31869	1.31959			6
2025.10.30	00:06:45.445	1.31890	1.31975			6
2025.10.30	00:07:00.268	1.31890				2
2025.10.30	00:07:50.966		1.31975			4
2025.10.30	00:08:20.493	1.31890				2
2025.10.30	00:08:53.442		1.31975			4
2025.10.30	00:09:00.352	1.31895	1.31982			6
2025.10.30	00:09:47.889	1.31900	1.31985			6
2025.10.30	00:10:00.188	1.31900				2
2025.10.30	00:10:02.952	1.31921	1.31998			6
2025.10.30	00:10:03.259		1.31997			4
2025.10.30	00:10:11.608	1.31907				2
2025.10.30	00:10:12.228	1.31906	1.31996			6
2025.10.30	00:10:14.077	1.31907	1.31997			6
2025.10.30	00:10:19.013	1.31927	1.32017			6
2025.10.30	00:10:26.124	1.31939	1.32029			6
2025.10.30	00:11:00.031	1.31939				2
2025.10.30	00:11:04.966	1.31946				2
2025.10.30	00:11:08.360	1.31960	1.32036			6
2025.10.30	00:11:09.290		1.32039			4
2025.10.30	00:11:09.596	1.31949				2
2025.10.30	00:11:10.522	1.31960				2
2025.10.30	00:11:12.686	1.31959				2
2025.10.30	00:11:23.185	1.31949				2
2025.10.30	00:11:24.421	1.31959				2
2025.10.30	00:11:26.586		1.32038			4
2025.10.30	00:11:30.292	1.31948				2
2025.10.30	00:11:31.221	1.31959				2
2025.10.30	00:11:37.081	1.31948				2
2025.10.30	00:11:38.008	1.31959				2
2025.10.30	00:11:48.787	1.31928	1.32018			6
2025.10.30	00:12:00.215	1.31928				2
2025.10.30	00:12:48.794		1.32018			4
2025.10.30	00:13:00.210	1.31928				2
2025.10.30	00:13:17.814	1.31925	1.32015			6
2025.10.30	00:13:38.759	1.31859	1.31982			6
2025.10.30	00:14:00.024	1.31859				2
2025.10.30	00:14:38.952		1.31982			4
2025.10.30	00:15:00.227	1.31859				2
2025.10.30	00:15:11.331	1.31910	1.32000			6
2025.10.30	00:16:00.090	1.31910				2
2025.10.30	00:16:11.531		1.32000			4
2025.10.30	00:17:00.045	1.31910				2
2025.10.30	00:17:11.746		1.32000			4
2025.10.30	00:18:00.073	1.31910				2
2025.10.30	00:18:11.830		1.32000			4
2025.10.30	00:19:00.213	1.31910				2
2025.10.30	00:19:11.958		1.32000			4
2025.10.30	00:20:00.104	1.31910				2
2025.10.30	00:20:00.413	1.31869	1.32041			6
2025.10.30	00:21:00.260	1.31869				2
2025.10.30	00:21:00.574		1.32041			4
2025.10.30	00:22:00.147	1.31869				2
2025.10.30	00:22:00.766		1.32041			4
2025.10.30	00:23:00.085	1.31869				2
2025.10.30	00:23:01.014		1.32041			4
2025.10.30	00:23:51.989	1.31882	1.32032			6
2025.10.30	00:24:00.024	1.31882				2
2025.10.30	00:24:12.307		1.32036			4
2025.10.30	00:24:20.042		1.31999			4
2025.10.30	00:24:30.227		1.32036			4
2025.10.30	00:24:40.381		1.32029			4
2025.10.30	00:24:50.513		1.32028			4
2025.10.30	00:24:50.823		1.32036			4
2025.10.30	00:24:52.058		1.32033			4
2025.10.30	00:25:00.060	1.31882				2
2025.10.30	00:25:16.105	1.31874	1.32037			6
2025.10.30	00:25:45.374	1.31881	1.32033			6
2025.10.30	00:26:00.149	1.31881				2
2025.10.30	00:26:45.360	1.31882	1.32034			6
2025.10.30	00:27:00.177	1.31882				2
2025.10.30	00:27:45.219		1.32035			4
2025.10.30	00:28:00.048	1.31882				2
2025.10.30	00:28:45.460		1.32035			4
2025.10.30	00:29:00.259	1.31882				2
2025.10.30	00:29:45.233		1.32034			4
2025.10.30	00:30:00.000	1.31882				2
2025.10.30	00:30:45.262	1.31883	1.32030			6
2025.10.30	00:31:00.043	1.31883				2
2025.10.30	00:31:01.285	1.31880	1.32039			6
2025.10.30	00:31:13.293	1.31874				2
2025.10.30	00:31:20.072	1.31880				2
2025.10.30	00:31:47.841		1.32030			4
2025.10.30	00:31:53.237	1.31882	1.32031			6
2025.10.30	00:31:53.846	1.31886				2
2025.10.30	00:31:56.631	1.31891	1.32022			6
2025.10.30	00:31:59.083	1.31893				2
2025.10.30	00:32:00.300	1.31893				2
2025.10.30	00:32:28.736	1.31891				2
2025.10.30	00:32:29.046	1.31892				2
2025.10.30	00:32:56.884		1.32022			4
2025.10.30	00:33:00.283	1.31892				2
2025.10.30	00:33:28.686	1.31893				2
2025.10.30	00:33:33.626	1.31894				2
2025.10.30	00:33:36.407	1.31893				2
2025.10.30	00:33:38.256	1.31897				2
2025.10.30	00:33:41.658	1.31898				2
2025.10.30	00:33:43.201	1.31895				2
2025.10.30	00:33:45.686	1.31896				2
2025.10.30	00:33:47.851	1.31891				2
2025.10.30	00:33:53.245		1.32019			4
2025.10.30	00:33:54.110		1.32017			4
2025.10.30	00:33:59.468		1.32016			4
2025.10.30	00:34:00.368	1.31891				2
2025.10.30	00:34:06.608		1.32017			4
2025.10.30	00:34:07.196		1.32021			4
2025.10.30	00:34:08.630		1.32022			4
2025.10.30	00:34:11.277		1.32021			4
2025.10.30	00:34:12.326		1.32020			4
2025.10.30	00:34:18.803		1.32019			4
2025.10.30	00:34:25.869		1.32018			4
2025.10.30	00:34:28.528		1.32022			4
2025.10.30	00:34:31.008		1.32020			4
2025.10.30	00:34:36.371		1.32019			4
2025.10.30	00:34:36.682		1.32018			4
2025.10.30	00:34:37.868		1.32017			4
2025.10.30	00:34:48.969		1.32016			4
2025.10.30	00:34:53.285		1.32014			4
2025.10.30	00:34:54.826		1.32012			4
2025.10.30	00:34:56.704		1.32011			4
2025.10.30	00:35:00.112	1.31891				2
2025.10.30	00:35:01.658		1.32006			4
2025.10.30	00:35:20.767		1.32002			4
2025.10.30	00:36:01.269	1.31891				2
2025.10.30	00:36:21.033		1.32006			4
2025.10.30	00:36:25.011	1.31895				2
2025.10.30	00:37:02.467	1.31895				2
2025.10.30	00:37:08.060	1.31899	1.31999			6
2025.10.30	00:38:00.494	1.31899				2
2025.10.30	00:38:08.019	1.31897	1.31997			6
2025.10.30	00:38:12.258	1.31894	1.31994			6
2025.10.30	00:38:14.362	1.31899				2
2025.10.30	00:38:17.371	1.31897				2
2025.10.30	00:38:17.986	1.31898				2
2025.10.30	00:38:18.289		1.31998			4
2025.10.30	00:38:20.443		1.31992			4
2025.10.30	00:38:22.892		1.31993			4
2025.10.30	00:38:28.115	1.31897				2
2025.10.30	00:38:30.125	1.31896				2
2025.10.30	00:38:52.346		1.31992			4
2025.10.30	00:38:53.277		1.31991			4
2025.10.30	00:38:54.198		1.31993			4
2025.10.30	00:39:00.076	1.31896				2
2025.10.30	00:39:12.104	1.31789	1.31990			6
2025.10.30	00:39:12.414	1.31809	1.32010			6
2025.10.30	00:39:12.725	1.31788	1.31989			6
2025.10.30	00:39:13.953	1.31789	1.31990			6
2025.10.30	00:39:14.262	1.31788	1.31989			6
2025.10.30	00:39:14.570	1.31787	1.31988			6
2025.10.30	00:39:14.877	1.31784	1.31985			6
2025.10.30	00:39:15.187	1.31792	1.31993			6
2025.10.30	00:39:15.497	1.31789	1.31990			6
2025.10.30	00:39:15.809	1.31784	1.31985			6
2025.10.30	00:39:16.425	1.31793	1.31994			6
2025.10.30	00:39:17.039	1.31792	1.31993			6
2025.10.30	00:39:17.658	1.31791	1.31992			6
2025.10.30	00:39:18.273	1.31786	1.31987			6
2025.10.30	00:39:18.892	1.31784	1.31985			6
2025.10.30	00:39:19.199	1.31777	1.31969			6
2025.10.30	00:39:19.508	1.31776				2
2025.10.30	00:39:19.816		1.31967			4
2025.10.30	00:39:21.677	1.31775				2
2025.10.30	00:39:21.978	1.31776				2
2025.10.30	00:39:23.214		1.31969			4
2025.10.30	00:39:24.766		1.31971			4
2025.10.30	00:39:29.109		1.31972			4
2025.10.30	00:39:29.412		1.31973			4
2025.10.30	00:39:30.027		1.31971			4
2025.10.30	00:39:30.957	1.31788	1.31970			6
2025.10.30	00:39:32.804	1.31789				2
2025.10.30	00:39:33.113	1.31788				2
2025.10.30	00:39:33.423	1.31769				2
2025.10.30	00:39:34.350	1.31770	1.31971			6
2025.10.30	00:39:36.203	1.31790				2
2025.10.30	00:39:37.746	1.31783				2
2025.10.30	00:39:38.050	1.31784				2
2025.10.30	00:39:38.982	1.31785				2
2025.10.30	00:39:39.599		1.31972			4
2025.10.30	00:39:39.910		1.31973			4
2025.10.30	00:39:41.147	1.31783	1.31970			6
2025.10.30	00:39:41.457		1.31969			4
2025.10.30	00:39:41.766	1.31781				2
2025.10.30	00:39:42.387		1.31971			4
2025.10.30	00:39:43.628		1.31967			4
2025.10.30	00:39:44.244		1.31972			4
2025.10.30	00:39:44.864		1.31975			4
2025.10.30	00:39:45.479		1.31969			4
2025.10.30	00:39:47.029		1.31970			4
2025.10.30	00:39:47.337		1.31969			4
2025.10.30	00:39:47.645		1.31971			4
2025.10.30	00:39:48.268		1.31969			4
2025.10.30	00:39:49.816		1.31968			4
2025.10.30	00:39:50.120		1.31967			4
2025.10.30	00:39:50.427		1.31969			4
2025.10.30	00:39:50.736		1.31970			4
2025.10.30	00:39:51.045		1.31971			4
2025.10.30	00:39:51.352		1.31969			4
2025.10.30	00:39:54.134		1.31968			4
2025.10.30	00:39:59.681		1.31967			4
2025.10.30	00:40:00.297	1.31781	1.31968			6
2025.10.30	00:40:01.849	1.31782				2
2025.10.30	00:40:02.159	1.31774	1.31975			6
2025.10.30	00:40:02.471	1.31775	1.31976			6
2025.10.30	00:40:03.089	1.31780	1.31973			6
2025.10.30	00:40:03.394		1.31977			4
2025.10.30	00:40:04.012		1.31972			4
2025.10.30	00:40:04.320		1.31976			4
2025.10.30	00:40:05.245	1.31785	1.31981			6
2025.10.30	00:40:05.554		1.31977			4
2025.10.30	00:40:06.481	1.31781	1.31982			6
2025.10.30	00:40:06.787	1.31783	1.31981			6
2025.10.30	00:40:07.412		1.31977			4
2025.10.30	00:40:08.025		1.31975			4
2025.10.30	00:40:09.260		1.31976			4
2025.10.30	00:40:11.116		1.31973			4
2025.10.30	00:40:11.733		1.31976			4
2025.10.30	00:40:14.210		1.31981			4
2025.10.30	00:40:16.386		1.31979			4
2025.10.30	00:40:17.005		1.31978			4
2025.10.30	00:40:19.186		1.31980			4
2025.10.30	00:40:19.491		1.31981			4
2025.10.30	00:40:19.798	1.31784	1.31985			6
2025.10.30	00:40:20.110	1.31783	1.31981			6
2025.10.30	00:40:20.729	1.31784	1.31985			6
2025.10.30	00:40:21.038	1.31783	1.31981			6
2025.10.30	00:40:21.346		1.31980			4
2025.10.30	00:40:21.961		1.31983			4
2025.10.30	00:40:22.272		1.31979			4
2025.10.30	00:40:22.885		1.31980			4
2025.10.30	00:40:23.198		1.31979			4
2025.10.30	00:40:25.666	1.31785				2
2025.10.30	00:40:26.896	1.31796	1.31972			6
2025.10.30	00:40:32.089	1.31802	1.31974			6
2025.10.30	00:40:32.389		1.31973			4
2025.10.30	00:40:35.485	1.31797	1.31975			6
2025.10.30	00:40:38.896		1.31976			4
2025.10.30	00:40:39.212		1.31975			4
2025.10.30	00:40:40.443	1.31792	1.31973			6
2025.10.30	00:40:40.747		1.31972			4
2025.10.30	00:40:45.188	1.31787	1.31957			6
2025.10.30	00:40:49.800	1.31782	1.31952			6
2025.10.30	00:40:57.552	1.31821	1.31913			6
2025.10.30	00:40:58.173	1.31777	1.31937			6
2025.10.30	00:41:00.600	1.31810	1.31925			6
2025.10.30	00:41:00.903	1.31814	1.31924			6
2025.10.30	00:41:01.206	1.31816	1.31917			6
2025.10.30	00:41:01.512	1.31806	1.31926			6
2025.10.30	00:41:01.821		1.31924			4
2025.10.30	00:41:02.122	1.31816	1.31918			6
2025.10.30	00:41:02.424	1.31824	1.31920			6
2025.10.30	00:41:03.656	1.31811	1.31921			6
2025.10.30	00:41:04.272	1.31815	1.31922			6
2025.10.30	00:41:04.574	1.31809	1.31925			6
2025.10.30	00:41:04.880		1.31923			4
2025.10.30	00:41:06.110	1.31808	1.31926			6
2025.10.30	00:41:06.419	1.31807	1.31928			6
2025.10.30	00:41:06.725	1.31802	1.31924			6
2025.10.30	00:41:07.036	1.31803	1.31925			6
2025.10.30	00:41:07.645		1.31924			4
2025.10.30	00:41:08.255	1.31823	1.31918			6
2025.10.30	00:41:08.561	1.31818				2
2025.10.30	00:41:09.175	1.31814				2
2025.10.30	00:41:11.330	1.31806	1.31916			6
2025.10.30	00:41:11.940		1.31914			4
2025.10.30	00:41:12.243	1.31807	1.31916			6
2025.10.30	00:41:12.851	1.31812	1.31918			6
2025.10.30	00:41:14.382	1.31818				2
2025.10.30	00:41:16.221	1.31821				2
2025.10.30	00:41:16.522	1.31823				2
2025.10.30	00:41:16.829	1.31814				2
2025.10.30	00:41:17.135	1.31815				2
2025.10.30	00:41:17.444	1.31818				2
2025.10.30	00:41:17.755	1.31819				2
2025.10.30	00:41:18.058	1.31815				2
2025.10.30	00:41:18.365	1.31868	1.31941			6
2025.10.30	00:41:18.931		1.31946			4
2025.10.30	00:41:19.324	1.31877	1.31950			6
2025.10.30	00:41:20.245		1.31945			4
2025.10.30	00:41:22.421	1.31881	1.31955			6
2025.10.30	00:41:22.959		1.31954			4
2025.10.30	00:41:23.827	1.31830	1.31946			6
2025.10.30	00:41:24.127	1.31824	1.31938			6
2025.10.30	00:41:24.434	1.31817	1.31937			6
2025.10.30	00:41:24.734	1.31822	1.31934			6
2025.10.30	00:41:25.356	1.31825	1.31941			6
2025.10.30	00:41:25.663	1.31822	1.31943			6
2025.10.30	00:41:25.968	1.31820	1.31935			6
2025.10.30	00:41:26.278	1.31814				2
2025.10.30	00:41:26.583	1.31818	1.31931			6
2025.10.30	00:41:27.202	1.31816	1.31934			6
2025.10.30	00:41:27.504	1.31812	1.31927			6
2025.10.30	00:41:27.809	1.31810				2
2025.10.30	00:41:28.116	1.31809				2
2025.10.30	00:41:29.343	1.31807				2
2025.10.30	00:41:30.564	1.31814				2
2025.10.30	00:41:30.874	1.31806	1.31922			6
2025.10.30	00:41:31.179	1.31809	1.31925			6
2025.10.30	00:41:31.482	1.31808	1.31924			6
2025.10.30	00:41:32.097	1.31812				2
2025.10.30	00:41:32.404	1.31808	1.31923			6
2025.10.30	00:41:32.707	1.31806				2
2025.10.30	00:41:33.012	1.31812	1.31922			6
2025.10.30	00:41:33.320	1.31810	1.31924			6
2025.10.30	00:41:33.630	1.31809	1.31923			6
2025.10.30	00:41:33.935	1.31812	1.31924			6
2025.10.30	00:41:34.241	1.31819				2
2025.10.30	00:41:34.850	1.31807	1.31913			6
2025.10.30	00:41:35.163	1.31802	1.31925			6
2025.10.30	00:41:35.473	1.31801	1.31921			6
2025.10.30	00:41:35.775	1.31855	1.31929			6
2025.10.30	00:41:36.078	1.31879	1.31941			6
2025.10.30	00:41:37.304	1.31815	1.31936			6
2025.10.30	00:41:37.617	1.31819	1.31934			6
2025.10.30	00:41:37.919	1.31820	1.31933			6
2025.10.30	00:41:38.831	1.31819	1.31934			6
2025.10.30	00:41:39.135	1.31820	1.31933			6
2025.10.30	00:41:40.666	1.31817	1.31930			6
2025.10.30	00:41:41.877	1.31816	1.31931			6
2025.10.30	00:41:42.181	1.31821	1.31936			6
2025.10.30	00:41:42.487	1.31823	1.31934			6
2025.10.30	00:41:42.793	1.31821	1.31933			6
2025.10.30	00:41:43.096	1.31820				2
2025.10.30	00:41:43.398	1.31816				2
2025.10.30	00:41:43.708	1.31817	1.31932			6
2025.10.30	00:41:44.016		1.31933			4
2025.10.30	00:41:44.319	1.31816	1.31932			6
2025.10.30	00:41:44.623	1.31818	1.31933			6
2025.10.30	00:41:44.925	1.31832	1.31934			6
2025.10.30	00:41:45.233	1.31822	1.31932			6
2025.10.30	00:41:45.544	1.31821	1.31934			6
2025.10.30	00:41:45.846	1.31826	1.31935			6
2025.10.30	00:41:46.156	1.31822	1.31934			6
2025.10.30	00:41:46.467	1.31820				2
2025.10.30	00:41:46.770	1.31831	1.31932			6
2025.10.30	00:41:47.075	1.31830	1.31930			6
2025.10.30	00:41:47.996	1.31826	1.31928			6
2025.10.30	00:41:48.297	1.31817	1.31934			6
2025.10.30	00:41:48.598	1.31815				2
2025.10.30	00:41:50.128		1.31935			4
2025.10.30	00:41:51.352	1.31813	1.31931			6
2025.10.30	00:41:51.657	1.31821	1.31934			6
2025.10.30	00:41:51.965	1.31816	1.31933			6
2025.10.30	00:41:52.269	1.31824	1.31929			6
2025.10.30	00:41:52.572	1.31812	1.31935			6
2025.10.30	00:41:53.178	1.31813	1.31934			6
2025.10.30	00:41:53.484		1.31933			4
2025.10.30	00:41:53.792	1.31815	1.31934			6
2025.10.30	00:41:54.103	1.31814				2
2025.10.30	00:41:54.409	1.31813	1.31931			6
2025.10.30	00:41:54.719	1.31814	1.31935			6
2025.10.30	00:41:55.020		1.31932			4
2025.10.30	00:41:55.321	1.31813	1.31930			6
2025.10.30	00:41:55.943	1.31811	1.31927			6
2025.10.30	00:41:56.246	1.31813	1.31929			6
2025.10.30	00:41:56.551	1.31812	1.31928			6
2025.10.30	00:41:56.856	1.31818	1.31930			6
2025.10.30	00:41:57.161	1.31813	1.31933			6
2025.10.30	00:41:57.474	1.31818	1.31936			6
2025.10.30	00:41:57.776	1.31827				2
2025.10.30	00:41:58.086	1.31820				2
2025.10.30	00:41:58.397	1.31818				2
2025.10.30	00:41:58.697	1.31828				2
2025.10.30	00:41:59.003	1.31818				2
2025.10.30	00:41:59.304	1.31828				2
2025.10.30	00:41:59.617		1.31939			4
2025.10.30	00:41:59.919	1.31817	1.31940			6
2025.10.30	00:42:00.220	1.31830	1.31942			6
2025.10.30	00:42:00.525	1.31828	1.31947			6
2025.10.30	00:42:00.828	1.31822	1.31944			6
2025.10.30	00:42:01.133	1.31833				2
2025.10.30	00:42:01.440	1.31842	1.31948			6
2025.10.30	00:42:01.742	1.31831	1.31961			6
2025.10.30	00:42:02.049	1.31849	1.31956			6
2025.10.30	00:42:02.353	1.31828	1.31945			6
2025.10.30	00:42:02.660	1.31832	1.31967			6
2025.10.30	00:42:02.977	1.31825	1.31965			6
2025.10.30	00:42:03.281	1.31829	1.31937			6
2025.10.30	00:42:03.582	1.31790	1.31990			6
2025.10.30	00:42:03.898	1.31841	1.31953			6
2025.10.30	00:42:04.206	1.31840	1.31956			6
2025.10.30	00:42:04.508	1.31836	1.31978			6
2025.10.30	00:42:04.818	1.31844	1.31958			6
2025.10.30	00:42:05.120	1.31839	1.31939			6
2025.10.30	00:42:05.429	1.31821	1.31980			6
2025.10.30	00:42:05.746	1.31842	1.31954			6
2025.10.30	00:42:06.055	1.31835	1.31955			6
2025.10.30	00:42:06.365		1.31951			4
2025.10.30	00:42:06.677	1.31836	1.31950			6
2025.10.30	00:42:06.989	1.31843	1.31955			6
2025.10.30	00:42:07.293	1.31835	1.31965			6
2025.10.30	00:42:07.611	1.31841	1.31954			6
2025.10.30	00:42:07.924	1.31840	1.31956			6
2025.10.30	00:42:08.228	1.31841	1.31954			6
2025.10.30	00:42:08.532	1.31839	1.31956			6
2025.10.30	00:42:08.834	1.31838	1.31958			6
2025.10.30	00:42:09.140	1.31837	1.31960			6
2025.10.30	00:42:09.458	1.31838				2
2025.10.30	00:42:10.078		1.31959			4
2025.10.30	00:42:11.598	1.31835	1.31941			6
2025.10.30	00:42:11.907	1.31841	1.31948			6
2025.10.30	00:42:12.212	1.31839				2
2025.10.30	00:42:12.516		1.31946			4
2025.10.30	00:42:12.827	1.31837	1.31951			6
2025.10.30	00:42:13.135	1.31838	1.31954			6
2025.10.30	00:42:13.439	1.31840	1.31952			6
2025.10.30	00:42:13.744	1.31839	1.31956			6
2025.10.30	00:42:14.048		1.31950			4
2025.10.30	00:42:15.887	1.31840				2
2025.10.30	00:42:20.157	1.31841				2
2025.10.30	00:42:20.766	1.31830	1.31957			6
2025.10.30	00:42:21.078	1.31839	1.31967			6
2025.10.30	00:42:21.386	1.31841	1.31941			6
2025.10.30	00:42:21.690	1.31842	1.31939			6
2025.10.30	00:42:21.999	1.31841	1.31940			6
2025.10.30	00:42:22.300	1.31833	1.31945			6
2025.10.30	00:42:22.603	1.31840	1.31936			6
2025.10.30	00:42:22.918		1.31939			4
2025.10.30	00:42:24.768	1.31829	1.31950			6
2025.10.30	00:42:25.074	1.31832	1.31949			6
2025.10.30	00:42:25.382	1.31836	1.31947			6
2025.10.30	00:42:25.683	1.31840	1.31943			6
2025.10.30	00:42:25.991	1.31833	1.31942			6
2025.10.30	00:42:26.299	1.31842	1.31944			6
2025.10.30	00:42:26.610	1.31843	1.31942			6
2025.10.30	00:42:27.221	1.31839	1.31944			6
2025.10.30	00:42:27.530	1.31835	1.31946			6
2025.10.30	00:42:27.840	1.31834	1.31942			6
2025.10.30	00:42:28.445	1.31829	1.31945			6
2025.10.30	00:42:28.747	1.31840				2
2025.10.30	00:42:29.050	1.31839				2
2025.10.30	00:42:29.662	1.31840				2
2025.10.30	00:42:29.967	1.31837	1.31951			6
2025.10.30	00:42:30.893	1.31833				2
2025.10.30	00:42:31.201	1.31834	1.31953			6
2025.10.30	00:42:31.512	1.31835	1.31960			6
2025.10.30	00:42:31.820	1.31832	1.31961			6
2025.10.30	00:42:32.134	1.31834	1.31959			6
2025.10.30	00:42:32.441		1.31958			4
2025.10.30	00:42:33.053	1.31831	1.31961			6
2025.10.30	00:42:33.364	1.31835	1.31960			6
2025.10.30	00:42:33.673	1.31836	1.31957			6
2025.10.30	00:42:33.987	1.31838				2
2025.10.30	00:42:34.290	1.31834	1.31959			6
2025.10.30	00:42:34.597	1.31839	1.31957			6
2025.10.30	00:42:34.912	1.31838	1.31955			6
2025.10.30	00:42:35.219		1.31956			4
2025.10.30	00:42:36.141	1.31837	1.31957			6
2025.10.30	00:42:36.453	1.31838	1.31958			6
2025.10.30	00:42:37.065	1.31835	1.31959			6
2025.10.30	00:42:37.995	1.31836	1.31958			6
2025.10.30	00:42:38.307	1.31833	1.31959			6
2025.10.30	00:42:38.608	1.31835	1.31948			6
2025.10.30	00:42:38.921	1.31836	1.31949			6
2025.10.30	00:42:39.235	1.31834	1.31953			6
2025.10.30	00:42:39.544	1.31833				2
2025.10.30	00:42:39.853	1.31832	1.31954			6
2025.10.30	00:42:40.161	1.31833	1.31955			6
2025.10.30	00:42:40.780	1.31832				2
2025.10.30	00:42:41.080	1.31833				2
2025.10.30	00:42:41.401	1.31834	1.31950			6
2025.10.30	00:42:42.023	1.31835				2
2025.10.30	00:42:42.642		1.31951			4
2025.10.30	00:42:42.953	1.31837	1.31957			6
2025.10.30	00:42:43.261	1.31836	1.31956			6
2025.10.30	00:42:43.577	1.31837	1.31955			6
2025.10.30	00:42:43.888	1.31836	1.31954			6
2025.10.30	00:42:44.192	1.31840	1.31947			6
2025.10.30	00:42:44.499		1.31945			4
2025.10.30	00:42:44.804	1.31838				2
2025.10.30	00:42:45.109	1.31839	1.31946			6
2025.10.30	00:42:46.023	1.31837	1.31948			6
2025.10.30	00:42:46.330	1.31838	1.31946			6
2025.10.30	00:42:46.634	1.31835	1.31949			6
2025.10.30	00:42:46.944	1.31839	1.31948			6
2025.10.30	00:42:47.245	1.31836				2
2025.10.30	00:42:47.560	1.31838	1.31949			6
2025.10.30	00:42:47.878	1.31837	1.31947			6
2025.10.30	00:42:48.490	1.31836	1.31948			6
2025.10.30	00:42:49.115	1.31838	1.31949			6
2025.10.30	00:42:50.658	1.31839	1.31948			6
2025.10.30	00:42:50.960	1.31841	1.31944			6
2025.10.30	00:42:51.268	1.31840				2
2025.10.30	00:42:51.571	1.31841				2
2025.10.30	00:42:52.493	1.31839	1.31935			6
2025.10.30	00:42:52.794	1.31842				2
2025.10.30	00:42:53.409		1.31937			4
2025.10.30	00:42:53.717	1.31837	1.31931			6
2025.10.30	00:42:54.021	1.31839	1.31932			6
2025.10.30	00:42:54.623	1.31840	1.31950			6
2025.10.30	00:42:54.931	1.31841	1.31947			6
2025.10.30	00:42:55.846	1.31839	1.31948			6
2025.10.30	00:42:56.164	1.31841	1.31946			6
2025.10.30	00:42:58.938	1.31838	1.31947			6
2025.10.30	00:42:59.554	1.31845	1.31942			6
2025.10.30	00:42:59.863	1.31843	1.31944			6
2025.10.30	00:43:00.165	1.31844				2
2025.10.30	00:43:01.088		1.31943			4
2025.10.30	00:43:01.702	1.31842	1.31946			6
2025.10.30	00:43:02.612	1.31846				2
2025.10.30	00:43:02.923	1.31843				2
2025.10.30	00:43:04.158	1.31842	1.31949			6
2025.10.30	00:43:05.405	1.31843	1.31948			6
2025.10.30	00:43:05.707	1.31845	1.31950			6
2025.10.30	00:43:06.015	1.31846	1.31949			6
2025.10.30	00:43:06.315	1.31840	1.31945			6
2025.10.30	00:43:06.632	1.31842	1.31946			6
2025.10.30	00:43:09.077	1.31841	1.31951			6
2025.10.30	00:43:09.394	1.31843				2
2025.10.30	00:43:09.703	1.31844	1.31954			6
2025.10.30	00:43:10.010	1.31846	1.31953			6
2025.10.30	00:43:10.633		1.31954			4
2025.10.30	00:43:12.173	1.31845	1.31947			6
2025.10.30	00:43:12.482		1.31949			4
2025.10.30	00:43:13.710	1.31841	1.31951			6
2025.10.30	00:43:14.022		1.31949			4
2025.10.30	00:43:14.941	1.31842	1.31947			6
2025.10.30	00:43:15.567	1.31841	1.31951			6
2025.10.30	00:43:16.496	1.31846	1.31948			6
2025.10.30	00:43:16.803	1.31844				2
2025.10.30	00:43:17.104	1.31845				2
2025.10.30	00:43:17.415	1.31842	1.31952			6
2025.10.30	00:43:17.726		1.31950			4
2025.10.30	00:43:18.035	1.31845	1.31953			6
2025.10.30	00:43:18.344	1.31843	1.31951			6
2025.10.30	00:43:18.655	1.31845				2
2025.10.30	00:43:19.275	1.31848	1.31955			6
2025.10.30	00:43:19.892	1.31845	1.31953			6
2025.10.30	00:43:20.206	1.31844	1.31954			6
2025.10.30	00:43:21.437	1.31845				2
2025.10.30	00:43:22.671		1.31949			4
2025.10.30	00:43:23.291		1.31948			4
2025.10.30	00:43:25.143	1.31847	1.31949			6
2025.10.30	00:43:25.451	1.31848	1.31948			6
2025.10.30	00:43:26.055	1.31850	1.31947			6
2025.10.30	00:43:26.982	1.31851				2
2025.10.30	00:43:28.209	1.31848	1.31950			6
2025.10.30	00:43:29.144	1.31847				2
2025.10.30	00:43:29.450	1.31852	1.31942			6
2025.10.30	00:43:31.572	1.31853	1.31943			6
2025.10.30	00:43:31.886	1.31848	1.31946			6
2025.10.30	00:43:32.193	1.31849	1.31944			6
2025.10.30	00:43:34.666	1.31842	1.31932			6
2025.10.30	00:43:36.493	1.31841	1.31931			6
2025.10.30	00:43:37.102	1.31845	1.31935			6
2025.10.30	00:43:38.632	1.31849	1.31939			6
2025.10.30	00:43:39.250	1.31848	1.31938			6
2025.10.30	00:43:39.560	1.31847	1.31937			6
2025.10.30	00:43:41.991	1.31843	1.31933			6
2025.10.30	00:43:42.292	1.31841	1.31931			6
2025.10.30	00:43:44.423	1.31839	1.31930			6
2025.10.30	00:43:44.725	1.31838	1.31929			6
2025.10.30	00:43:45.963	1.31881	1.31938			6
2025.10.30	00:43:46.345		1.31942			4
2025.10.30	00:43:47.026	1.31885	1.31946			6
2025.10.30	00:43:47.508		1.31948			4
2025.10.30	00:43:48.367		1.31949			4
2025.10.30	00:43:50.133	1.31888	1.31955			6
2025.10.30	00:43:57.047	1.31891	1.31958			6
2025.10.30	00:43:57.588	1.31894	1.31965			6
2025.10.30	00:43:58.503		1.31967			4
2025.10.30	00:44:00.072	1.31894				2
2025.10.30	00:44:01.867	1.31898	1.31970			6
2025.10.30	00:44:02.169		1.31971			4
2025.10.30	00:44:03.097	1.31897				2
2025.10.30	00:44:03.405		1.31970			4
2025.10.30	00:44:04.029		1.31969			4
2025.10.30	00:44:07.102	1.31894	1.31966			6
2025.10.30	00:44:19.612	1.31861	1.31960			6
2025.10.30	00:44:19.916	1.31858	1.31948			6
2025.10.30	00:44:20.221	1.31852	1.31942			6
2025.10.30	00:44:20.535	1.31853	1.31943			6
2025.10.30	00:44:21.454	1.31854	1.31944			6
2025.10.30	00:44:21.760	1.31852	1.31942			6
2025.10.30	00:44:22.065	1.31856	1.31946			6
2025.10.30	00:44:22.373	1.31854	1.31944			6
2025.10.30	00:44:22.682	1.31853	1.31943			6
2025.10.30	00:44:23.297	1.31852	1.31942			6
2025.10.30	00:44:25.461	1.31850	1.31940			6
2025.10.30	00:44:25.767	1.31852	1.31942			6
2025.10.30	00:44:26.387	1.31851	1.31941			6
2025.10.30	00:44:26.697	1.31848	1.31938			6
2025.10.30	00:44:27.003	1.31853	1.31943			6
2025.10.30	00:44:27.317	1.31851	1.31941			6
2025.10.30	00:44:29.478	1.31843	1.31933			6
2025.10.30	00:44:29.790	1.31849	1.31939			6
2025.10.30	00:44:35.351	1.31836	1.31926			6
2025.10.30	00:44:35.661	1.31844	1.31934			6
2025.10.30	00:44:35.968	1.31843	1.31933			6
2025.10.30	00:44:36.587	1.31840	1.31930			6
2025.10.30	00:44:37.517	1.31837	1.31927			6
2025.10.30	00:44:38.134	1.31844	1.31934			6
2025.10.30	00:44:38.751	1.31842	1.31932			6
2025.10.30	00:44:39.981	1.31841	1.31931			6
2025.10.30	00:44:40.288	1.31845	1.31935			6
2025.10.30	00:44:40.598	1.31833	1.31923			6
2025.10.30	00:44:40.909	1.31835	1.31925			6
2025.10.30	00:44:41.217	1.31891	1.31944			6
2025.10.30	00:44:41.520		1.31948			4
2025.10.30	00:44:42.133	1.31843	1.31935			6
2025.10.30	00:44:42.444	1.31839	1.31929			6
2025.10.30	00:44:42.752	1.31831	1.31927			6
2025.10.30	00:44:43.062	1.31830				2
2025.10.30	00:44:43.370		1.31928			4
2025.10.30	00:44:43.987	1.31829	1.31925			6
2025.10.30	00:44:44.297		1.31926			4
2025.10.30	00:44:44.606	1.31891	1.31949			6
2025.10.30	00:44:45.760	1.31844	1.31936			6
2025.10.30	00:44:46.080	1.31835	1.31934			6
2025.10.30	00:44:46.388		1.31927			4
2025.10.30	00:44:46.696		1.31929			4
2025.10.30	00:44:47.008	1.31845	1.31935			6
2025.10.30	00:44:47.319	1.31838	1.31929			6
2025.10.30	00:44:47.620	1.31836	1.31926			6
2025.10.30	00:44:47.928	1.31834	1.31928			6
2025.10.30	00:44:48.547	1.31838	1.31932			6
2025.10.30	00:44:49.164		1.31935			4
2025.10.30	00:44:49.470	1.31892	1.31947			6
2025.10.30	00:44:49.867		1.31951			4
2025.10.30	00:44:50.347		1.31955			4
2025.10.30	00:44:50.736	1.31852	1.31942			6
2025.10.30	00:44:51.052	1.31847	1.31937			6
2025.10.30	00:44:51.363	1.31846	1.31936			6
2025.10.30	00:44:51.971	1.31845	1.31935			6
2025.10.30	00:44:53.510	1.31843	1.31933			6
2025.10.30	00:44:53.824	1.31831	1.31927			6
2025.10.30	00:44:54.128	1.31832	1.31922			6
2025.10.30	00:44:54.435	1.31842	1.31932			6
2025.10.30	00:44:54.740	1.31841	1.31931			6
2025.10.30	00:44:55.053	1.31844	1.31933			6
2025.10.30	00:44:55.361	1.31847				2
2025.10.30	00:44:55.671	1.31846				2
2025.10.30	00:44:55.976	1.31844	1.31934			6
2025.10.30	00:44:57.209	1.31848	1.31940			6
2025.10.30	00:44:57.515	1.31850				2
2025.10.30	00:44:57.822	1.31846	1.31936			6
2025.10.30	00:44:58.127	1.31848				2
2025.10.30	00:44:58.437	1.31846				2
2025.10.30	00:44:58.744	1.31843				2
2025.10.30	00:44:59.051	1.31839				2
2025.10.30	00:44:59.356	1.31837	1.31935			6
2025.10.30	00:44:59.668	1.31839				2
2025.10.30	00:44:59.973	1.31840	1.31938			6
2025.10.30	00:45:00.281	1.31839				2
2025.10.30	00:45:02.766		1.31934			4
2025.10.30	00:45:03.688	1.31837	1.31932			6
2025.10.30	00:45:03.996	1.31847	1.31937			6
2025.10.30	00:45:04.311	1.31849	1.31939			6
2025.10.30	00:45:04.614	1.31850	1.31940			6
2025.10.30	00:45:04.933	1.31847	1.31937			6
2025.10.30	00:45:07.077	1.31842	1.31936			6
2025.10.30	00:45:07.698	1.31845	1.31935			6
2025.10.30	00:45:08.003	1.31846	1.31936			6
2025.10.30	00:45:08.619	1.31847	1.31938			6
2025.10.30	00:45:08.933	1.31843	1.31933			6
2025.10.30	00:45:11.162	1.31859	1.31917			6
2025.10.30	00:45:13.574	1.31861	1.31918			6
2025.10.30	00:45:13.894	1.31865				2
2025.10.30	00:45:14.506	1.31864				2
2025.10.30	00:45:14.812	1.31865				2
2025.10.30	00:45:15.123	1.31867				2
2025.10.30	00:45:15.427	1.31866	1.31924			6
2025.10.30	00:45:16.968	1.31865	1.31923			6
2025.10.30	00:45:17.277	1.31864	1.31922			6
2025.10.30	00:45:17.583	1.31866	1.31924			6
2025.10.30	00:45:18.514	1.31863	1.31921			6
2025.10.30	00:45:19.436	1.31868	1.31926			6
2025.10.30	00:45:19.743	1.31865	1.31923			6
2025.10.30	00:45:22.833	1.31866	1.31924			6
2025.10.30	00:45:23.450	1.31941	1.31965			6
2025.10.30	00:45:23.759	1.31938	1.31961			6
2025.10.30	00:45:24.685		1.31964			4
2025.10.30	00:45:25.000		1.31963			4
2025.10.30	00:45:25.622		1.31968			4
2025.10.30	00:45:26.236		1.31970			4
2025.10.30	00:45:27.169		1.31969			4
2025.10.30	00:45:28.717		1.31968			4
2025.10.30	00:45:29.035		1.31969			4
2025.10.30	00:45:29.343	1.31940	1.31968			6
2025.10.30	00:45:29.652		1.31969			4
2025.10.30	00:45:30.267		1.31970			4
2025.10.30	00:45:30.574	1.31945				2
2025.10.30	00:45:30.881	1.31946	1.31987			6
2025.10.30	00:45:31.192		1.31989			4
2025.10.30	00:45:33.983	1.31939	1.31988			6
2025.10.30	00:45:34.287	1.31936	1.31987			6
2025.10.30	00:45:34.597	1.31939	1.31988			6
2025.10.30	00:45:35.211	1.31946	1.31994			6
2025.10.30	00:45:35.519	1.31949	1.31998			6
2025.10.30	00:45:35.831		1.31997			4
2025.10.30	00:45:36.454		1.31999			4
2025.10.30	00:45:37.693		1.32001			4
2025.10.30	00:45:38.320		1.32002			4
2025.10.30	00:45:40.173		1.32001			4
2025.10.30	00:45:40.481		1.32003			4
2025.10.30	00:45:41.410		1.32002			4
2025.10.30	00:45:42.953		1.32001			4
2025.10.30	00:45:46.350	1.31950	1.32005			6
2025.10.30	00:45:46.658		1.32008			4
2025.10.30	00:45:47.275		1.32004			4
2025.10.30	00:45:50.052		1.32005			4
2025.10.30	00:45:50.363	1.31949	1.32003			6
2025.10.30	00:45:51.287		1.32004			4
2025.10.30	00:45:54.999		1.32002			4
2025.10.30	00:45:55.621		1.32000			4
2025.10.30	00:45:55.925		1.32002			4
2025.10.30	00:46:00.259	1.31949	1.32001			6
2025.10.30	00:46:03.360		1.32000			4
2025.10.30	00:46:06.776	1.31955	1.32006			6
2025.10.30	00:46:07.087		1.32005			4
2025.10.30	00:46:08.323		1.32006			4
2025.10.30	00:46:10.173	1.31956	1.32004			6
2025.10.30	00:46:11.099	1.31953				2
2025.10.30	00:46:12.027		1.32005			4
2025.10.30	00:46:12.341		1.32004			4
2025.10.30	00:46:13.889	1.31959	1.32008			6
2025.10.30	00:46:15.444		1.32006			4
2025.10.30	00:46:15.758	1.31960	1.32007			6
2025.10.30	00:46:16.065	1.31961				2
2025.10.30	00:46:16.990		1.32009			4
2025.10.30	00:46:20.082	1.31953	1.32006			6
2025.10.30	00:46:20.391	1.31955	1.32007			6
2025.10.30	00:46:22.859		1.32005			4
2025.10.30	00:46:23.170	1.31956				2
2025.10.30	00:46:23.477		1.32007			4
2025.10.30	00:46:24.096	1.31955				2
2025.10.30	00:46:25.334	1.31956	1.32006			6
2025.10.30	00:46:25.948	1.31954	1.32007			6
2025.10.30	00:46:26.878		1.32005			4
2025.10.30	00:46:27.189		1.32006			4
2025.10.30	00:46:28.729	1.31950	1.31984			6
2025.10.30	00:46:29.039	1.31944	1.31994			6
2025.10.30	00:46:29.352		1.31986			4
2025.10.30	00:46:30.280		1.31984			4
2025.10.30	00:46:30.594	1.31950				2
2025.10.30	00:46:30.898	1.31948				2
2025.10.30	00:46:31.217	1.31952				2
2025.10.30	00:46:36.776	1.31953				2
2025.10.30	00:46:38.323	1.31952				2
2025.10.30	00:46:38.944	1.31953				2
2025.10.30	00:46:39.246	1.31954				2
2025.10.30	00:46:39.856	1.31952				2
2025.10.30	00:46:46.374	1.31951				2
2025.10.30	00:46:46.692	1.31952				2
2025.10.30	00:46:48.867		1.31985			4
2025.10.30	00:46:49.797		1.31984			4
2025.10.30	00:46:50.107		1.31983			4
2025.10.30	00:46:52.581	1.31953	1.31984			6
2025.10.30	00:47:00.006	1.31953				2
2025.10.30	00:47:03.108	1.31930	1.31988			6
2025.10.30	00:47:04.345	1.31931	1.31989			6
2025.10.30	00:47:04.655	1.31929	1.31987			6
2025.10.30	00:47:04.964	1.31930	1.31988			6
2025.10.30	00:47:05.272	1.31929	1.31987			6
2025.10.30	00:47:06.198	1.31930	1.31988			6
2025.10.30	00:47:06.506	1.31954	1.31984			6
2025.10.30	00:47:20.116	1.31960	1.31983			6
2025.10.30	00:47:21.659	1.31941	1.31984			6
2025.10.30	00:47:45.471		1.31981			4
2025.10.30	00:47:46.090		1.31969			4
2025.10.30	00:47:46.714		1.31966			4
2025.10.30	00:47:47.025		1.31981			4
2025.10.30	00:47:47.330		1.31969			4
2025.10.30	00:47:48.563		1.31984			4
2025.10.30	00:48:00.004	1.31941				2
2025.10.30	00:48:03.411	1.31945				2
2025.10.30	00:48:16.100	1.31947	1.31987			6
2025.10.30	00:48:18.583	1.31948	1.31991			6
2025.10.30	00:48:24.758	1.31949				2
2025.10.30	00:48:36.844	1.31951	1.31984			6
2025.10.30	00:48:37.464	1.31942				2
2025.10.30	00:48:46.465	1.31948				2
2025.10.30	00:48:47.392	1.31949				2
2025.10.30	00:48:51.713	1.31945				2
2025.10.30	00:48:52.324	1.31947				2
2025.10.30	00:48:52.635	1.31949				2
2025.10.30	00:48:54.485		1.31986			4
2025.10.30	00:49:00.054	1.31949				2
2025.10.30	00:49:01.289		1.31987			4
2025.10.30	00:49:04.699	1.31948				2
2025.10.30	00:49:06.866	1.31941	1.31974			6
2025.10.30	00:49:32.215	1.31947				2
2025.10.30	00:49:34.696	1.31941	1.31964			6
2025.10.30	00:49:51.105		1.31960			4
2025.10.30	00:50:00.066	1.31941				2
2025.10.30	00:50:27.648		1.31962			4
2025.10.30	00:50:29.197		1.31960			4
2025.10.30	00:50:50.285		1.31961			4
2025.10.30	00:51:00.190	1.31941				2
2025.10.30	00:51:00.492		1.31962			4
2025.10.30	00:51:09.815	1.31942	1.31961			6
2025.10.30	00:51:15.100	1.31947				2
2025.10.30	00:51:16.030	1.31948				2
2025.10.30	00:51:20.692	1.31942				2
2025.10.30	00:51:56.875	1.31944				2
2025.10.30	00:52:00.283	1.31944				2
2025.10.30	00:52:08.651	1.31941				2
2025.10.30	00:52:09.883		1.31961			4
2025.10.30	00:52:38.695	1.31945				2
2025.10.30	00:52:50.749	1.31941				2
2025.10.30	00:53:00.046	1.31941				2
2025.10.30	00:53:09.334	1.31943				2
2025.10.30	00:53:09.956		1.31961			4
2025.10.30	00:53:20.814	1.31947				2
2025.10.30	00:53:22.360	1.31946				2
2025.10.30	00:53:24.529	1.31947				2
2025.10.30	00:53:32.887	1.31943				2
2025.10.30	00:54:00.101	1.31943				2
2025.10.30	00:54:02.888	1.31945				2
2025.10.30	00:54:03.191	1.31948				2
2025.10.30	00:54:06.300	1.31947				2
2025.10.30	00:54:09.087	1.31948				2
2025.10.30	00:54:10.010		1.31961			4
2025.10.30	00:54:15.266	1.31943				2
2025.10.30	00:54:45.313	1.31946				2
2025.10.30	00:54:45.618	1.31949				2
2025.10.30	00:54:47.470	1.31948				2
2025.10.30	00:54:50.876		1.31967			4
2025.10.30	00:54:51.177	1.31949				2
2025.10.30	00:54:52.102	1.31948				2
2025.10.30	00:54:53.647	1.31949				2
2025.10.30	00:54:54.267		1.31966			4
2025.10.30	00:54:54.568		1.31967			4
2025.10.30	00:54:58.298	1.31941				2
2025.10.30	00:54:58.611	1.31943	1.31966			6
2025.10.30	00:55:00.151	1.31943				2
2025.10.30	00:55:04.787	1.31938	1.31967			6
2025.10.30	00:55:19.000		1.31969			4
2025.10.30	00:55:28.266	1.31949				2
2025.10.30	00:55:34.466	1.31932	1.31970			6
2025.10.30	00:55:35.090		1.31969			4
2025.10.30	00:55:48.083		1.31968			4
2025.10.30	00:55:49.317		1.31969			4
2025.10.30	00:56:00.148	1.31932				2
2025.10.30	00:56:09.443		1.31968			4
2025.10.30	00:56:12.844	1.31950	1.31970			6
2025.10.30	00:56:13.777	1.31949				2
2025.10.30	00:56:25.528	1.31933				2
2025.10.30	00:56:25.835		1.31969			4
2025.10.30	00:56:27.377		1.31968			4
2025.10.30	00:56:36.357		1.31969			4
2025.10.30	00:56:37.904		1.31968			4
2025.10.30	00:56:41.609		1.31969			4
2025.10.30	00:56:46.573		1.31968			4
2025.10.30	00:56:54.629	1.31932				2
2025.10.30	00:56:55.554	1.31950	1.31970			6
2025.10.30	00:57:00.197	1.31950				2
2025.10.30	00:57:08.859	1.31932	1.31969			6
2025.10.30	00:57:09.167		1.31968			4
2025.10.30	00:57:13.193		1.31967			4
2025.10.30	00:57:20.920		1.31968			4
2025.10.30	00:57:34.838		1.31965			4
2025.10.30	00:57:38.858	1.31950				2
2025.10.30	00:57:52.791	1.31937				2
2025.10.30	00:58:00.229	1.31937				2
2025.10.30	00:58:16.344		1.31960			4
2025.10.30	00:58:16.649	1.31933	1.31951			6
2025.10.30	00:58:16.962		1.31950			4
2025.10.30	00:58:17.264	1.31932	1.31965			6
2025.10.30	00:58:43.213	1.31935				2
2025.10.30	00:59:00.219	1.31935				2
2025.10.30	00:59:17.548		1.31965			4
2025.10.30	00:59:29.034	1.31951				2
2025.10.30	00:59:29.962	1.31950				2
2025.10.30	00:59:35.839		1.31969			4
2025.10.30	00:59:43.572	1.31935				2
2025.10.30	00:59:43.880		1.31968			4
2025.10.30	00:59:45.117		1.31967			4
2025.10.30	00:59:45.419	1.31936				2
2025.10.30	00:59:46.658		1.31968			4
2025.10.30	00:59:49.454		1.31967			4
2025.10.30	00:59:50.384	1.31935				2
2025.10.30	00:59:51.004		1.31968			4
2025.10.30	00:59:52.859		1.31967			4
2025.10.30	00:59:54.400		1.31968			4
2025.10.30	00:59:56.567		1.31967			4
2025.10.30	01:00:00.291	1.31958	1.31962			6
2025.10.30	01:00:00.625	1.31957	1.31963			6
2025.10.30	01:00:00.934	1.31960	1.31967			6
2025.10.30	01:00:01.238	1.31956	1.31968			6
2025.10.30	01:00:01.545		1.31970			4
2025.10.30	01:00:01.853		1.31969			4
2025.10.30	01:00:02.158		1.31971			4
2025.10.30	01:00:02.464	1.31957	1.31972			6
2025.10.30	01:00:02.774		1.31970			4
2025.10.30	01:00:03.082		1.31972			4
2025.10.30	01:00:03.393	1.31955	1.31971			6
2025.10.30	01:00:05.227	1.31954	1.31970			6
2025.10.30	01:00:05.852	1.31953	1.31969			6
2025.10.30	01:00:06.153	1.31951	1.31967			6
2025.10.30	01:00:06.766	1.31954	1.31970			6
2025.10.30	01:00:07.077	1.31957	1.31968			6
2025.10.30	01:00:07.384		1.31969			4
2025.10.30	01:00:07.698		1.31970			4
2025.10.30	01:00:08.003	1.31956	1.31967			6
2025.10.30	01:00:11.063		1.31966			4
2025.10.30	01:00:12.894		1.31967			4
2025.10.30	01:00:15.333	1.31957				2
2025.10.30	01:00:15.943	1.31956				2
2025.10.30	01:00:19.623		1.31966			4
2025.10.30	01:00:20.229		1.31964			4
2025.10.30	01:00:21.146		1.31965			4
2025.10.30	01:00:23.298		1.31964			4
2025.10.30	01:00:24.217	1.31957	1.31965			6
2025.10.30	01:00:24.520		1.31964			4
2025.10.30	01:00:25.436		1.31963			4
2025.10.30	01:00:27.264		1.31962			4
2025.10.30	01:00:28.173		1.31963			4
2025.10.30	01:00:30.008	1.31956				2
2025.10.30	01:00:30.626		1.31962			4
2025.10.30	01:00:32.454		1.31963			4
2025.10.30	01:00:34.906	1.31957	1.31964			6
2025.10.30	01:00:35.215	1.31956	1.31963			6
2025.10.30	01:00:40.107	1.31960				2
2025.10.30	01:00:43.158	1.31959	1.31962			6
2025.10.30	01:00:44.670	1.31960	1.31963			6
2025.10.30	01:00:45.895	1.31958	1.31961			6
2025.10.30	01:00:46.199	1.31959	1.31962			6
2025.10.30	01:00:47.108	1.31960	1.31963			6
2025.10.30	01:00:50.473	1.31958	1.31961			6
2025.10.30	01:00:50.781	1.31959	1.31962			6
2025.10.30	01:00:53.234	1.31960	1.31963			6
2025.10.30	01:00:53.545	1.31961	1.31964			6
2025.10.30	01:00:53.850	1.31964	1.31967			6
2025.10.30	01:00:54.157	1.31959	1.31970			6
2025.10.30	01:00:54.460	1.31960				2
2025.10.30	01:00:54.768	1.31961				2
2025.10.30	01:00:56.288	1.31960				2
2025.10.30	01:00:56.596	1.31961				2
2025.10.30	01:00:59.359	1.31962				2
2025.10.30	01:01:00.275	1.31961	1.31967			6
2025.10.30	01:01:00.582	1.31959				2
2025.10.30	01:01:01.198	1.31957				2
2025.10.30	01:01:04.273	1.31958				2
2025.10.30	01:01:05.189		1.31966			4
2025.10.30	01:01:05.494	1.31959	1.31967			6
2025.10.30	01:01:06.103	1.31960				2
2025.10.30	01:01:06.415	1.31961				2
2025.10.30	01:01:07.338	1.31960	1.31966			6
2025.10.30	01:01:08.260		1.31967			4
2025.10.30	01:01:09.168	1.31961	1.31966			6
2025.10.30	01:01:10.088		1.31965			4
2025.10.30	01:01:11.312	1.31962				2
2025.10.30	01:01:13.761	1.31961	1.31964			6
2025.10.30	01:01:17.134	1.31962	1.31965			6
2025.10.30	01:01:23.269	1.31963	1.31966			6
2025.10.30	01:01:24.191	1.31962	1.31965			6
2025.10.30	01:01:25.414	1.31961	1.31964			6
2025.10.30	01:01:27.858	1.31960	1.31963			6
2025.10.30	01:01:28.167	1.31961	1.31964			6
2025.10.30	01:01:28.470	1.31960	1.31963			6
2025.10.30	01:01:28.773	1.31961	1.31964			6
2025.10.30	01:01:38.313	1.31959	1.31962			6
2025.10.30	01:01:45.958	1.31960	1.31963			6
2025.10.30	01:01:46.265	1.31959	1.31962			6
2025.10.30	01:01:48.418	1.31960	1.31963			6
2025.10.30	01:01:48.727	1.31959	1.31962			6
2025.10.30	01:01:50.867	1.31960	1.31963			6
2025.10.30	01:01:53.920	1.31959	1.31962			6
2025.10.30	01:01:58.210	1.31960	1.31963			6
2025.10.30	01:02:00.059	1.31960				2
2025.10.30	01:02:02.201	1.31961	1.31964			6
2025.10.30	01:02:03.430	1.31960	1.31963			6
2025.10.30	01:02:04.650	1.31959	1.31962			6
2025.10.30	01:02:05.565	1.31958	1.31961			6
2025.10.30	01:02:06.184	1.31959	1.31963			6
2025.10.30	01:02:07.103	1.31957	1.31965			6
2025.10.30	01:02:08.333	1.31958				2
2025.10.30	01:02:09.252	1.31957	1.31964			6
2025.10.30	01:02:10.173		1.31965			4
2025.10.30	01:02:11.116		1.31964			4
2025.10.30	01:02:12.345	1.31959	1.31965			6
2025.10.30	01:02:12.646	1.31958	1.31964			6
2025.10.30	01:02:13.249		1.31965			4
2025.10.30	01:02:14.161		1.31964			4
2025.10.30	01:02:15.075	1.31957	1.31963			6
2025.10.30	01:02:15.382	1.31958				2
2025.10.30	01:02:16.293		1.31964			4
2025.10.30	01:02:17.216	1.31957				2
2025.10.30	01:02:18.128		1.31965			4
2025.10.30	01:02:18.439	1.31958				2
2025.10.30	01:02:18.749	1.31957				2
2025.10.30	01:02:19.368		1.31964			4
2025.10.30	01:02:19.983	1.31958	1.31965			6
2025.10.30	01:02:20.289		1.31963			4
2025.10.30	01:02:22.135	1.31959				2
2025.10.30	01:02:22.447	1.31958	1.31962			6
2025.10.30	01:02:23.371	1.31960	1.31963			6
2025.10.30	01:02:24.293	1.31957	1.31965			6
2025.10.30	01:02:24.921	1.31958				2
2025.10.30	01:02:25.227	1.31956				2
2025.10.30	01:02:26.462	1.31957				2
2025.10.30	01:02:28.006	1.31955				2
2025.10.30	01:02:28.314	1.31957				2
2025.10.30	01:02:28.624	1.31956				2
2025.10.30	01:02:29.856	1.31955				2
2025.10.30	01:02:32.339	1.31956				2
2025.10.30	01:02:33.283	1.31957	1.31964			6
2025.10.30	01:02:34.203	1.31958				2
2025.10.30	01:02:35.113	1.31959	1.31963			6
2025.10.30	01:02:36.334		1.31962			4
2025.10.30	01:02:36.947	1.31960	1.31963			6
2025.10.30	01:02:37.248	1.31959	1.31962			6
2025.10.30	01:02:37.557	1.31957	1.31960			6
2025.10.30	01:02:38.163	1.31955	1.31964			6
2025.10.30	01:02:38.790		1.31965			4
2025.10.30	01:02:40.654		1.31959			4
2025.10.30	01:02:41.276	1.31956	1.31964			6
2025.10.30	01:02:43.136		1.31963			4
2025.10.30	01:02:44.364	1.31957	1.31962			6
2025.10.30	01:02:45.281		1.31961			4
2025.10.30	01:02:45.894	1.31958	1.31962			6
2025.10.30	01:02:46.205	1.31959				2
2025.10.30	01:02:46.821	1.31958	1.31961			6
2025.10.30	01:02:47.128		1.31962			4
2025.10.30	01:02:47.442	1.31959	1.31963			6
2025.10.30	01:02:48.357		1.31962			4
2025.10.30	01:02:53.272	1.31958	1.31961			6
2025.10.30	01:02:54.499	1.31959	1.31962			6
2025.10.30	01:02:55.722	1.31958	1.31961			6
2025.10.30	01:03:00.011	1.31958				2
2025.10.30	01:03:00.314	1.31956	1.31959			6
2025.10.30	01:03:00.618	1.31959	1.31962			6
2025.10.30	01:03:00.922		1.31961			4
2025.10.30	01:03:01.224	1.31958	1.31959			6
2025.10.30	01:03:01.540	1.31959	1.31962			6
2025.10.30	01:03:01.844	1.31958	1.31961			6
2025.10.30	01:03:02.151	1.31959	1.31962			6
2025.10.30	01:03:06.131	1.31958	1.31961			6
2025.10.30	01:03:06.740	1.31959	1.31962			6
2025.10.30	01:03:07.042	1.31958	1.31961			6
2025.10.30	01:03:08.264	1.31959	1.31962			6
2025.10.30	01:03:08.567	1.31958	1.31961			6
2025.10.30	01:03:10.104	1.31957	1.31960			6
2025.10.30	01:03:10.716	1.31956	1.31959			6
2025.10.30	01:03:11.940	1.31958				2
2025.10.30	01:03:12.243	1.31956				2
2025.10.30	01:03:12.553	1.31957	1.31960			6
2025.10.30	01:03:12.856	1.31958	1.31959			6
2025.10.30	01:03:13.159	1.31957	1.31960			6
2025.10.30	01:03:13.771	1.31956	1.31959			6
2025.10.30	01:03:14.073	1.31957	1.31960			6
2025.10.30	01:03:15.293	1.31960	1.31963			6
2025.10.30	01:03:15.594	1.31959	1.31962			6
2025.10.30	01:03:15.899	1.31960	1.31963			6
2025.10.30	01:03:16.207	1.31957	1.31966			6
2025.10.30	01:03:16.836	1.31956				2
2025.10.30	01:03:18.379	1.31957				2
2025.10.30	01:03:20.233	1.31958				2
2025.10.30	01:03:21.160	1.31959	1.31964			6
2025.10.30	01:03:22.391		1.31963			4
2025.10.30	01:03:23.316	1.31960				2
2025.10.30	01:03:28.835	1.31962	1.31965			6
2025.10.30	01:03:29.143	1.31961	1.31964			6
2025.10.30	01:03:29.752	1.31960	1.31963			6
2025.10.30	01:03:30.056	1.31959	1.31962			6
2025.10.30	01:03:34.966	1.31961	1.31963			6
2025.10.30	01:03:35.268	1.31960	1.31961			6
2025.10.30	01:03:35.572	1.31959	1.31962			6
2025.10.30	01:03:36.178	1.31958	1.31961			6
2025.10.30	01:03:36.485	1.31959	1.31962			6
2025.10.30	01:03:36.794	1.31958	1.31961			6
2025.10.30	01:03:37.100	1.31957	1.31959			6
2025.10.30	01:03:38.034		1.31960			4
2025.10.30	01:03:38.336	1.31956	1.31962			6
2025.10.30	01:03:39.250	1.31954	1.31964			6
2025.10.30	01:03:40.167		1.31963			4
2025.10.30	01:03:40.786		1.31959			4
2025.10.30	01:03:41.100	1.31956				2
2025.10.30	01:03:41.407		1.31962			4
2025.10.30	01:03:42.331	1.31958				2
2025.10.30	01:03:43.254	1.31956	1.31963			6
2025.10.30	01:03:43.569	1.31955	1.31962			6
2025.10.30	01:03:43.888	1.31954	1.31961			6
2025.10.30	01:03:44.209	1.31955	1.31960			6
2025.10.30	01:03:44.818	1.31957	1.31962			6
2025.10.30	01:03:45.130	1.31954	1.31965			6
2025.10.30	01:03:45.431		1.31964			4
2025.10.30	01:03:48.218		1.31963			4
2025.10.30	01:03:48.521		1.31961			4
2025.10.30	01:03:48.850		1.31965			4
2025.10.30	01:03:49.157	1.31953				2
2025.10.30	01:03:49.471	1.31954	1.31966			6
2025.10.30	01:03:50.703	1.31953	1.31965			6
2025.10.30	01:03:51.322	1.31954				2
2025.10.30	01:03:52.250	1.31955	1.31964			6
2025.10.30	01:03:52.873	1.31954	1.31963			6
2025.10.30	01:03:53.178	1.31955	1.31961			6
2025.10.30	01:03:53.814	1.31956	1.31962			6
2025.10.30	01:03:54.122	1.31955				2
2025.10.30	01:03:55.355	1.31956				2
2025.10.30	01:03:56.278	1.31957	1.31961			6
2025.10.30	01:03:57.192		1.31960			4
2025.10.30	01:03:57.810	1.31959	1.31962			6
2025.10.30	01:03:58.112	1.31958	1.31961			6
2025.10.30	01:03:59.952	1.31957	1.31960			6
2025.10.30	01:04:00.254	1.31957				2
2025.10.30	01:04:00.567	1.31959	1.31962			6
2025.10.30	01:04:00.891	1.31958	1.31961			6
2025.10.30	01:04:01.197	1.31957	1.31960			6
2025.10.30	01:04:02.723	1.31956	1.31959			6
2025.10.30	01:04:03.029	1.31958	1.31961			6
2025.10.30	01:04:11.315	1.31959	1.31962			6
2025.10.30	01:04:11.622	1.31958	1.31961			6
2025.10.30	01:04:14.409	1.31959	1.31962			6
2025.10.30	01:04:15.340	1.31958	1.31961			6
2025.10.30	01:04:20.841	1.31959	1.31962			6
2025.10.30	01:04:21.462	1.31958	1.31961			6
2025.10.30	01:04:25.131	1.31957	1.31960			6
2025.10.30	01:04:26.356	1.31958	1.31961			6
2025.10.30	01:04:31.565	1.31957	1.31960			6
2025.10.30	01:04:34.344	1.31958	1.31961			6
2025.10.30	01:04:43.516	1.31957	1.31960			6
2025.10.30	01:04:46.261	1.31958	1.31961			6
2025.10.30	01:04:55.137	1.31959	1.31962			6
2025.10.30	01:04:58.819	1.31958	1.31961			6
2025.10.30	01:04:59.132	1.31957	1.31960			6
2025.10.30	01:05:00.052	1.31958	1.31961			6
2025.10.30	01:05:00.359	1.31964	1.31965			6
2025.10.30	01:05:00.663	1.31963	1.31964			6
2025.10.30	01:05:02.504	1.31964	1.31965			6
2025.10.30	01:05:02.820	1.31963	1.31964			6
2025.10.30	01:05:03.432	1.31959	1.31963			6
2025.10.30	01:05:07.141		1.31962			4
2025.10.30	01:05:08.366	1.31958	1.31961			6
2025.10.30	01:05:08.681		1.31962			4
2025.10.30	01:05:09.303		1.31961			4
2025.10.30	01:05:10.544		1.31962			4
2025.10.30	01:05:11.158	1.31955	1.31961			6
2025.10.30	01:05:11.464	1.31954				2
2025.10.30	01:05:11.773	1.31953	1.31960			6
2025.10.30	01:05:12.081	1.31954	1.31961			6
2025.10.30	01:05:12.393	1.31953	1.31962			6
2025.10.30	01:05:14.239	1.31954	1.31961			6
2025.10.30	01:05:15.163	1.31955	1.31960			6
2025.10.30	01:05:16.088	1.31956				2
2025.10.30	01:05:16.698	1.31955	1.31959			6
2025.10.30	01:05:16.999	1.31954	1.31958			6
2025.10.30	01:05:17.306	1.31952	1.31959			6
2025.10.30	01:05:17.612	1.31954	1.31960			6
2025.10.30	01:05:17.919	1.31955	1.31962			6
2025.10.30	01:05:18.235	1.31956	1.31961			6
2025.10.30	01:05:19.172	1.31954	1.31964			6
2025.10.30	01:05:21.023		1.31963			4
2025.10.30	01:05:23.179		1.31962			4
2025.10.30	01:05:24.107	1.31955	1.31961			6
2025.10.30	01:05:25.338	1.31956	1.31960			6
2025.10.30	01:05:26.260	1.31957				2
2025.10.30	01:05:32.987	1.31956	1.31959			6
2025.10.30	01:05:38.499	1.31955	1.31958			6
2025.10.30	01:05:44.016	1.31957	1.31960			6
2025.10.30	01:05:44.937	1.31955	1.31958			6
2025.10.30	01:05:45.244	1.31954	1.31962			6
2025.10.30	01:05:46.162		1.31963			4
2025.10.30	01:05:49.259		1.31962			4
2025.10.30	01:05:51.119		1.31960			4
2025.10.30	01:05:52.350		1.31959			4
2025.10.30	01:05:53.280	1.31957	1.31960			6
2025.10.30	01:05:53.585	1.31956	1.31959			6
2025.10.30	01:05:54.201	1.31955	1.31958			6
2025.10.30	01:05:55.119	1.31956	1.31959			6
2025.10.30	01:05:56.031	1.31955	1.31958			6
2025.10.30	01:05:56.334		1.31959			4
2025.10.30	01:05:58.181		1.31958			4
2025.10.30	01:05:59.705	1.31956	1.31959			6
2025.10.30	01:06:00.010	1.31956				2
2025.10.30	01:06:01.544	1.31955	1.31958			6
2025.10.30	01:06:07.987	1.31956	1.31959			6
2025.10.30	01:06:16.590	1.31955	1.31958			6
2025.10.30	01:06:19.653	1.31956	1.31959			6
2025.10.30	01:06:22.426	1.31955	1.31958			6
2025.10.30	01:06:23.662	1.31956	1.31959			6
2025.10.30	01:06:25.508	1.31957	1.31960			6
2025.10.30	01:06:26.127	1.31954	1.31964			6
2025.10.30	01:06:27.040	1.31957	1.31969			6
2025.10.30	01:06:27.343	1.31956	1.31967			6
2025.10.30	01:06:27.649		1.31965			4
2025.10.30	01:06:34.440	1.31954				2
2025.10.30	01:06:34.745	1.31953				2
2025.10.30	01:06:35.067	1.31954				2
2025.10.30	01:06:35.372	1.31956	1.31967			6
2025.10.30	01:06:36.300	1.31955				2
2025.10.30	01:06:37.219	1.31956				2
2025.10.30	01:06:38.142		1.31966			4
2025.10.30	01:06:39.373	1.31957	1.31965			6
2025.10.30	01:06:40.304	1.31958				2
2025.10.30	01:06:41.231	1.31959	1.31964			6
2025.10.30	01:06:42.158	1.31960				2
2025.10.30	01:06:44.297		1.31963			4
2025.10.30	01:06:45.835	1.31959	1.31962			6
2025.10.30	01:06:55.934	1.31958	1.31961			6
2025.10.30	01:06:56.857	1.31957	1.31960			6
2025.10.30	01:06:57.470	1.31958	1.31961			6
2025.10.30	01:07:00.245	1.31958				2
2025.10.30	01:07:03.614	1.31959	1.31962			6
2025.10.30	01:07:04.229	1.31958	1.31961			6
2025.10.30	01:07:05.150	1.31957				2
2025.10.30	01:07:06.100	1.31956	1.31960			6
2025.10.30	01:07:06.403	1.31959	1.31963			6
2025.10.30	01:07:07.345	1.31955				2
2025.10.30	01:07:08.269	1.31956	1.31964			6
2025.10.30	01:07:08.578	1.31957	1.31967			6
2025.10.30	01:07:08.888	1.31959				2
2025.10.30	01:07:09.188	1.31957				2
2025.10.30	01:07:09.490	1.31958				2
2025.10.30	01:07:14.092	1.31959				2
2025.10.30	01:07:15.335	1.31960				2
2025.10.30	01:07:16.258	1.31959	1.31966			6
2025.10.30	01:07:16.573	1.31960	1.31967			6
2025.10.30	01:07:17.199	1.31961				2
2025.10.30	01:07:17.821	1.31958	1.31964			6
2025.10.30	01:07:18.125	1.31957	1.31965			6
2025.10.30	01:07:18.435		1.31966			4
2025.10.30	01:07:19.361		1.31967			4
2025.10.30	01:07:20.592	1.31955	1.31964			6
2025.10.30	01:07:20.898	1.31956				2
2025.10.30	01:07:21.506		1.31966			4
2025.10.30	01:07:22.134	1.31957	1.31967			6
2025.10.30	01:07:23.988	1.31958				2
2025.10.30	01:07:24.911	1.31957				2
2025.10.30	01:07:26.759		1.31963			4
2025.10.30	01:07:27.079		1.31967			4
2025.10.30	01:07:28.003	1.31958				2
2025.10.30	01:07:28.934	1.31957	1.31966			6
2025.10.30	01:07:30.167	1.31958				2
2025.10.30	01:07:31.092	1.31959				2
2025.10.30	01:07:31.710	1.31958				2
2025.10.30	01:07:32.325	1.31959				2
2025.10.30	01:07:33.253	1.31960				2
2025.10.30	01:07:34.175	1.31961				2
2025.10.30	01:07:34.800	1.31956	1.31959			6
2025.10.30	01:07:35.103	1.31955				2
2025.10.30	01:07:35.412	1.31958	1.31966			6
2025.10.30	01:07:36.342	1.31957				2
2025.10.30	01:07:37.271	1.31958				2
2025.10.30	01:07:39.133	1.31959				2
2025.10.30	01:07:41.299	1.31960				2
2025.10.30	01:07:41.923	1.31961	1.31967			6
2025.10.30	01:07:42.233		1.31966			4
2025.10.30	01:07:43.145	1.31962				2
2025.10.30	01:07:44.368		1.31965			4
2025.10.30	01:07:45.287	1.31963	1.31966			6
2025.10.30	01:07:46.207	1.31964	1.31967			6
2025.10.30	01:07:46.509	1.31963	1.31966			6
2025.10.30	01:07:58.469	1.31964	1.31967			6
2025.10.30	01:07:59.701	1.31965	1.31968			6
2025.10.30	01:08:00.005	1.31965				2
2025.10.30	01:08:01.230	1.31964	1.31967			6
2025.10.30	01:08:01.845	1.31965	1.31968			6
2025.10.30	01:08:02.466	1.31964	1.31967			6
2025.10.30	01:08:05.829	1.31965	1.31968			6
2025.10.30	01:08:15.327	1.31964	1.31967			6
2025.10.30	01:08:16.550	1.31963	1.31966			6
2025.10.30	01:08:16.854	1.31966	1.31969			6
2025.10.30	01:08:17.473	1.31967	1.31970			6
2025.10.30	01:08:18.387	1.31966	1.31969			6
2025.10.30	01:08:22.366	1.31963	1.31966			6
2025.10.30	01:08:22.667	1.31965	1.31968			6
2025.10.30	01:08:23.593	1.31966	1.31969			6
2025.10.30	01:08:23.897	1.31965	1.31968			6
2025.10.30	01:08:30.332	1.31964	1.31967			6
2025.10.30	01:08:31.246	1.31965	1.31968			6
2025.10.30	01:08:34.615	1.31966	1.31969			6
2025.10.30	01:08:34.920	1.31967	1.31970			6
2025.10.30	01:08:35.226	1.31966	1.31969			6
2025.10.30	01:08:36.455	1.31968	1.31971			6
2025.10.30	01:08:36.763	1.31967	1.31970			6
2025.10.30	01:08:37.069	1.31966	1.31969			6
2025.10.30	01:08:41.044	1.31965	1.31968			6
2025.10.30	01:08:41.346	1.31966	1.31969			6
2025.10.30	01:08:42.574	1.31967	1.31970			6
2025.10.30	01:08:50.861	1.31965	1.31968			6
2025.10.30	01:08:51.163		1.31969			4
2025.10.30	01:08:51.466	1.31964	1.31968			6
2025.10.30	01:08:51.780	1.31965	1.31969			6
2025.10.30	01:08:52.393	1.31966	1.31970			6
2025.10.30	01:08:54.246		1.31969			4
2025.10.30	01:09:00.054	1.31966				2
2025.10.30	01:09:03.093	1.31960	1.31970			6
2025.10.30	01:09:03.402	1.31961				2
2025.10.30	01:09:10.191	1.31962				2
2025.10.30	01:09:11.119	1.31963				2
2025.10.30	01:09:12.352	1.31964				2
2025.10.30	01:09:12.967	1.31965				2
2025.10.30	01:09:13.272	1.31964				2
2025.10.30	01:09:14.205	1.31965				2
2025.10.30	01:09:15.130		1.31969			4
2025.10.30	01:09:15.437	1.31964	1.31968			6
2025.10.30	01:09:18.182	1.31965				2
2025.10.30	01:09:19.099	1.31964	1.31967			6
2025.10.30	01:09:20.340	1.31965	1.31968			6
2025.10.30	01:09:26.188	1.31966	1.31969			6
2025.10.30	01:09:26.497	1.31965	1.31968			6
2025.10.30	01:09:30.182	1.31966	1.31969			6
2025.10.30	01:09:31.398	1.31965	1.31968			6
2025.10.30	01:09:40.283	1.31966	1.31969			6
2025.10.30	01:09:40.897	1.31960	1.31963			6
2025.10.30	01:09:41.198	1.31964	1.31967			6
2025.10.30	01:09:41.512	1.31965	1.31968			6
2025.10.30	01:09:42.119		1.31969			4
2025.10.30	01:09:43.365	1.31963	1.31971			6
2025.10.30	01:09:44.291	1.31964	1.31969			6
2025.10.30	01:09:45.221	1.31965				2
2025.10.30	01:09:46.149		1.31968			4
2025.10.30	01:09:46.456	1.31966	1.31969			6
2025.10.30	01:09:51.070	1.31964	1.31967			6
2025.10.30	01:09:51.372	1.31966	1.31969			6
2025.10.30	01:09:51.682	1.31965	1.31968			6
2025.10.30	01:09:52.290	1.31966	1.31969			6
2025.10.30	01:10:00.239	1.31966				2
2025.10.30	01:10:01.154	1.31959	1.31962			6
2025.10.30	01:10:01.458	1.31960	1.31963			6
2025.10.30	01:10:01.763	1.31964	1.31967			6
2025.10.30	01:10:02.375	1.31960	1.31968			6
2025.10.30	01:10:02.690	1.31961				2
2025.10.30	01:10:05.478	1.31958	1.31964			6
2025.10.30	01:10:06.418	1.31959				2
2025.10.30	01:10:06.725	1.31958				2
2025.10.30	01:10:07.342	1.31959				2
2025.10.30	01:10:07.649	1.31958				2
2025.10.30	01:10:08.583	1.31959				2
2025.10.30	01:10:08.891	1.31958				2
2025.10.30	01:10:09.208	1.31959				2
2025.10.30	01:10:11.395	1.31961				2
2025.10.30	01:10:13.244	1.31962				2
2025.10.30	01:10:14.186	1.31963				2
2025.10.30	01:10:17.583	1.31964	1.31965			6
2025.10.30	01:10:20.363	1.31963	1.31964			6
2025.10.30	01:10:20.668	1.31964	1.31965			6
2025.10.30	01:10:24.361	1.31963	1.31964			6
2025.10.30	01:10:25.284	1.31964	1.31965			6
2025.10.30	01:10:27.722	1.31963	1.31964			6
2025.10.30	01:10:29.555	1.31964	1.31965			6
2025.10.30	01:10:31.385	1.31963	1.31964			6
2025.10.30	01:10:33.828	1.31964	1.31965			6
2025.10.30	01:10:36.577	1.31963	1.31964			6
2025.10.30	01:10:52.798	1.31962				2
2025.10.30	01:10:54.628	1.31965	1.31968			6
2025.10.30	01:10:56.767	1.31966				2
2025.10.30	01:10:57.698	1.31965				2
2025.10.30	01:10:58.941	1.31966				2
2025.10.30	01:11:00.183	1.31966				2
2025.10.30	01:11:00.800	1.31965				2
2025.10.30	01:11:01.113	1.31966				2
2025.10.30	01:11:01.418	1.31964	1.31967			6
2025.10.30	01:11:02.336	1.31963				2
2025.10.30	01:11:02.962	1.31964				2
2025.10.30	01:11:03.276	1.31963				2
2025.10.30	01:11:05.143	1.31966	1.31969			6
2025.10.30	01:11:05.445		1.31968			4
2025.10.30	01:11:05.751	1.31965				2
2025.10.30	01:11:06.365	1.31963				2
2025.10.30	01:11:07.908	1.31964				2
2025.10.30	01:11:08.217		1.31969			4
2025.10.30	01:11:09.456		1.31968			4
2025.10.30	01:11:10.389	1.31965	1.31969			6
2025.10.30	01:11:11.317		1.31968			4
2025.10.30	01:11:12.233	1.31966	1.31969			6
2025.10.30	01:11:12.842		1.31968			4
2025.10.30	01:11:13.457	1.31962	1.31964			6
2025.10.30	01:11:13.761	1.31960	1.31962			6
2025.10.30	01:11:14.062	1.31959				2
2025.10.30	01:11:14.373	1.31956				2
2025.10.30	01:11:19.349	1.31957				2
2025.10.30	01:11:20.277	1.31958				2
2025.10.30	01:11:21.201	1.31959				2
2025.10.30	01:11:22.131	1.31960				2
2025.10.30	01:11:23.381	1.31958				2
2025.10.30	01:11:23.688	1.31961				2
2025.10.30	01:11:24.310	1.31962	1.31963			6
2025.10.30	01:11:27.361	1.31958	1.31959			6
2025.10.30	01:11:28.288	1.31957	1.31958			6
2025.10.30	01:11:30.153	1.31958	1.31959			6
2025.10.30	01:11:33.226	1.31959	1.31960			6
2025.10.30	01:11:34.442	1.31958	1.31959			6
2025.10.30	01:11:38.450		1.31961			4
2025.10.30	01:11:40.299	1.31959				2
2025.10.30	01:11:40.605	1.31956	1.31957			6
2025.10.30	01:11:40.911	1.31955	1.31956			6
2025.10.30	01:11:41.219	1.31956	1.31957			6
2025.10.30	01:11:42.135	1.31954	1.31956			6
2025.10.30	01:11:42.749	1.31953	1.31954			6
2025.10.30	01:11:43.371	1.31954	1.31955			6
2025.10.30	01:11:44.614	1.31955	1.31956			6
2025.10.30	01:11:44.922	1.31956	1.31957			6
2025.10.30	01:12:00.290	1.31956				2
2025.10.30	01:12:00.597		1.31958			4
2025.10.30	01:12:00.905		1.31957			4
2025.10.30	01:12:03.043	1.31957	1.31960			6
2025.10.30	01:12:03.348	1.31958				2
2025.10.30	01:12:04.869	1.31957				2
2025.10.30	01:12:05.173	1.31958				2
2025.10.30	01:12:07.018		1.31961			4
2025.10.30	01:12:07.628		1.31960			4
2025.10.30	01:12:11.316		1.31959			4
2025.10.30	01:12:11.934	1.31957	1.31958			6
2025.10.30	01:12:13.765		1.31960			4
2025.10.30	01:12:16.839	1.31961	1.31962			6
2025.10.30	01:12:17.144	1.31962	1.31963			6
2025.10.30	01:12:17.446	1.31961	1.31962			6
2025.10.30	01:12:18.366	1.31957				2
2025.10.30	01:12:18.672	1.31956				2
2025.10.30	01:12:19.297	1.31957				2
2025.10.30	01:12:21.170	1.31952	1.31956			6
2025.10.30	01:12:26.142	1.31950	1.31955			6
2025.10.30	01:12:26.451	1.31951				2
2025.10.30	01:12:26.764	1.31957	1.31962			6
2025.10.30	01:12:27.072	1.31956				2
2025.10.30	01:12:27.391	1.31957				2
2025.10.30	01:12:28.329	1.31956				2
2025.10.30	01:12:32.369	1.31957				2
2025.10.30	01:12:33.301	1.31958				2
2025.10.30	01:12:34.236	1.31959				2
2025.10.30	01:12:35.164	1.31958				2
2025.10.30	01:12:36.088	1.31959				2
2025.10.30	01:12:37.327	1.31960				2
2025.10.30	01:12:39.795	1.31962	1.31963			6
2025.10.30	01:12:41.335	1.31960	1.31962			6
2025.10.30	01:12:41.637	1.31962	1.31963			6
2025.10.30	01:12:42.553	1.31963	1.31964			6
2025.10.30	01:12:43.167	1.31962	1.31963			6
2025.10.30	01:12:51.436	1.31961				2
2025.10.30	01:12:52.972	1.31962				2
2025.10.30	01:12:55.121	1.31961	1.31962			6
2025.10.30	01:13:00.005	1.31961				2
2025.10.30	01:13:05.210	1.31962	1.31963			6
2025.10.30	01:13:10.116	1.31961	1.31962			6
2025.10.30	01:13:11.347	1.31962	1.31963			6
2025.10.30	01:13:33.728	1.31963	1.31965			6
2025.10.30	01:13:34.034	1.31962				2
2025.10.30	01:13:41.980	1.31965	1.31968			6
2025.10.30	01:13:42.282	1.31962	1.31969			6
2025.10.30	01:13:42.589		1.31967			4
2025.10.30	01:13:42.898		1.31968			4
2025.10.30	01:13:44.132	1.31963				2
2025.10.30	01:13:45.373		1.31969			4
2025.10.30	01:13:46.303	1.31964				2
2025.10.30	01:13:46.609		1.31968			4
2025.10.30	01:13:47.230	1.31965				2
2025.10.30	01:13:52.147	1.31966	1.31969			6
2025.10.30	01:14:00.115	1.31966				2
2025.10.30	01:14:03.499		1.31968			4
2025.10.30	01:14:05.029	1.31967				2
2025.10.30	01:14:05.641	1.31966				2
2025.10.30	01:14:05.942	1.31967	1.31969			6
2025.10.30	01:14:08.384	1.31965	1.31968			6
2025.10.30	01:14:09.307	1.31964	1.31969			6
2025.10.30	01:14:10.535	1.31963				2
2025.10.30	01:14:11.149	1.31964				2
2025.10.30	01:14:12.382	1.31965				2
2025.10.30	01:14:12.685	1.31964	1.31967			6
2025.10.30	01:14:13.313	1.31962				2
2025.10.30	01:14:14.865	1.31963	1.31968			6
2025.10.30	01:14:15.174	1.31962	1.31967			6
2025.10.30	01:14:15.482	1.31961	1.31966			6
2025.10.30	01:14:16.097	1.31960				2
2025.10.30	01:14:16.714	1.31959	1.31965			6
2025.10.30	01:14:17.338	1.31960				2
2025.10.30	01:14:18.263	1.31961				2
2025.10.30	01:14:18.884		1.31966			4
2025.10.30	01:14:19.199	1.31962				2
2025.10.30	01:14:19.509		1.31965			4
2025.10.30	01:14:21.365	1.31963				2
2025.10.30	01:14:27.204	1.31962	1.31964			6
2025.10.30	01:14:27.510	1.31963				2
2025.10.30	01:14:27.817	1.31962				2
2025.10.30	01:14:31.798	1.31961				2
2025.10.30	01:14:42.185	1.31962	1.31970			6
2025.10.30	01:14:42.494		1.31968			4
2025.10.30	01:14:43.111	1.31961				2
2025.10.30	01:14:44.052	1.31960	1.31971			6
2025.10.30	01:14:44.363	1.31962				2
2025.10.30	01:14:44.677	1.31963				2
2025.10.30	01:14:45.300	1.31961	1.31969			6
2025.10.30	01:14:45.611		1.31970			4
2025.10.30	01:14:47.166	1.31960	1.31967			6
2025.10.30	01:14:47.472	1.31961	1.31969			6
2025.10.30	01:14:49.983		1.31967			4
2025.10.30	01:14:50.288		1.31969			4
2025.10.30	01:14:50.599		1.31970			4
2025.10.30	01:14:52.154	1.31962				2
2025.10.30	01:14:53.398	1.31963				2
2025.10.30	01:14:54.325	1.31964				2
2025.10.30	01:14:55.250	1.31965				2
2025.10.30	01:14:56.178		1.31969			4
2025.10.30	01:14:58.334	1.31966				2
2025.10.30	01:15:00.171	1.31966				2
2025.10.30	01:15:02.622	1.31967	1.31970			6
2025.10.30	01:15:03.543	1.31966	1.31969			6
2025.10.30	01:15:03.844	1.31961	1.31964			6
2025.10.30	01:15:04.154	1.31962	1.31965			6
2025.10.30	01:15:05.079	1.31961	1.31964			6
2025.10.30	01:15:05.379	1.31959	1.31968			6
2025.10.30	01:15:09.091		1.31967			4
2025.10.30	01:15:10.325	1.31958	1.31966			6
2025.10.30	01:15:12.186		1.31965			4
2025.10.30	01:15:13.120	1.31959				2
2025.10.30	01:15:14.359		1.31964			4
2025.10.30	01:15:15.289	1.31960				2
2025.10.30	01:15:16.207		1.31963			4
2025.10.30	01:15:17.435	1.31961	1.31964			6
2025.10.30	01:15:19.255	1.31960	1.31963			6
2025.10.30	01:15:31.493	1.31959	1.31962			6
2025.10.30	01:15:32.715	1.31960	1.31963			6
2025.10.30	01:15:37.295	1.31959	1.31962			6
2025.10.30	01:15:41.587	1.31961	1.31964			6
2025.10.30	01:15:43.106	1.31960	1.31963			6
2025.10.30	01:15:44.627	1.31959	1.31962			6
2025.10.30	01:15:45.245	1.31960	1.31963			6
2025.10.30	01:15:47.391	1.31961	1.31964			6
2025.10.30	01:15:47.696	1.31960	1.31963			6
2025.10.30	01:15:51.063	1.31961	1.31964			6
2025.10.30	01:15:57.195	1.31960	1.31963			6
2025.10.30	01:16:00.274	1.31959	1.31962			6
2025.10.30	01:16:01.817	1.31960	1.31963			6
2025.10.30	01:16:11.026	1.31961	1.31964			6
2025.10.30	01:16:15.302	1.31959	1.31962			6
2025.10.30	01:16:15.612	1.31960	1.31963			6
2025.10.30	01:16:16.229		1.31964			4
2025.10.30	01:16:17.164	1.31959				2
2025.10.30	01:16:18.397	1.31960				2
2025.10.30	01:16:19.322		1.31963			4
2025.10.30	01:16:36.788	1.31961	1.31964			6
2025.10.30	01:16:37.089	1.31960	1.31963			6
2025.10.30	01:16:39.862	1.31961	1.31964			6
2025.10.30	01:16:40.168	1.31960	1.31963			6
2025.10.30	01:16:40.474	1.31961	1.31964			6
2025.10.30	01:16:40.780	1.31960	1.31963			6
2025.10.30	01:16:44.478	1.31959	1.31962			6
2025.10.30	01:16:45.090	1.31960	1.31963			6
2025.10.30	01:16:58.964	1.31959	1.31962			6
2025.10.30	01:17:00.190	1.31960	1.31963			6
2025.10.30	01:17:00.815	1.31959	1.31962			6
2025.10.30	01:17:01.127		1.31963			4
2025.10.30	01:17:03.286		1.31962			4
2025.10.30	01:17:07.308	1.31961	1.31964			6
2025.10.30	01:17:08.236	1.31958	1.31969			6
2025.10.30	01:17:08.546	1.31957	1.31966			6
2025.10.30	01:17:08.857	1.31956	1.31967			6
2025.10.30	01:17:09.162	1.31957	1.31968			6
2025.10.30	01:17:10.392		1.31967			4
2025.10.30	01:17:10.699		1.31968			4
2025.10.30	01:17:11.319		1.31967			4
2025.10.30	01:17:13.489		1.31964			4
2025.10.30	01:17:14.112	1.31958				2
2025.10.30	01:17:15.348	1.31957				2
2025.10.30	01:17:20.291	1.31958				2
2025.10.30	01:17:20.605	1.31959				2
2025.10.30	01:17:21.224	1.31958				2
2025.10.30	01:17:23.379	1.31959				2
2025.10.30	01:17:23.691	1.31960				2
2025.10.30	01:17:24.304	1.31961				2
2025.10.30	01:17:25.240	1.31959				2
2025.10.30	01:17:26.164	1.31960				2
2025.10.30	01:17:27.092	1.31961				2
2025.10.30	01:17:27.403	1.31960	1.31962			6
2025.10.30	01:17:28.338	1.31959				2
2025.10.30	01:17:29.264	1.31960				2
2025.10.30	01:17:30.180	1.31961				2
2025.10.30	01:17:31.416	1.31960				2
2025.10.30	01:17:32.330	1.31959				2
2025.10.30	01:17:33.259	1.31960				2
2025.10.30	01:17:34.185	1.31961				2
2025.10.30	01:18:00.282	1.31961				2
2025.10.30	01:18:27.596		1.31962			4
2025.10.30	01:18:57.681	1.31962	1.31963			6
2025.10.30	01:18:58.926	1.31961	1.31962			6
2025.10.30	01:19:00.163	1.31961				2
2025.10.30	01:19:14.361	1.31962	1.31963			6
2025.10.30	01:19:15.286	1.31959	1.31962			6
2025.10.30	01:19:17.133	1.31960				2
2025.10.30	01:19:19.276	1.31961				2
2025.10.30	01:19:21.122	1.31962	1.31963			6
2025.10.30	01:19:42.621		1.31964			4
2025.10.30	01:19:43.240	1.31960				2
2025.10.30	01:19:44.162	1.31961				2
2025.10.30	01:19:44.772		1.31963			4
2025.10.30	01:19:45.386	1.31962				2
2025.10.30	01:19:46.308	1.31960				2
2025.10.30	01:19:48.158	1.31961				2
2025.10.30	01:19:49.386	1.31962				2
2025.10.30	01:19:52.176	1.31963	1.31964			6
2025.10.30	01:19:56.157	1.31962	1.31963			6
2025.10.30	01:19:56.781	1.31963	1.31964			6
2025.10.30	01:20:00.168	1.31963				2
2025.10.30	01:20:02.627	1.31960	1.31962			6
2025.10.30	01:20:02.927	1.31957	1.31960			6
2025.10.30	01:20:03.247	1.31953	1.31962			6
2025.10.30	01:20:04.790	1.31954				2
2025.10.30	01:20:05.413	1.31948	1.31957			6
2025.10.30	01:20:05.719	1.31951				2
2025.10.30	01:20:10.097	1.31952				2
2025.10.30	01:20:10.726	1.31951				2
2025.10.30	01:20:12.281	1.31952				2
2025.10.30	01:20:13.216	1.31954				2
2025.10.30	01:20:13.526	1.31952				2
2025.10.30	01:20:13.830	1.31953				2
2025.10.30	01:20:15.388	1.31954				2
2025.10.30	01:20:16.318	1.31953				2
2025.10.30	01:20:17.250	1.31956				2
2025.10.30	01:20:17.867	1.31954	1.31955			6
2025.10.30	01:20:18.179	1.31952	1.31954			6
2025.10.30	01:20:20.350	1.31951				2
2025.10.30	01:20:21.611	1.31953	1.31955			6
2025.10.30	01:20:21.918	1.31956	1.31960			6
2025.10.30	01:20:22.228	1.31954				2
2025.10.30	01:20:22.546	1.31956				2
2025.10.30	01:20:23.158	1.31954				2
2025.10.30	01:20:23.772	1.31956	1.31961			6
2025.10.30	01:20:24.080	1.31960	1.31962			6
2025.10.30	01:20:25.008	1.31959				2
2025.10.30	01:20:25.314	1.31960				2
2025.10.30	01:20:26.240	1.31961				2
2025.10.30	01:20:27.167	1.31960				2
2025.10.30	01:20:29.330	1.31961				2
2025.10.30	01:20:36.388	1.31960				2
2025.10.30	01:20:37.914	1.31961				2
2025.10.30	01:20:40.659	1.31960				2
2025.10.30	01:20:45.870	1.31961				2
2025.10.30	01:20:59.664	1.31962	1.31963			6
2025.10.30	01:21:00.270	1.31962				2
2025.10.30	01:21:00.584	1.31961	1.31962			6
2025.10.30	01:21:00.888	1.31960				2
2025.10.30	01:21:02.120	1.31961				2
2025.10.30	01:21:23.879	1.31962	1.31963			6
2025.10.30	01:21:35.853	1.31961	1.31962			6
2025.10.30	01:21:40.755	1.31962	1.31963			6
2025.10.30	01:21:45.371	1.31961				2
2025.10.30	01:21:47.227	1.31962				2
2025.10.30	01:22:00.158	1.31962				2
2025.10.30	01:22:00.465	1.31960	1.31962			6
2025.10.30	01:22:02.325	1.31957				2
2025.10.30	01:22:03.252	1.31956				2
2025.10.30	01:22:04.183	1.31957				2
2025.10.30	01:22:05.416	1.31958				2
2025.10.30	01:22:08.183	1.31959				2
2025.10.30	01:22:11.274	1.31960				2
2025.10.30	01:22:13.738	1.31958	1.31961			6
2025.10.30	01:22:14.045	1.31957	1.31960			6
2025.10.30	01:22:15.269	1.31954	1.31962			6
2025.10.30	01:22:19.291	1.31955				2
2025.10.30	01:22:21.155		1.31961			4
2025.10.30	01:22:22.384	1.31956				2
2025.10.30	01:22:23.004	1.31955	1.31960			6
2025.10.30	01:22:24.244	1.31956				2
2025.10.30	01:22:27.325		1.31959			4
2025.10.30	01:22:28.550	1.31957	1.31960			6
2025.10.30	01:22:34.336	1.31958	1.31961			6
2025.10.30	01:22:34.648	1.31957	1.31960			6
2025.10.30	01:22:34.961	1.31958	1.31961			6
2025.10.30	01:22:35.263	1.31957	1.31960			6
2025.10.30	01:22:36.181	1.31958	1.31961			6
2025.10.30	01:22:38.022	1.31957	1.31960			6
2025.10.30	01:22:38.331	1.31958	1.31961			6
2025.10.30	01:22:38.948	1.31957	1.31960			6
2025.10.30	01:22:39.250	1.31958	1.31961			6
2025.10.30	01:22:40.162	1.31957	1.31960			6
2025.10.30	01:22:40.472	1.31956	1.31959			6
2025.10.30	01:22:42.916	1.31957	1.31960			6
2025.10.30	01:22:43.529	1.31958	1.31961			6
2025.10.30	01:22:44.146	1.31957	1.31960			6
2025.10.30	01:22:59.444	1.31955	1.31958			6
2025.10.30	01:22:59.745	1.31956				2
2025.10.30	01:23:00.046	1.31956				2
2025.10.30	01:23:00.350	1.31955				2
2025.10.30	01:23:05.906	1.31953	1.31954			6
2025.10.30	01:23:06.211	1.31954	1.31955			6
2025.10.30	01:23:08.357	1.31955	1.31958			6
2025.10.30	01:23:09.272		1.31959			4
2025.10.30	01:23:11.755	1.31952				2
2025.10.30	01:23:12.072	1.31953				2
2025.10.30	01:23:16.717	1.31952				2
2025.10.30	01:23:17.335	1.31953				2
2025.10.30	01:23:18.261	1.31957	1.31960			6
2025.10.30	01:23:18.565	1.31953	1.31958			6
2025.10.30	01:23:19.181	1.31952	1.31959			6
2025.10.30	01:23:20.420	1.31953				2
2025.10.30	01:23:22.275	1.31952				2
2025.10.30	01:23:23.509	1.31953				2
2025.10.30	01:23:29.071		1.31957			4
2025.10.30	01:23:29.377	1.31954				2
2025.10.30	01:23:30.304	1.31953				2
2025.10.30	01:23:30.608	1.31954				2
2025.10.30	01:23:35.846	1.31953	1.31956			6
2025.10.30	01:23:38.625	1.31954	1.31957			6
2025.10.30	01:23:39.553	1.31953	1.31956			6
2025.10.30	01:23:40.784	1.31954	1.31957			6
2025.10.30	01:24:00.094	1.31954				2
2025.10.30	01:24:01.013	1.31953	1.31956			6
2025.10.30	01:24:05.316	1.31954	1.31957			6
2025.10.30	01:24:08.387	1.31953	1.31956			6
2025.10.30	01:24:15.118	1.31954	1.31957			6
2025.10.30	01:24:15.421	1.31953	1.31956			6
2025.10.30	01:24:22.211	1.31952	1.31954			6
2025.10.30	01:24:22.513	1.31953				2
2025.10.30	01:24:24.344	1.31954	1.31955			6
2025.10.30	01:24:26.809	1.31953	1.31954			6
2025.10.30	01:24:33.538	1.31952				2
2025.10.30	01:24:34.767	1.31953				2
2025.10.30	01:24:45.797	1.31955	1.31958			6
2025.10.30	01:24:46.099	1.31954	1.31957			6
2025.10.30	01:24:46.722	1.31955	1.31958			6
2025.10.30	01:24:47.339	1.31953	1.31959			6
2025.10.30	01:24:47.656	1.31954				2
2025.10.30	01:24:50.141	1.31953				2
2025.10.30	01:24:53.223	1.31954				2
2025.10.30	01:24:53.530		1.31957			4
2025.10.30	01:24:53.842	1.31953				2
2025.10.30	01:24:54.154	1.31954				2
2025.10.30	01:24:55.381	1.31953				2
2025.10.30	01:24:57.241	1.31954				2
2025.10.30	01:24:59.094	1.31955				2
2025.10.30	01:24:59.710	1.31954				2
2025.10.30	01:25:00.018	1.31954				2
2025.10.30	01:25:00.326	1.31953	1.31956			6
2025.10.30	01:25:00.639	1.31957	1.31959			6
2025.10.30	01:25:01.262	1.31955				2
2025.10.30	01:25:02.507	1.31953				2
2025.10.30	01:25:04.977	1.31954				2
2025.10.30	01:25:05.599		1.31957			4
2025.10.30	01:25:10.866		1.31959			4
2025.10.30	01:25:12.100	1.31956				2
2025.10.30	01:25:14.268	1.31957				2
2025.10.30	01:25:15.192	1.31956				2
2025.10.30	01:25:25.009	1.31957				2
2025.10.30	01:25:28.999	1.31956				2
2025.10.30	01:25:29.306	1.31957				2
2025.10.30	01:25:52.972	1.31958				2
2025.10.30	01:25:57.565	1.31957				2
2025.10.30	01:25:59.725	1.31954	1.31957			6
2025.10.30	01:26:00.032	1.31954				2
2025.10.30	01:26:00.339	1.31952	1.31959			6
2025.10.30	01:26:07.232	1.31953				2
2025.10.30	01:26:08.161	1.31954				2
2025.10.30	01:26:10.336	1.31955				2
2025.10.30	01:26:12.169	1.31956				2
2025.10.30	01:26:14.302	1.31955	1.31958			6
2025.10.30	01:26:15.841	1.31954	1.31957			6
2025.10.30	01:26:17.370	1.31955	1.31958			6
2025.10.30	01:26:18.288	1.31954	1.31957			6
2025.10.30	01:26:23.191	1.31953	1.31956			6
2025.10.30	01:26:30.551	1.31955	1.31958			6
2025.10.30	01:26:31.154	1.31949	1.31959			6
2025.10.30	01:26:33.324	1.31950				2
2025.10.30	01:26:35.197	1.31951				2
2025.10.30	01:26:36.133	1.31952	1.31958			6
2025.10.30	01:26:37.367	1.31953	1.31957			6
2025.10.30	01:26:38.304	1.31954				2
2025.10.30	01:26:41.366	1.31949	1.31952			6
2025.10.30	01:26:41.670	1.31951	1.31954			6
2025.10.30	01:26:42.288	1.31950				2
2025.10.30	01:26:43.545	1.31949				2
2025.10.30	01:26:50.101	1.31950				2
2025.10.30	01:26:51.346	1.31951				2
2025.10.30	01:26:53.208	1.31952				2
2025.10.30	01:26:54.432	1.31951				2
2025.10.30	01:26:56.261	1.31952				2
2025.10.30	01:26:57.785	1.31951				2
2025.10.30	01:26:58.088	1.31952				2
2025.10.30	01:26:59.011	1.31953				2
2025.10.30	01:26:59.320	1.31951				2
2025.10.30	01:26:59.637	1.31950				2
2025.10.30	01:27:00.254	1.31948				2
2025.10.30	01:27:00.572	1.31949				2
2025.10.30	01:27:02.123	1.31950				2
2025.10.30	01:27:03.382	1.31951				2
2025.10.30	01:27:03.701	1.31952				2
2025.10.30	01:27:05.241	1.31950	1.31953			6
2025.10.30	01:27:05.546	1.31951	1.31954			6
2025.10.30	01:27:08.314	1.31952				2
2025.10.30	01:27:11.691	1.31953				2
2025.10.30	01:27:11.997	1.31952				2
2025.10.30	01:27:25.495		1.31955			4
2025.10.30	01:27:25.800	1.31953	1.31956			6
2025.10.30	01:27:36.242	1.31952	1.31955			6
2025.10.30	01:27:46.356	1.31955	1.31958			6
2025.10.30	01:27:46.664	1.31953	1.31956			6
2025.10.30	01:27:47.276		1.31957			4
2025.10.30	01:27:48.208		1.31956			4
2025.10.30	01:28:00.142	1.31952	1.31955			6
2025.10.30	01:28:03.224	1.31953	1.31956			6
2025.10.30	01:28:03.527	1.31952	1.31955			6
2025.10.30	01:28:04.141	1.31951	1.31954			6
2025.10.30	01:28:04.444	1.31953	1.31956			6
2025.10.30	01:28:05.369	1.31952	1.31955			6
2025.10.30	01:28:06.283		1.31956			4
2025.10.30	01:28:07.222		1.31955			4
2025.10.30	01:28:08.751	1.31951	1.31954			6
2025.10.30	01:28:09.367		1.31956			4
2025.10.30	01:28:11.218		1.31955			4
2025.10.30	01:28:13.391	1.31952				2
2025.10.30	01:28:16.753	1.31953	1.31956			6
2025.10.30	01:28:17.365	1.31952	1.31955			6
2025.10.30	01:28:17.666		1.31954			4
2025.10.30	01:28:17.968	1.31948	1.31951			6
2025.10.30	01:28:18.271	1.31949	1.31952			6
2025.10.30	01:28:18.573	1.31947	1.31948			6
2025.10.30	01:28:18.878	1.31948	1.31950			6
2025.10.30	01:28:19.812		1.31951			4
2025.10.30	01:28:20.436		1.31953			4
2025.10.30	01:28:21.972	1.31947	1.31952			6
2025.10.30	01:28:22.278		1.31951			4
2025.10.30	01:28:24.444	1.31948				2
2025.10.30	01:28:25.992	1.31947				2
2025.10.30	01:28:26.299	1.31948	1.31952			6
2025.10.30	01:28:31.250	1.31949				2
2025.10.30	01:28:32.171	1.31950				2
2025.10.30	01:28:33.722	1.31949	1.31951			6
2025.10.30	01:28:34.031	1.31948				2
2025.10.30	01:28:34.339	1.31949				2
2025.10.30	01:28:34.645	1.31948				2
2025.10.30	01:28:34.951	1.31949	1.31952			6
2025.10.30	01:28:35.257	1.31948	1.31951			6
2025.10.30	01:28:36.190	1.31949	1.31953			6
2025.10.30	01:28:37.120	1.31950	1.31952			6
2025.10.30	01:28:37.426	1.31949				2
2025.10.30	01:28:37.729	1.31950				2
2025.10.30	01:28:38.665	1.31949				2
2025.10.30	01:28:38.971	1.31950				2
2025.10.30	01:28:41.436	1.31949				2
2025.10.30	01:28:41.743	1.31950				2
2025.10.30	01:28:42.965		1.31951			4
2025.10.30	01:28:46.343	1.31948	1.31950			6
2025.10.30	01:28:46.646		1.31949			4
2025.10.30	01:28:53.433	1.31947				2
2025.10.30	01:28:53.743		1.31948			4
2025.10.30	01:28:57.134	1.31948	1.31949			6
2025.10.30	01:29:00.243	1.31948				2
2025.10.30	01:29:01.188	1.31949	1.31950			6
2025.10.30	01:29:02.729	1.31952	1.31953			6
2025.10.30	01:29:03.036	1.31953	1.31954			6
2025.10.30	01:29:03.340	1.31951	1.31952			6
2025.10.30	01:29:03.642	1.31952	1.31953			6
2025.10.30	01:29:05.182	1.31951	1.31952			6
2025.10.30	01:29:06.392	1.31950				2
2025.10.30	01:29:07.315	1.31951	1.31954			6
2025.10.30	01:29:14.069	1.31952				2
2025.10.30	01:29:15.280	1.31951				2
2025.10.30	01:29:19.256	1.31952				2
2025.10.30	01:29:21.699	1.31951				2
2025.10.30	01:29:22.008	1.31952				2
2025.10.30	01:29:22.618	1.31951				2
2025.10.30	01:29:24.458	1.31952				2
2025.10.30	01:29:28.139	1.31951	1.31953			6
2025.10.30	01:29:30.274	1.31950				2
2025.10.30	01:29:30.888	1.31951				2
2025.10.30	01:29:37.316		1.31954			4
2025.10.30	01:29:53.895		1.31953			4
2025.10.30	01:29:58.839	1.31952				2
2025.10.30	01:30:00.076	1.31952				2
2025.10.30	01:30:00.693	1.31951				2
2025.10.30	01:30:00.996	1.31952				2
2025.10.30	01:30:01.304	1.31951				2
2025.10.30	01:30:02.244	1.31952				2
2025.10.30	01:30:02.855	1.31951	1.31954			6
2025.10.30	01:30:03.171		1.31955			4
2025.10.30	01:30:04.413	1.31950	1.31954			6
2025.10.30	01:30:06.571	1.31951				2
2025.10.30	01:30:08.115	1.31952				2
2025.10.30	01:30:08.421	1.31951				2
2025.10.30	01:30:11.814	1.31952				2
2025.10.30	01:30:13.058	1.31950	1.31953			6
2025.10.30	01:30:13.365	1.31951				2
2025.10.30	01:30:15.215		1.31954			4
2025.10.30	01:30:22.331	1.31952	1.31955			6
2025.10.30	01:30:26.047		1.31954			4
2025.10.30	01:30:31.638	1.31951				2
2025.10.30	01:30:35.690	1.31952				2
2025.10.30	01:30:35.997	1.31951				2
2025.10.30	01:30:36.618		1.31953			4
2025.10.30	01:30:37.872	1.31952				2
2025.10.30	01:30:39.746	1.31951	1.31952			6
2025.10.30	01:30:43.175	1.31950				2
2025.10.30	01:30:43.482	1.31951				2
2025.10.30	01:31:00.311	1.31951				2
2025.10.30	01:31:00.937	1.31950				2
2025.10.30	01:31:02.196	1.31949				2
2025.10.30	01:31:03.124	1.31950				2
2025.10.30	01:31:13.075		1.31953			4
2025.10.30	01:31:13.382	1.31949	1.31952			6
2025.10.30	01:31:14.320	1.31950	1.31953			6
2025.10.30	01:31:15.869		1.31952			4
2025.10.30	01:31:16.178		1.31953			4
2025.10.30	01:31:22.405		1.31952			4
2025.10.30	01:31:27.658		1.31953			4
2025.10.30	01:31:28.269		1.31952			4
2025.10.30	01:31:29.195	1.31951				2
2025.10.30	01:31:30.126	1.31949				2
2025.10.30	01:31:30.431	1.31948	1.31953			6
2025.10.30	01:31:31.358		1.31952			4
2025.10.30	01:31:42.205	1.31949				2
2025.10.30	01:31:45.295	1.31950				2
2025.10.30	01:31:52.946	1.31951	1.31954			6
2025.10.30	01:31:53.258		1.31953			4
2025.10.30	01:31:54.174	1.31949				2
2025.10.30	01:31:56.343	1.31950				2
2025.10.30	01:31:57.577	1.31951	1.31954			6
2025.10.30	01:32:00.050	1.31951				2
2025.10.30	01:32:03.167	1.31950				2
2025.10.30	01:32:06.274	1.31951				2
2025.10.30	01:32:10.272	1.31952				2
2025.10.30	01:32:38.449	1.31953				2
2025.10.30	01:32:38.758	1.31952				2
2025.10.30	01:32:40.897	1.31953				2
2025.10.30	01:32:41.202	1.31952				2
2025.10.30	01:32:46.077	1.31953				2
2025.10.30	01:32:48.534	1.31952				2
2025.10.30	01:32:49.454	1.31953				2
2025.10.30	01:32:49.758	1.31952				2
2025.10.30	01:32:50.059	1.31953				2
2025.10.30	01:32:50.368	1.31952				2
2025.10.30	01:32:57.704		1.31954			4
2025.10.30	01:33:00.158	1.31952				2
2025.10.30	01:33:35.253	1.31951				2
2025.10.30	01:33:43.334	1.31952				2
2025.10.30	01:33:46.135	1.31953				2
2025.10.30	01:33:50.114	1.31952				2
2025.10.30	01:33:50.426	1.31953				2
2025.10.30	01:33:55.937		1.31955			4
2025.10.30	01:33:58.692		1.31954			4
2025.10.30	01:34:00.224	1.31953				2
2025.10.30	01:34:02.058		1.31955			4
2025.10.30	01:34:02.366		1.31954			4
2025.10.30	01:34:03.290	1.31952				2
2025.10.30	01:34:05.446	1.31953				2
2025.10.30	01:34:06.372	1.31951				2
2025.10.30	01:34:16.298	1.31952				2
2025.10.30	01:34:17.226	1.31953				2
2025.10.30	01:34:21.172	1.31951				2
2025.10.30	01:34:30.133	1.31952				2
2025.10.30	01:34:32.271	1.31953				2
2025.10.30	01:34:38.377	1.31952				2
2025.10.30	01:34:39.303	1.31953				2
2025.10.30	01:34:39.920	1.31952				2
2025.10.30	01:34:40.523	1.31955	1.31957			6
2025.10.30	01:34:40.825	1.31953	1.31955			6
2025.10.30	01:34:50.352	1.31952				2
2025.10.30	01:34:55.866	1.31954				2
2025.10.30	01:34:56.172	1.31953				2
2025.10.30	01:35:00.169	1.31953				2
2025.10.30	01:35:02.612		1.31954			4
2025.10.30	01:35:03.527		1.31955			4
2025.10.30	01:35:06.296	1.31952				2
2025.10.30	01:35:06.916		1.31954			4
2025.10.30	01:35:07.223	1.31951				2
2025.10.30	01:35:07.837	1.31952				2
2025.10.30	01:35:08.145	1.31951				2
2025.10.30	01:35:26.272	1.31952				2
2025.10.30	01:35:27.183	1.31951				2
2025.10.30	01:35:36.115		1.31953			4
2025.10.30	01:35:41.040		1.31954			4
2025.10.30	01:35:41.957	1.31952				2
2025.10.30	01:35:43.183	1.31951				2
2025.10.30	01:35:51.153	1.31952				2
2025.10.30	01:35:52.386	1.31951				2
2025.10.30	01:35:56.060	1.31952	1.31955			6
2025.10.30	01:35:56.365	1.31953	1.31956			6
2025.10.30	01:35:56.987	1.31952	1.31954			6
2025.10.30	01:36:00.075	1.31952				2
2025.10.30	01:36:00.694	1.31951				2
2025.10.30	01:36:10.199	1.31952				2
2025.10.30	01:36:42.947	1.31951				2
2025.10.30	01:36:44.174	1.31952				2
2025.10.30	01:36:50.608	1.31951				2
2025.10.30	01:36:57.066		1.31954			4
2025.10.30	01:36:57.369	1.31955	1.31957			6
2025.10.30	01:36:58.291	1.31954				2
2025.10.30	01:37:00.151	1.31953	1.31956			6
2025.10.30	01:37:00.452	1.31954	1.31957			6
2025.10.30	01:37:03.840	1.31953	1.31956			6
2025.10.30	01:37:06.617		1.31957			4
2025.10.30	01:37:10.007	1.31954	1.31958			6
2025.10.30	01:37:10.313		1.31959			4
2025.10.30	01:37:13.097	1.31955				2
2025.10.30	01:37:14.924		1.31958			4
2025.10.30	01:37:20.768	1.31956				2
2025.10.30	01:37:21.381	1.31955				2
2025.10.30	01:37:24.742	1.31953	1.31955			6
2025.10.30	01:37:25.356	1.31952				2
2025.10.30	01:37:26.292	1.31953				2
2025.10.30	01:37:29.954		1.31954			4
2025.10.30	01:37:30.259		1.31955			4
2025.10.30	01:37:31.786	1.31952				2
2025.10.30	01:37:32.089	1.31955	1.31957			6
2025.10.30	01:37:32.397	1.31954				2
2025.10.30	01:37:50.746	1.31953	1.31954			6
2025.10.30	01:37:51.361	1.31952				2
2025.10.30	01:38:00.048	1.31952				2
2025.10.30	01:38:00.357	1.31951				2
2025.10.30	01:38:06.250	1.31952				2
2025.10.30	01:38:07.169	1.31953				2
2025.10.30	01:38:13.581	1.31952				2
2025.10.30	01:38:16.327	1.31953				2
2025.10.30	01:38:19.086	1.31952				2
2025.10.30	01:38:19.705	1.31956	1.31957			6
2025.10.30	01:38:20.319	1.31955	1.31959			6
2025.10.30	01:38:20.624		1.31960			4
2025.10.30	01:38:20.934	1.31954	1.31957			6
2025.10.30	01:38:21.557	1.31955	1.31959			6
2025.10.30	01:38:21.864	1.31954	1.31958			6
2025.10.30	01:38:22.171		1.31960			4
2025.10.30	01:38:22.485		1.31959			4
2025.10.30	01:38:22.792		1.31957			4
2025.10.30	01:38:24.021		1.31958			4
2025.10.30	01:38:29.270	1.31955				2
2025.10.30	01:38:31.119	1.31956				2
2025.10.30	01:38:33.562		1.31959			4
2025.10.30	01:38:35.403		1.31958			4
2025.10.30	01:38:37.855		1.31959			4
2025.10.30	01:38:38.778	1.31955	1.31958			6
2025.10.30	01:38:42.774		1.31957			4
2025.10.30	01:38:44.920		1.31958			4
2025.10.30	01:38:45.227		1.31957			4
2025.10.30	01:38:49.817		1.31958			4
2025.10.30	01:38:50.122	1.31956	1.31959			6
2025.10.30	01:38:52.565		1.31958			4
2025.10.30	01:38:53.171	1.31955				2
2025.10.30	01:38:53.787	1.31954	1.31957			6
2025.10.30	01:38:55.619	1.31952	1.31954			6
2025.10.30	01:38:55.924	1.31951				2
2025.10.30	01:38:56.229	1.31949				2
2025.10.30	01:38:57.166	1.31953	1.31957			6
2025.10.30	01:38:57.472		1.31958			4
2025.10.30	01:39:00.238	1.31953				2
2025.10.30	01:39:07.312	1.31954				2
2025.10.30	01:39:08.234	1.31955				2
2025.10.30	01:39:10.102	1.31956				2
2025.10.30	01:39:12.251		1.31959			4
2025.10.30	01:39:16.233		1.31958			4
2025.10.30	01:39:24.192	1.31957				2
2025.10.30	01:39:27.564	1.31956				2
2025.10.30	01:39:39.207	1.31957				2
2025.10.30	01:39:40.434	1.31956				2
2025.10.30	01:39:55.436	1.31957				2
2025.10.30	01:40:00.026	1.31957				2
2025.10.30	01:40:00.646	1.31956				2
2025.10.30	01:40:03.104		1.31957			4
2025.10.30	01:40:03.413		1.31958			4
2025.10.30	01:40:05.855		1.31957			4
2025.10.30	01:40:06.165		1.31958			4
2025.10.30	01:40:06.469		1.31957			4
2025.10.30	01:40:07.082		1.31958			4
2025.10.30	01:40:13.222		1.31957			4
2025.10.30	01:40:14.138		1.31958			4
2025.10.30	01:40:45.533		1.31959			4
2025.10.30	01:40:57.558	1.31957	1.31960			6
2025.10.30	01:40:58.497		1.31959			4
2025.10.30	01:40:58.803		1.31960			4
2025.10.30	01:40:59.119	1.31956				2
2025.10.30	01:40:59.435		1.31959			4
2025.10.30	01:41:00.058	1.31956				2
2025.10.30	01:41:00.364	1.31955				2
2025.10.30	01:41:02.245	1.31954	1.31958			6
2025.10.30	01:41:02.554		1.31959			4
2025.10.30	01:41:03.173	1.31955				2
2025.10.30	01:41:05.040		1.31958			4
2025.10.30	01:41:06.281	1.31956				2
2025.10.30	01:41:06.590		1.31959			4
2025.10.30	01:41:07.209		1.31958			4
2025.10.30	01:41:08.142		1.31959			4
2025.10.30	01:41:08.767		1.31960			4
2025.10.30	01:41:09.075		1.31959			4
2025.10.30	01:41:10.927	1.31957				2
2025.10.30	01:41:14.023	1.31956				2
2025.10.30	01:41:14.327	1.31957				2
2025.10.30	01:41:15.245	1.31956				2
2025.10.30	01:41:18.342	1.31957	1.31958			6
2025.10.30	01:41:21.416		1.31959			4
2025.10.30	01:41:22.963	1.31956	1.31958			6
2025.10.30	01:41:23.272	1.31957	1.31959			6
2025.10.30	01:41:25.133	1.31956				2
2025.10.30	01:41:26.368		1.31958			4
2025.10.30	01:41:28.225	1.31955				2
2025.10.30	01:41:29.150	1.31956				2
2025.10.30	01:41:30.385		1.31959			4
2025.10.30	01:41:34.402		1.31958			4
2025.10.30	01:41:34.710	1.31957				2
2025.10.30	01:41:40.312	1.31956				2
2025.10.30	01:41:48.050	1.31957				2
2025.10.30	01:41:53.606		1.31960			4
2025.10.30	01:41:56.691	1.31956	1.31959			6
2025.10.30	01:41:57.003	1.31957	1.31960			6
2025.10.30	01:41:58.236	1.31955				2
2025.10.30	01:41:59.165	1.31956				2
2025.10.30	01:42:00.093	1.31956				2
2025.10.30	01:42:00.399		1.31958			4
2025.10.30	01:42:01.325	1.31952				2
2025.10.30	01:42:06.286	1.31953				2
2025.10.30	01:42:12.204	1.31954				2
2025.10.30	01:42:13.148	1.31955				2
2025.10.30	01:42:15.640	1.31956				2
2025.10.30	01:42:23.019	1.31957				2
2025.10.30	01:42:24.865	1.31958	1.31961			6
2025.10.30	01:42:26.092	1.31957	1.31962			6
2025.10.30	01:42:26.393		1.31961			4
2025.10.30	01:42:26.697	1.31956				2
2025.10.30	01:42:27.311	1.31957				2
2025.10.30	01:42:28.245	1.31956				2
2025.10.30	01:42:29.176	1.31957				2
2025.10.30	01:42:32.255	1.31958				2
2025.10.30	01:42:33.187	1.31959				2
2025.10.30	01:42:35.338	1.31958				2
2025.10.30	01:42:36.259	1.31955				2
2025.10.30	01:42:39.387	1.31956				2
2025.10.30	01:42:40.313	1.31957				2
2025.10.30	01:42:41.256	1.31958				2
2025.10.30	01:42:53.820	1.31954	1.31957			6
2025.10.30	01:42:54.734	1.31955				2
2025.10.30	01:42:55.350	1.31952				2
2025.10.30	01:43:00.013	1.31952				2
2025.10.30	01:43:00.634	1.31953	1.31959			6
2025.10.30	01:43:04.083	1.31954				2
2025.10.30	01:43:05.319	1.31955				2
2025.10.30	01:43:07.185	1.31956				2
2025.10.30	01:43:16.384	1.31957	1.31960			6
2025.10.30	01:43:17.004		1.31959			4
2025.10.30	01:43:17.311	1.31958				2
2025.10.30	01:43:18.847	1.31957				2
2025.10.30	01:43:25.563	1.31960	1.31963			6
2025.10.30	01:43:25.866	1.31962	1.31964			6
2025.10.30	01:43:26.775		1.31965			4
2025.10.30	01:43:27.083	1.31959				2
2025.10.30	01:43:27.700		1.31964			4
2025.10.30	01:43:28.323		1.31965			4
2025.10.30	01:43:30.188		1.31964			4
2025.10.30	01:43:31.756	1.31957	1.31961			6
2025.10.30	01:43:33.320	1.31958				2
2025.10.30	01:43:33.946	1.31962	1.31968			6
2025.10.30	01:43:34.265	1.31963	1.31966			6
2025.10.30	01:43:34.579	1.31962				2
2025.10.30	01:43:34.885	1.31961				2
2025.10.30	01:43:35.193	1.31960				2
2025.10.30	01:43:42.361	1.31961				2
2025.10.30	01:43:44.237	1.31962				2
2025.10.30	01:43:45.149		1.31965			4
2025.10.30	01:43:53.131	1.31961	1.31964			6
2025.10.30	01:43:54.049	1.31964	1.31966			6
2025.10.30	01:43:55.279	1.31962				2
2025.10.30	01:43:56.212	1.31963				2
2025.10.30	01:43:56.520	1.31962				2
2025.10.30	01:43:57.450	1.31963				2
2025.10.30	01:43:59.325	1.31964				2
2025.10.30	01:44:00.233	1.31962	1.31965			6
2025.10.30	01:44:01.146	1.31960	1.31966			6
2025.10.30	01:44:02.392	1.31961				2
2025.10.30	01:44:04.243	1.31962				2
2025.10.30	01:44:05.162		1.31965			4
2025.10.30	01:44:14.345	1.31963				2
2025.10.30	01:44:15.272	1.31959	1.31961			6
2025.10.30	01:44:16.193	1.31956				2
2025.10.30	01:44:17.413		1.31962			4
2025.10.30	01:44:20.812	1.31955				2
2025.10.30	01:44:22.370	1.31956				2
2025.10.30	01:44:23.298	1.31957				2
2025.10.30	01:44:24.234		1.31961			4
2025.10.30	01:44:25.154	1.31958				2
2025.10.30	01:44:25.774	1.31965	1.31968			6
2025.10.30	01:44:26.383	1.31963	1.31969			6
2025.10.30	01:44:27.327	1.31960	1.31967			6
2025.10.30	01:44:29.506	1.31961				2
2025.10.30	01:44:30.430	1.31964	1.31971			6
2025.10.30	01:44:33.518		1.31969			4
2025.10.30	01:44:37.559	1.31967	1.31972			6
2025.10.30	01:44:41.293	1.31968				2
2025.10.30	01:44:43.140	1.31967	1.31970			6
2025.10.30	01:44:45.590	1.31964	1.31967			6
2025.10.30	01:44:45.891	1.31965	1.31968			6
2025.10.30	01:44:51.107	1.31966	1.31969			6
2025.10.30	01:44:54.775	1.31965	1.31968			6
2025.10.30	01:44:56.289	1.31966	1.31969			6
2025.10.30	01:44:57.522	1.31965	1.31968			6
2025.10.30	01:45:00.288	1.31965				2
2025.10.30	01:45:02.737	1.31966	1.31969			6
2025.10.30	01:45:03.045	1.31967				2
2025.10.30	01:45:04.281	1.31966				2
2025.10.30	01:45:06.421		1.31968			4
2025.10.30	01:45:06.724	1.31967	1.31969			6
2025.10.30	01:45:08.265	1.31966				2
2025.10.30	01:45:14.999	1.31967				2
2025.10.30	01:45:15.309	1.31968	1.31970			6
2025.10.30	01:45:20.226	1.31967				2
2025.10.30	01:45:22.692	1.31968				2
2025.10.30	01:45:27.581	1.31966	1.31969			6
2025.10.30	01:45:27.888	1.31968				2
2025.10.30	01:45:28.809		1.31970			4
2025.10.30	01:45:45.631	1.31972	1.31974			6
2025.10.30	01:45:45.933	1.31973				2
2025.10.30	01:45:46.235	1.31969				2
2025.10.30	01:45:48.094	1.31970				2
2025.10.30	01:45:50.254	1.31971				2
2025.10.30	01:45:52.097	1.31972				2
2025.10.30	01:45:53.959	1.31971				2
2025.10.30	01:45:55.193	1.31972				2
2025.10.30	01:45:56.736	1.31973				2
2025.10.30	01:45:57.043		1.31975			4
2025.10.30	01:45:57.981	1.31972				2
2025.10.30	01:45:58.603		1.31974			4
2025.10.30	01:46:00.142	1.31972				2
2025.10.30	01:46:04.719	1.31971	1.31973			6
2025.10.30	01:46:05.329	1.31972	1.31974			6
2025.10.30	01:46:24.941		1.31975			4
2025.10.30	01:46:25.243	1.31976	1.31979			6
2025.10.30	01:46:26.160	1.31973				2
2025.10.30	01:46:31.407		1.31978			4
2025.10.30	01:46:32.340	1.31974				2
2025.10.30	01:46:33.271	1.31975				2
2025.10.30	01:46:36.346	1.31976				2
2025.10.30	01:46:43.993		1.31979			4
2025.10.30	01:46:44.302	1.31972	1.31974			6
2025.10.30	01:46:45.216	1.31969				2
2025.10.30	01:46:46.760		1.31976			4
2025.10.30	01:46:47.698		1.31975			4
2025.10.30	01:46:48.613	1.31970				2
2025.10.30	01:46:48.932	1.31969				2
2025.10.30	01:46:51.097	1.31970				2
2025.10.30	01:46:52.335	1.31971				2
2025.10.30	01:46:53.261	1.31972				2
2025.10.30	01:47:00.012	1.31972				2
2025.10.30	01:47:17.755		1.31974			4
2025.10.30	01:48:00.096	1.31972				2
2025.10.30	01:48:01.024		1.31975			4
2025.10.30	01:48:02.561	1.31973	1.31976			6
2025.10.30	01:48:05.040		1.31974			4
2025.10.30	01:48:05.359	1.31972				2
2025.10.30	01:48:07.223	1.31970				2
2025.10.30	01:48:09.402	1.31971				2
2025.10.30	01:48:14.355	1.31972				2
2025.10.30	01:48:30.678		1.31975			4
2025.10.30	01:48:40.243		1.31974			4
2025.10.30	01:48:55.402		1.31975			4
2025.10.30	01:48:59.400	1.31969	1.31971			6
2025.10.30	01:49:00.022	1.31969				2
2025.10.30	01:49:00.329	1.31965				2
2025.10.30	01:49:07.134	1.31966				2
2025.10.30	01:49:08.361	1.31967				2
2025.10.30	01:49:08.982	1.31966				2
2025.10.30	01:49:09.292	1.31967				2
2025.10.30	01:49:11.132	1.31968				2
2025.10.30	01:49:13.910	1.31969				2
2025.10.30	01:49:20.354	1.31968				2
2025.10.30	01:49:24.030		1.31969			4
2025.10.30	01:49:24.335	1.31967				2
2025.10.30	01:49:29.249	1.31966	1.31968			6
2025.10.30	01:49:30.164	1.31965				2
2025.10.30	01:49:30.480	1.31964	1.31967			6
2025.10.30	01:49:30.785	1.31962				2
2025.10.30	01:49:31.717	1.31961				2
2025.10.30	01:49:32.330	1.31960				2
2025.10.30	01:49:33.873	1.31959	1.31966			6
2025.10.30	01:49:34.178		1.31967			4
2025.10.30	01:49:35.738		1.31966			4
2025.10.30	01:49:36.971		1.31967			4
2025.10.30	01:49:38.209	1.31960				2
2025.10.30	01:49:39.134	1.31961				2
2025.10.30	01:49:41.297	1.31962				2
2025.10.30	01:49:42.224		1.31965			4
2025.10.30	01:49:52.038	1.31963	1.31966			6
2025.10.30	01:49:54.800	1.31962	1.31965			6
2025.10.30	01:50:00.029	1.31962				2
2025.10.30	01:50:01.850	1.31963				2
2025.10.30	01:50:02.155	1.31962				2
2025.10.30	01:50:02.470	1.31963				2
2025.10.30	01:50:03.093	1.31962				2
2025.10.30	01:50:04.312	1.31963				2
2025.10.30	01:50:05.848	1.31962				2
2025.10.30	01:50:12.597	1.31961	1.31964			6
2025.10.30	01:50:15.364	1.31962	1.31965			6
2025.10.30	01:50:16.589		1.31964			4
2025.10.30	01:50:22.090	1.31961				2
2025.10.30	01:50:28.222	1.31962	1.31965			6
2025.10.30	01:51:00.059	1.31962				2
2025.10.30	01:51:28.381		1.31965			4
2025.10.30	01:51:43.286	1.31961	1.31964			6
2025.10.30	01:51:46.119	1.31960				2
2025.10.30	01:51:49.216	1.31961				2
2025.10.30	01:51:50.764	1.31965	1.31968			6
2025.10.30	01:51:51.380	1.31963				2
2025.10.30	01:51:59.157	1.31964				2
2025.10.30	01:52:00.104	1.31964				2
2025.10.30	01:52:00.414	1.31965	1.31969			6
2025.10.30	01:52:02.309	1.31966				2
2025.10.30	01:52:03.862		1.31970			4
2025.10.30	01:52:07.288	1.31967				2
2025.10.30	01:52:09.730	1.31966	1.31969			6
2025.10.30	01:52:12.174	1.31967				2
2025.10.30	01:52:18.302		1.31970			4
2025.10.30	01:52:27.778	1.31964	1.31967			6
2025.10.30	01:52:28.088	1.31959	1.31966			6
2025.10.30	01:52:30.902	1.31958	1.31965			6
2025.10.30	01:52:31.211	1.31959				2
2025.10.30	01:52:32.148	1.31960				2
2025.10.30	01:52:32.771	1.31959	1.31963			6
2025.10.30	01:52:33.077	1.31960				2
2025.10.30	01:52:35.258	1.31961				2
2025.10.30	01:52:39.309	1.31962				2
2025.10.30	01:52:48.811	1.31961				2
2025.10.30	01:52:49.112	1.31962				2
2025.10.30	01:52:49.731	1.31961				2
2025.10.30	01:53:00.158	1.31961				2
2025.10.30	01:53:00.472	1.31960	1.31962			6
2025.10.30	01:53:01.095	1.31961	1.31964			6
2025.10.30	01:53:01.401	1.31962				2
2025.10.30	01:53:02.318	1.31961				2
2025.10.30	01:53:03.258	1.31962				2
2025.10.30	01:53:15.219	1.31959	1.31961			6
2025.10.30	01:53:16.135	1.31956				2
2025.10.30	01:53:17.060	1.31955				2
2025.10.30	01:53:22.653	1.31959	1.31965			6
2025.10.30	01:53:24.838	1.31958	1.31963			6
2025.10.30	01:53:25.774	1.31957				2
2025.10.30	01:53:27.016	1.31958				2
2025.10.30	01:53:27.633	1.31957				2
2025.10.30	01:53:30.128	1.31958				2
2025.10.30	01:53:30.457	1.31957	1.31961			6
2025.10.30	01:53:31.067		1.31963			4
2025.10.30	01:53:31.382	1.31958				2
2025.10.30	01:53:32.316	1.31959				2
2025.10.30	01:53:37.248	1.31960				2
2025.10.30	01:53:43.387	1.31959	1.31962			6
2025.10.30	01:53:44.310	1.31960				2
2025.10.30	01:53:45.531	1.31959	1.31961			6
2025.10.30	01:53:45.836	1.31957	1.31960			6
2025.10.30	01:53:47.374	1.31956	1.31961			6
2025.10.30	01:53:48.292	1.31957				2
2025.10.30	01:53:49.206		1.31960			4
2025.10.30	01:53:55.643	1.31958	1.31961			6
2025.10.30	01:53:59.930	1.31951	1.31954			6
2025.10.30	01:54:00.236	1.31952	1.31955			6
2025.10.30	01:54:00.537	1.31953	1.31956			6
2025.10.30	01:54:00.839	1.31954				2
2025.10.30	01:54:01.148	1.31949				2
2025.10.30	01:54:03.004	1.31948				2
2025.10.30	01:54:06.094	1.31949				2
2025.10.30	01:54:09.179	1.31950				2
2025.10.30	01:54:10.109	1.31951				2
2025.10.30	01:54:11.343	1.31952				2
2025.10.30	01:54:13.176		1.31955			4
2025.10.30	01:54:15.001		1.31954			4
2025.10.30	01:54:19.291	1.31950	1.31953			6
2025.10.30	01:54:19.597	1.31951	1.31954			6
2025.10.30	01:54:20.827	1.31949	1.31951			6
2025.10.30	01:54:21.128	1.31948				2
2025.10.30	01:54:22.346	1.31945				2
2025.10.30	01:54:24.215	1.31946				2
2025.10.30	01:54:25.144	1.31947				2
2025.10.30	01:54:27.311	1.31948				2
2025.10.30	01:54:30.049	1.31947	1.31949			6
2025.10.30	01:54:32.190	1.31946	1.31948			6
2025.10.30	01:54:32.495	1.31945				2
2025.10.30	01:54:33.413	1.31942	1.31944			6
2025.10.30	01:54:34.338	1.31941				2
2025.10.30	01:54:34.654	1.31938	1.31941			6
2025.10.30	01:54:36.185	1.31936	1.31939			6
2025.10.30	01:54:36.495	1.31930	1.31936			6
2025.10.30	01:54:37.115	1.31931				2
2025.10.30	01:54:37.423	1.31930				2
2025.10.30	01:54:38.343	1.31929				2
2025.10.30	01:54:41.410	1.31930	1.31935			6
2025.10.30	01:54:41.715	1.31927	1.31933			6
2025.10.30	01:54:42.343	1.31928				2
2025.10.30	01:54:43.575	1.31927	1.31931			6
2025.10.30	01:54:44.197	1.31928				2
2025.10.30	01:54:45.121	1.31929				2
2025.10.30	01:54:50.942	1.31930				2
2025.10.30	01:54:53.076	1.31929				2
2025.10.30	01:55:00.122	1.31929				2
2025.10.30	01:55:01.356		1.31930			4
2025.10.30	01:55:01.660	1.31927				2
2025.10.30	01:55:01.966	1.31928				2
2025.10.30	01:55:03.196	1.31927	1.31929			6
2025.10.30	01:55:03.807	1.31926	1.31928			6
2025.10.30	01:55:05.334	1.31925				2
2025.10.30	01:55:05.948	1.31926	1.31929			6
2025.10.30	01:55:06.249	1.31927				2
2025.10.30	01:55:06.556		1.31928			4
2025.10.30	01:55:06.860		1.31929			4
2025.10.30	01:55:07.167	1.31929	1.31930			6
2025.10.30	01:55:08.100	1.31926				2
2025.10.30	01:55:09.331	1.31927				2
2025.10.30	01:55:10.248	1.31928				2
2025.10.30	01:55:10.860	1.31930	1.31933			6
2025.10.30	01:55:11.166	1.31931	1.31934			6
2025.10.30	01:55:14.256	1.31932				2
2025.10.30	01:55:14.566		1.31933			4
2025.10.30	01:55:15.171	1.31931	1.31932			6
2025.10.30	01:55:21.323		1.31933			4
2025.10.30	01:55:21.626	1.31934	1.31936			6
2025.10.30	01:55:21.928	1.31933				2
2025.10.30	01:55:24.685	1.31936	1.31938			6
2025.10.30	01:55:24.991		1.31939			4
2025.10.30	01:55:25.297	1.31937				2
2025.10.30	01:55:25.608	1.31938				2
2025.10.30	01:55:26.215	1.31933				2
2025.10.30	01:55:28.385	1.31934				2
2025.10.30	01:55:30.230	1.31936				2
2025.10.30	01:55:31.158	1.31937				2
2025.10.30	01:55:31.777	1.31931	1.31935			6
2025.10.30	01:55:32.081	1.31933				2
2025.10.30	01:55:33.318	1.31928				2
2025.10.30	01:55:37.299	1.31929				2
2025.10.30	01:55:38.225	1.31930				2
2025.10.30	01:55:39.141	1.31932	1.31936			6
2025.10.30	01:55:40.049	1.31931				2
2025.10.30	01:55:40.359	1.31932				2
2025.10.30	01:55:41.281	1.31933				2
2025.10.30	01:55:47.127		1.31935			4
2025.10.30	01:55:59.701	1.31936	1.31939			6
2025.10.30	01:56:00.016	1.31937	1.31940			6
2025.10.30	01:56:00.627	1.31938				2
