<DATE>	<TIME>	<BID>	<ASK>	<LAST>	<VOLUME>	<FLAGS>
2025.11.20	00:03:30.465	1.30551	1.30641			6
2025.11.20	00:04:00.036	1.30551				2
2025.11.20	00:04:30.526		1.30641			4
2025.11.20	00:05:00.041	1.30551				2
2025.11.20	00:05:30.556		1.30641			4
2025.11.20	00:06:00.149	1.30551				2
2025.11.20	00:06:14.642	1.30550	1.30640			6
2025.11.20	00:07:00.307	1.30551	1.30641			6
2025.11.20	00:08:00.125	1.30551				2
2025.11.20	00:08:00.434		1.30641			4
2025.11.20	00:09:00.264	1.30551				2
2025.11.20	00:09:00.566		1.30641			4
2025.11.20	00:09:01.182	1.30549	1.30639			6
2025.11.20	00:09:02.422	1.30548	1.30638			6
2025.11.20	00:10:00.308	1.30548				2
2025.11.20	00:10:02.474		1.30638			4
2025.11.20	00:11:00.078	1.30548				2
2025.11.20	00:11:02.538		1.30638			4
2025.11.20	00:12:00.207	1.30548				2
2025.11.20	00:12:02.678		1.30638			4
2025.11.20	00:12:27.004	1.30539	1.30629			6
2025.11.20	00:13:00.011	1.30539				2
2025.11.20	00:13:27.122		1.30629			4
2025.11.20	00:14:00.109	1.30539				2
2025.11.20	00:14:27.244		1.30629			4
2025.11.20	00:15:00.258	1.30539				2
2025.11.20	00:15:20.328	1.30538	1.30663			6
2025.11.20	00:15:21.257	1.30539	1.30629			6
2025.11.20	00:16:00.114	1.30539				2
2025.11.20	00:16:21.383		1.30629			4
2025.11.20	00:17:00.258	1.30539				2
2025.11.20	00:17:21.526		1.30629			4
2025.11.20	00:18:00.051	1.30539				2
2025.11.20	00:18:21.625		1.30629			4
2025.11.20	00:18:46.325	1.30540				2
2025.11.20	00:18:49.718	1.30541				2
2025.11.20	00:18:58.971	1.30540				2
2025.11.20	00:19:00.205	1.30540				2
2025.11.20	00:19:02.978	1.30541				2
2025.11.20	00:19:19.619	1.30540				2
2025.11.20	00:19:21.780		1.30629			4
2025.11.20	00:19:24.240	1.30541				2
2025.11.20	00:19:25.779	1.30540				2
2025.11.20	00:20:00.031	1.30540				2
2025.11.20	00:20:00.340	1.30544	1.30650			6
2025.11.20	00:20:00.651	1.30543				2
2025.11.20	00:20:00.957		1.30648			4
2025.11.20	00:20:04.041	1.30544				2
2025.11.20	00:20:19.178		1.30647			4
2025.11.20	00:20:20.717	1.30546				2
2025.11.20	00:20:29.057	1.30545				2
2025.11.20	00:20:31.518	1.30541	1.30650			6
2025.11.20	00:20:34.297	1.30542	1.30649			6
2025.11.20	00:20:34.916	1.30543	1.30650			6
2025.11.20	00:20:38.310	1.30545				2
2025.11.20	00:20:39.235	1.30544				2
2025.11.20	00:20:51.584	1.30545				2
2025.11.20	00:20:53.748	1.30546				2
2025.11.20	00:20:54.059	1.30545				2
2025.11.20	00:21:00.226	1.30545				2
2025.11.20	00:21:06.375	1.30546				2
2025.11.20	00:21:34.752		1.30638			4
2025.11.20	00:21:35.057	1.30535	1.30633			6
2025.11.20	00:21:35.674	1.30534	1.30634			6
2025.11.20	00:21:50.800	1.30535	1.30633			6
2025.11.20	00:21:51.107		1.30634			4
2025.11.20	00:21:56.972		1.30633			4
2025.11.20	00:21:58.520	1.30536	1.30632			6
2025.11.20	00:21:59.755	1.30535	1.30633			6
2025.11.20	00:22:00.060	1.30535				2
2025.11.20	00:22:06.556	1.30547	1.30649			6
2025.11.20	00:22:06.864	1.30549				2
2025.11.20	00:22:08.093	1.30545				2
2025.11.20	00:22:09.017		1.30647			4
2025.11.20	00:22:09.950	1.30544	1.30640			6
2025.11.20	00:22:10.879	1.30545				2
2025.11.20	00:22:15.187		1.30639			4
2025.11.20	00:22:35.236		1.30638			4
2025.11.20	00:22:38.612		1.30639			4
2025.11.20	00:22:53.728		1.30638			4
2025.11.20	00:23:00.192	1.30545				2
2025.11.20	00:23:06.983	1.30553	1.30639			6
2025.11.20	00:23:08.831	1.30545	1.30638			6
2025.11.20	00:23:13.763	1.30546				2
2025.11.20	00:23:17.903		1.30637			4
2025.11.20	00:23:22.856	1.30560	1.30638			6
2025.11.20	00:23:23.156	1.30561				2
2025.11.20	00:23:37.963	1.30560				2
2025.11.20	00:23:42.893	1.30561				2
2025.11.20	00:23:49.672	1.30560	1.30637			6
2025.11.20	00:24:00.175	1.30560				2
2025.11.20	00:24:06.658	1.30546	1.30636			6
2025.11.20	00:24:06.971	1.30551	1.30637			6
2025.11.20	00:24:09.125	1.30546	1.30636			6
2025.11.20	00:24:18.690	1.30547				2
2025.11.20	00:24:50.235		1.30635			4
2025.11.20	00:24:50.573		1.30636			4
2025.11.20	00:24:50.917		1.30635			4
2025.11.20	00:24:51.259		1.30636			4
2025.11.20	00:24:51.607		1.30635			4
2025.11.20	00:24:51.944		1.30636			4
2025.11.20	00:24:52.300		1.30635			4
2025.11.20	00:24:52.634		1.30636			4
2025.11.20	00:24:52.961		1.30635			4
2025.11.20	00:24:53.322	1.30548	1.30636			6
2025.11.20	00:24:53.664		1.30635			4
2025.11.20	00:24:53.993		1.30636			4
2025.11.20	00:25:01.445	1.30548				2
2025.11.20	00:25:08.718		1.30635			4
2025.11.20	00:25:49.214	1.30549				2
2025.11.20	00:25:56.493	1.30548				2
2025.11.20	00:26:02.151	1.30548				2
2025.11.20	00:26:10.468		1.30635			4
2025.11.20	00:26:18.915	1.30549				2
2025.11.20	00:26:45.308	1.30559				2
2025.11.20	00:26:55.485	1.30556				2
2025.11.20	00:27:00.119	1.30556				2
2025.11.20	00:27:08.757		1.30634			4
2025.11.20	00:27:09.064	1.30554				2
2025.11.20	00:27:10.605	1.30549				2
2025.11.20	00:27:13.462	1.30552				2
2025.11.20	00:27:14.076	1.30549				2
2025.11.20	00:27:17.116		1.30635			4
2025.11.20	00:27:26.117		1.30634			4
2025.11.20	00:27:31.012	1.30553				2
2025.11.20	00:27:35.340	1.30549				2
2025.11.20	00:27:51.315	1.30550	1.30633			6
2025.11.20	00:28:00.014	1.30550				2
2025.11.20	00:28:00.932	1.30553				2
2025.11.20	00:28:02.170	1.30554				2
2025.11.20	00:28:02.478	1.30550				2
2025.11.20	00:28:07.216		1.30634			4
2025.11.20	00:28:15.016		1.30633			4
2025.11.20	00:28:21.915		1.30634			4
2025.11.20	00:28:30.928	1.30553				2
2025.11.20	00:28:40.804	1.30550				2
2025.11.20	00:29:00.770	1.30550				2
2025.11.20	00:29:05.872	1.30548	1.30635			6
2025.11.20	00:29:17.416	1.30547	1.30636			6
2025.11.20	00:29:27.810	1.30545	1.30635			6
2025.11.20	00:29:28.135	1.30549	1.30637			6
2025.11.20	00:29:29.980		1.30636			4
2025.11.20	00:29:30.292	1.30545	1.30635			6
2025.11.20	00:29:50.938	1.30547	1.30636			6
2025.11.20	00:29:58.964	1.30545	1.30635			6
2025.11.20	00:30:00.201	1.30545				2
2025.11.20	00:30:00.502	1.30551	1.30637			6
2025.11.20	00:30:00.809	1.30549				2
2025.11.20	00:30:01.425		1.30636			4
2025.11.20	00:30:01.742	1.30547	1.30637			6
2025.11.20	00:30:03.599	1.30546	1.30636			6
2025.11.20	00:30:12.862	1.30549	1.30650			6
2025.11.20	00:30:13.172	1.30546				2
2025.11.20	00:30:15.948	1.30558				2
2025.11.20	00:30:16.260	1.30546	1.30637			6
2025.11.20	00:30:17.220		1.30636			4
2025.11.20	00:30:20.293	1.30550	1.30634			6
2025.11.20	00:30:20.603	1.30546				2
2025.11.20	00:30:36.819	1.30547	1.30633			6
2025.11.20	00:30:53.116	1.30548	1.30632			6
2025.11.20	00:30:54.069	1.30550				2
2025.11.20	00:30:59.632	1.30551				2
2025.11.20	00:31:00.243	1.30551				2
2025.11.20	00:31:03.026	1.30548				2
2025.11.20	00:31:11.033	1.30551				2
2025.11.20	00:31:12.880	1.30548				2
2025.11.20	00:31:40.933	1.30552				2
2025.11.20	00:31:41.549	1.30548				2
2025.11.20	00:31:55.746		1.30632			4
2025.11.20	00:32:08.344	1.30548				2
2025.11.20	00:32:10.044	1.30549				2
2025.11.20	00:32:10.660	1.30550				2
2025.11.20	00:32:17.768	1.30548				2
2025.11.20	00:32:20.223	1.30549				2
2025.11.20	00:32:33.775	1.30548				2
2025.11.20	00:32:35.028	1.30550				2
2025.11.20	00:32:35.329	1.30551				2
2025.11.20	00:32:37.485	1.30548				2
2025.11.20	00:32:38.268	1.30551				2
2025.11.20	00:32:42.897	1.30548				2
2025.11.20	00:33:00.897	1.30547	1.30633			6
2025.11.20	00:33:02.943	1.30550	1.30634			6
2025.11.20	00:33:09.108		1.30633			4
2025.11.20	00:33:10.643	1.30547				2
2025.11.20	00:33:11.057	1.30550				2
2025.11.20	00:33:20.305	1.30549				2
2025.11.20	00:33:25.857		1.30632			4
2025.11.20	00:33:27.703	1.30548				2
2025.11.20	00:33:52.755	1.30547				2
2025.11.20	00:33:53.061		1.30633			4
2025.11.20	00:34:00.919	1.30547				2
2025.11.20	00:34:41.062	1.30548				2
2025.11.20	00:34:41.985	1.30549				2
2025.11.20	00:34:53.086		1.30633			4
2025.11.20	00:34:56.779	1.30548				2
2025.11.20	00:35:00.176	1.30548				2
2025.11.20	00:35:34.716	1.30549				2
2025.11.20	00:35:35.026	1.30551				2
2025.11.20	00:35:36.885	1.30553				2
2025.11.20	00:35:53.225		1.30633			4
2025.11.20	00:36:00.017	1.30553				2
2025.11.20	00:36:05.269	1.30552				2
2025.11.20	00:36:12.065		1.30634			4
2025.11.20	00:36:14.846	1.30553				2
2025.11.20	00:36:34.612		1.30633			4
2025.11.20	00:36:38.331	1.30554				2
2025.11.20	00:36:43.892	1.30553				2
2025.11.20	00:36:47.900	1.30552				2
2025.11.20	00:36:50.377	1.30553				2
2025.11.20	00:36:50.994	1.30552				2
2025.11.20	00:37:00.282	1.30552				2
2025.11.20	00:37:02.447	1.30553				2
2025.11.20	00:37:03.065	1.30554				2
2025.11.20	00:37:04.297	1.30552				2
2025.11.20	00:37:05.531		1.30632			4
2025.11.20	00:37:12.330	1.30553				2
2025.11.20	00:37:15.411	1.30552				2
2025.11.20	00:37:17.587		1.30631			4
2025.11.20	00:37:18.821	1.30551				2
2025.11.20	00:37:19.128	1.30552				2
2025.11.20	00:37:20.672	1.30553				2
2025.11.20	00:37:20.983	1.30554				2
2025.11.20	00:37:24.697		1.30632			4
2025.11.20	00:37:30.897	1.30552	1.30631			6
2025.11.20	00:37:31.827	1.30551				2
2025.11.20	00:37:33.070	1.30552				2
2025.11.20	00:37:33.996	1.30553				2
2025.11.20	00:37:44.177	1.30552				2
2025.11.20	00:37:46.657	1.30553				2
2025.11.20	00:37:46.965	1.30554				2
2025.11.20	00:37:47.893	1.30553				2
2025.11.20	00:37:48.202	1.30552				2
2025.11.20	00:37:48.818	1.30551				2
2025.11.20	00:37:49.119	1.30552				2
2025.11.20	00:37:50.051	1.30553				2
2025.11.20	00:38:00.243	1.30553				2
2025.11.20	00:38:03.943		1.30632			4
2025.11.20	00:38:05.487	1.30554	1.30633			6
2025.11.20	00:38:10.738	1.30553	1.30632			6
2025.11.20	00:38:11.659	1.30552				2
2025.11.20	00:38:12.283	1.30551				2
2025.11.20	00:38:13.825	1.30553				2
2025.11.20	00:38:18.766	1.30552				2
2025.11.20	00:38:19.073	1.30550				2
2025.11.20	00:38:19.379		1.30631			4
2025.11.20	00:38:21.538	1.30551				2
2025.11.20	00:38:22.457		1.30632			4
2025.11.20	00:38:23.998	1.30552				2
2025.11.20	00:38:26.778	1.30551				2
2025.11.20	00:38:30.787	1.30552				2
2025.11.20	00:38:31.094	1.30554				2
2025.11.20	00:38:35.727	1.30555				2
2025.11.20	00:38:38.510	1.30556				2
2025.11.20	00:38:38.812	1.30555				2
2025.11.20	00:38:40.664	1.30554				2
2025.11.20	00:38:40.977	1.30553				2
2025.11.20	00:38:41.895	1.30552				2
2025.11.20	00:38:42.827		1.30631			4
2025.11.20	00:38:46.532	1.30551				2
2025.11.20	00:38:50.861		1.30630			4
2025.11.20	00:38:51.788	1.30552				2
2025.11.20	00:38:54.869	1.30553	1.30631			6
2025.11.20	00:39:00.126	1.30553				2
2025.11.20	00:39:00.747		1.30630			4
2025.11.20	00:39:01.056	1.30552				2
2025.11.20	00:39:01.675	1.30551	1.30629			6
2025.11.20	00:39:02.999	1.30552	1.30630			6
2025.11.20	00:39:04.228	1.30553				2
2025.11.20	00:39:07.312	1.30552				2
2025.11.20	00:39:10.713		1.30629			4
2025.11.20	00:39:16.268		1.30628			4
2025.11.20	00:39:20.920	1.30553	1.30629			6
2025.11.20	00:39:21.227	1.30552				2
2025.11.20	00:39:22.771	1.30553	1.30633			6
2025.11.20	00:39:23.079	1.30552				2
2025.11.20	00:39:28.645		1.30634			4
2025.11.20	00:39:30.802	1.30550	1.30630			6
2025.11.20	00:39:32.351	1.30551	1.30629			6
2025.11.20	00:39:50.923		1.30631			4
2025.11.20	00:39:52.175		1.30632			4
2025.11.20	00:39:54.640		1.30631			4
2025.11.20	00:39:57.113		1.30632			4
2025.11.20	00:40:00.199	1.30552				2
2025.11.20	00:40:00.823		1.30633			4
2025.11.20	00:40:02.676	1.30551	1.30634			6
2025.11.20	00:40:03.291		1.30630			4
2025.11.20	00:40:11.939	1.30550				2
2025.11.20	00:40:40.665	1.30552	1.30628			6
2025.11.20	00:40:40.988	1.30553	1.30627			6
2025.11.20	00:40:41.866	1.30552	1.30629			6
2025.11.20	00:40:42.172	1.30551				2
2025.11.20	00:40:42.881	1.30552				2
2025.11.20	00:40:43.489	1.30553				2
2025.11.20	00:40:44.419	1.30551	1.30630			6
2025.11.20	00:40:44.726	1.30552				2
2025.11.20	00:40:48.747		1.30629			4
2025.11.20	00:40:49.056	1.30553				2
2025.11.20	00:40:55.848		1.30630			4
2025.11.20	00:40:56.160		1.30631			4
2025.11.20	00:41:00.177	1.30553				2
2025.11.20	00:41:00.482	1.30552				2
2025.11.20	00:41:00.788	1.30551				2
2025.11.20	00:41:01.409	1.30552				2
2025.11.20	00:41:01.726	1.30553				2
2025.11.20	00:41:06.661		1.30630			4
2025.11.20	00:41:15.635	1.30552				2
2025.11.20	00:41:15.941	1.30550				2
2025.11.20	00:41:16.311	1.30551	1.30631			6
2025.11.20	00:41:20.326	1.30552				2
2025.11.20	00:41:20.637	1.30554				2
2025.11.20	00:41:26.496		1.30632			4
2025.11.20	00:41:29.888	1.30553				2
2025.11.20	00:41:30.200	1.30554				2
2025.11.20	00:41:30.510	1.30555				2
2025.11.20	00:41:36.676	1.30553				2
2025.11.20	00:41:40.688	1.30556				2
2025.11.20	00:41:40.998	1.30555				2
2025.11.20	00:41:41.309		1.30633			4
2025.11.20	00:41:41.927	1.30556	1.30634			6
2025.11.20	00:41:42.847	1.30555				2
2025.11.20	00:41:43.156	1.30556				2
2025.11.20	00:41:45.934	1.30555	1.30632			6
2025.11.20	00:41:47.782		1.30633			4
2025.11.20	00:41:48.088	1.30556				2
2025.11.20	00:41:50.875	1.30554	1.30632			6
2025.11.20	00:41:51.178	1.30555				2
2025.11.20	00:41:51.799		1.30631			4
2025.11.20	00:41:52.105	1.30556				2
2025.11.20	00:41:53.648	1.30557	1.30634			6
2025.11.20	00:41:53.957	1.30554	1.30635			6
2025.11.20	00:41:54.269	1.30556				2
2025.11.20	00:41:54.575	1.30553				2
2025.11.20	00:41:55.190	1.30554				2
2025.11.20	00:41:55.809		1.30634			4
2025.11.20	00:41:58.902	1.30555				2
2025.11.20	00:41:59.206	1.30553	1.30631			6
2025.11.20	00:41:59.518	1.30552	1.30630			6
2025.11.20	00:42:00.139	1.30553				2
2025.11.20	00:42:00.451	1.30552				2
2025.11.20	00:42:01.066	1.30549				2
2025.11.20	00:42:01.378	1.30551				2
2025.11.20	00:42:01.998	1.30553				2
2025.11.20	00:42:02.930	1.30554				2
2025.11.20	00:42:03.545	1.30555				2
2025.11.20	00:42:12.493	1.30562	1.30650			6
2025.11.20	00:42:13.108	1.30563				2
2025.11.20	00:42:15.878		1.30649			4
2025.11.20	00:42:16.189	1.30562				2
2025.11.20	00:42:16.804	1.30555	1.30630			6
2025.11.20	00:42:17.116	1.30553				2
2025.11.20	00:42:20.834	1.30552	1.30628			6
2025.11.20	00:42:21.761	1.30551				2
2025.11.20	00:42:30.419		1.30629			4
2025.11.20	00:42:31.344	1.30552				2
2025.11.20	00:42:35.361	1.30551				2
2025.11.20	00:42:40.925	1.30549	1.30625			6
2025.11.20	00:42:41.228	1.30548				2
2025.11.20	00:42:41.841	1.30547				2
2025.11.20	00:42:45.841	1.30544				2
2025.11.20	00:42:50.156	1.30547				2
2025.11.20	00:43:00.035	1.30547				2
2025.11.20	00:43:00.654	1.30548	1.30626			6
2025.11.20	00:43:02.200	1.30549				2
2025.11.20	00:43:10.836	1.30561	1.30642			6
2025.11.20	00:43:11.451	1.30560				2
2025.11.20	00:43:11.761	1.30559				2
2025.11.20	00:43:12.382	1.30560				2
2025.11.20	00:43:12.688	1.30561				2
2025.11.20	00:43:13.613	1.30560				2
2025.11.20	00:43:14.232	1.30561				2
2025.11.20	00:43:15.462	1.30562				2
2025.11.20	00:43:15.766	1.30561				2
2025.11.20	00:43:16.078	1.30560				2
2025.11.20	00:43:16.380	1.30563				2
2025.11.20	00:43:16.687	1.30562				2
2025.11.20	00:43:17.002	1.30559				2
2025.11.20	00:43:17.612	1.30558				2
2025.11.20	00:43:17.924	1.30559				2
2025.11.20	00:43:18.233	1.30560				2
2025.11.20	00:43:21.002	1.30561				2
2025.11.20	00:43:26.232	1.30562				2
2025.11.20	00:43:28.085		1.30641			4
2025.11.20	00:43:30.867	1.30561				2
2025.11.20	00:43:33.031	1.30550	1.30626			6
2025.11.20	00:43:33.956		1.30624			4
2025.11.20	00:43:34.880	1.30549				2
2025.11.20	00:43:35.191	1.30550				2
2025.11.20	00:43:40.438		1.30623			4
2025.11.20	00:43:40.742		1.30622			4
2025.11.20	00:43:41.048	1.30549				2
2025.11.20	00:43:41.981		1.30623			4
2025.11.20	00:43:44.141		1.30624			4
2025.11.20	00:43:46.602		1.30623			4
2025.11.20	00:44:00.152	1.30549				2
2025.11.20	00:44:16.485	1.30544	1.30622			6
2025.11.20	00:44:16.795	1.30546				2
2025.11.20	00:44:18.034	1.30545				2
2025.11.20	00:44:27.278	1.30544				2
2025.11.20	00:44:30.063	1.30545				2
2025.11.20	00:44:37.157	1.30546				2
2025.11.20	00:44:39.010	1.30547				2
2025.11.20	00:44:40.861	1.30548				2
2025.11.20	00:44:41.171	1.30547				2
2025.11.20	00:44:46.412	1.30546				2
2025.11.20	00:44:47.029	1.30545				2
2025.11.20	00:44:50.718	1.30547				2
2025.11.20	00:44:55.966	1.30546				2
2025.11.20	00:44:56.362	1.30547				2
2025.11.20	00:44:56.978	1.30546				2
2025.11.20	00:45:01.216	1.30546				2
2025.11.20	00:45:03.189	1.30545	1.30635			6
2025.11.20	00:45:06.592	1.30546	1.30622			6
2025.11.20	00:45:11.684	1.30562	1.30606			6
2025.11.20	00:45:17.668		1.30605			4
2025.11.20	00:45:20.147	1.30559				2
2025.11.20	00:45:21.377	1.30560				2
2025.11.20	00:45:23.846	1.30557	1.30604			6
2025.11.20	00:45:24.152	1.30558				2
2025.11.20	00:45:25.083	1.30560				2
2025.11.20	00:45:26.004		1.30603			4
2025.11.20	00:45:30.628		1.30604			4
2025.11.20	00:45:30.932	1.30562	1.30605			6
2025.11.20	00:45:31.247	1.30561				2
2025.11.20	00:45:31.556	1.30562				2
2025.11.20	00:45:31.866		1.30604			4
2025.11.20	00:45:32.176	1.30561				2
2025.11.20	00:45:32.788	1.30562				2
2025.11.20	00:45:36.188	1.30563				2
2025.11.20	00:45:37.112	1.30564				2
2025.11.20	00:45:39.579		1.30603			4
2025.11.20	00:45:42.358	1.30563				2
2025.11.20	00:45:42.666	1.30564				2
2025.11.20	00:45:43.896	1.30561				2
2025.11.20	00:45:59.019		1.30602			4
2025.11.20	00:46:00.256	1.30561				2
2025.11.20	00:46:01.492		1.30603			4
2025.11.20	00:46:12.601	1.30563	1.30601			6
2025.11.20	00:46:12.908	1.30561	1.30603			6
2025.11.20	00:46:13.221	1.30564				2
2025.11.20	00:46:13.839	1.30563				2
2025.11.20	00:46:14.145	1.30564				2
2025.11.20	00:46:19.086	1.30563	1.30602			6
2025.11.20	00:46:19.710	1.30564				2
2025.11.20	00:46:20.939	1.30563				2
2025.11.20	00:46:23.410		1.30601			4
2025.11.20	00:46:25.873	1.30564	1.30602			6
2025.11.20	00:46:26.810		1.30603			4
2025.11.20	00:46:27.116	1.30563				2
2025.11.20	00:46:30.200	1.30564				2
2025.11.20	00:46:31.741	1.30563				2
2025.11.20	00:46:32.046	1.30564				2
2025.11.20	00:46:33.909	1.30563				2
2025.11.20	00:46:37.908	1.30564				2
2025.11.20	00:46:59.205	1.30563				2
2025.11.20	00:47:00.135	1.30563				2
2025.11.20	00:47:02.925		1.30621			4
2025.11.20	00:47:06.632		1.30603			4
2025.11.20	00:47:14.965	1.30564				2
2025.11.20	00:47:26.390		1.30602			4
2025.11.20	00:47:31.026	1.30562				2
2025.11.20	00:47:31.337	1.30563				2
2025.11.20	00:47:31.641	1.30562				2
2025.11.20	00:47:33.495		1.30603			4
2025.11.20	00:47:36.288	1.30563				2
2025.11.20	00:47:43.709		1.30602			4
2025.11.20	00:47:46.183	1.30564				2
2025.11.20	00:47:46.489	1.30563				2
2025.11.20	00:48:00.078	1.30563				2
2025.11.20	00:48:10.859	1.30564	1.30603			6
2025.11.20	00:48:11.476	1.30563				2
2025.11.20	00:48:11.787	1.30564				2
2025.11.20	00:48:17.046	1.30563				2
2025.11.20	00:48:18.892	1.30564	1.30602			6
2025.11.20	00:48:19.825	1.30563				2
2025.11.20	00:48:20.127	1.30564				2
2025.11.20	00:48:21.052		1.30603			4
2025.11.20	00:48:31.553		1.30602			4
2025.11.20	00:49:00.230	1.30564				2
2025.11.20	00:49:05.777		1.30601			4
2025.11.20	00:49:07.301	1.30563				2
2025.11.20	00:49:07.608	1.30564				2
2025.11.20	00:49:08.840		1.30602			4
2025.11.20	00:49:18.091	1.30572	1.30609			6
2025.11.20	00:49:19.013	1.30574	1.30614			6
2025.11.20	00:49:21.477	1.30565	1.30602			6
2025.11.20	00:49:22.090	1.30564				2
2025.11.20	00:49:31.940		1.30603			4
2025.11.20	00:49:40.896		1.30602			4
2025.11.20	00:49:57.222	1.30572				2
2025.11.20	00:50:00.292	1.30572				2
2025.11.20	00:50:03.077		1.30603			4
2025.11.20	00:50:03.382		1.30604			4
2025.11.20	00:50:05.232		1.30603			4
2025.11.20	00:50:05.848		1.30602			4
2025.11.20	00:50:07.702		1.30603			4
2025.11.20	00:50:12.329		1.30602			4
2025.11.20	00:50:24.341	1.30570				2
2025.11.20	00:50:27.732	1.30562				2
2025.11.20	00:50:28.348	1.30564				2
2025.11.20	00:50:34.202	1.30570				2
2025.11.20	00:50:46.209	1.30572				2
2025.11.20	00:51:00.065	1.30572				2
2025.11.20	00:51:04.681	1.30564				2
2025.11.20	00:51:12.402		1.30602			4
2025.11.20	00:51:21.647		1.30601			4
2025.11.20	00:51:22.876	1.30568	1.30608			6
2025.11.20	00:51:23.183	1.30563	1.30602			6
2025.11.20	00:51:25.961	1.30562				2
2025.11.20	00:51:26.269	1.30563				2
2025.11.20	00:51:26.576	1.30562				2
2025.11.20	00:51:26.890	1.30563				2
2025.11.20	00:51:31.202		1.30601			4
2025.11.20	00:51:37.975	1.30572				2
2025.11.20	00:52:00.130	1.30572				2
2025.11.20	00:52:01.973	1.30570				2
2025.11.20	00:52:09.063	1.30563				2
2025.11.20	00:52:22.018		1.30602			4
2025.11.20	00:52:23.552	1.30572				2
2025.11.20	00:52:30.022		1.30601			4
2025.11.20	00:52:32.182		1.30600			4
2025.11.20	00:52:38.968		1.30601			4
2025.11.20	00:52:52.824	1.30570				2
2025.11.20	00:52:53.744	1.30563				2
2025.11.20	00:52:54.052	1.30570				2
2025.11.20	00:53:00.202	1.30572				2
2025.11.20	00:53:06.061		1.30600			4
2025.11.20	00:53:10.990		1.30601			4
2025.11.20	00:53:25.177	1.30563				2
2025.11.20	00:53:31.356	1.30564				2
2025.11.20	00:53:31.977		1.30602			4
2025.11.20	00:53:35.357	1.30570				2
2025.11.20	00:54:00.043	1.30570				2
2025.11.20	00:54:00.973		1.30603			4
2025.11.20	00:54:05.603		1.30602			4
2025.11.20	00:54:06.530	1.30563				2
2025.11.20	00:54:06.842	1.30564				2
2025.11.20	00:54:08.686	1.30563				2
2025.11.20	00:54:09.302	1.30564				2
2025.11.20	00:54:23.794	1.30563				2
2025.11.20	00:54:25.953		1.30601			4
2025.11.20	00:54:30.590	1.30562				2
2025.11.20	00:54:30.898	1.30561				2
2025.11.20	00:54:31.820	1.30562				2
2025.11.20	00:54:38.302	1.30561	1.30600			6
2025.11.20	00:54:39.219	1.30562				2
2025.11.20	00:54:39.531	1.30561				2
2025.11.20	00:54:41.691		1.30599			4
2025.11.20	00:54:42.002	1.30562				2
2025.11.20	00:54:45.083		1.30600			4
2025.11.20	00:54:46.932	1.30561				2
2025.11.20	00:54:51.263	1.30562				2
2025.11.20	00:54:53.127	1.30561				2
2025.11.20	00:54:58.985		1.30601			4
2025.11.20	00:54:59.914		1.30600			4
2025.11.20	00:55:00.225	1.30561				2
2025.11.20	00:55:05.478	1.30570	1.30601			6
2025.11.20	00:55:06.721		1.30600			4
2025.11.20	00:55:09.195		1.30598			4
2025.11.20	00:55:36.345	1.30560				2
2025.11.20	00:55:40.046	1.30558				2
2025.11.20	00:55:41.288	1.30557				2
2025.11.20	00:55:41.593	1.30558	1.30597			6
2025.11.20	00:55:41.905	1.30557				2
2025.11.20	00:55:52.408	1.30558				2
2025.11.20	00:55:56.416	1.30557				2
2025.11.20	00:55:57.969	1.30559				2
2025.11.20	00:56:00.132	1.30559				2
2025.11.20	00:56:03.841		1.30596			4
2025.11.20	00:56:08.780	1.30558				2
2025.11.20	00:56:20.826	1.30557				2
2025.11.20	00:56:21.448	1.30558				2
2025.11.20	00:56:22.990	1.30559				2
2025.11.20	00:56:23.303	1.30570				2
2025.11.20	00:56:36.887		1.30595			4
2025.11.20	00:56:39.665		1.30596			4
2025.11.20	00:56:42.747	1.30572				2
2025.11.20	00:56:53.559	1.30559				2
2025.11.20	00:56:53.871	1.30560	1.30597			6
2025.11.20	00:56:56.039	1.30559				2
2025.11.20	00:56:57.269		1.30596			4
2025.11.20	00:57:00.066	1.30559				2
2025.11.20	00:57:17.488	1.30572				2
2025.11.20	00:57:48.012	1.30557				2
2025.11.20	00:57:57.558		1.30596			4
2025.11.20	00:58:00.026	1.30557				2
2025.11.20	00:58:01.560	1.30556				2
2025.11.20	00:58:05.882		1.30597			4
2025.11.20	00:58:07.119		1.30596			4
2025.11.20	00:58:08.971	1.30572				2
2025.11.20	00:58:23.775		1.30595			4
2025.11.20	00:58:26.862	1.30570	1.30602			6
2025.11.20	00:58:27.173		1.30601			4
2025.11.20	00:58:27.479		1.30608			4
2025.11.20	00:58:27.788		1.30607			4
2025.11.20	00:58:39.516	1.30561				2
2025.11.20	00:58:40.437		1.30606			4
2025.11.20	00:58:42.599		1.30605			4
2025.11.20	00:58:42.910	1.30560				2
2025.11.20	00:58:43.217	1.30559	1.30606			6
2025.11.20	00:58:43.840	1.30560	1.30608			6
2025.11.20	00:58:44.141		1.30607			4
2025.11.20	00:58:48.156	1.30559				2
2025.11.20	00:58:50.933	1.30561				2
2025.11.20	00:58:57.411	1.30562				2
2025.11.20	00:58:58.340	1.30561				2
2025.11.20	00:59:00.182	1.30561				2
2025.11.20	00:59:05.120		1.30606			4
2025.11.20	00:59:06.041	1.30560	1.30605			6
2025.11.20	00:59:06.970		1.30604			4
2025.11.20	00:59:09.748		1.30605			4
2025.11.20	00:59:10.057	1.30559				2
2025.11.20	00:59:12.527	1.30560				2
2025.11.20	00:59:12.839		1.30606			4
2025.11.20	00:59:14.073		1.30607			4
2025.11.20	00:59:14.383		1.30606			4
2025.11.20	00:59:16.227		1.30605			4
2025.11.20	00:59:20.548		1.30604			4
2025.11.20	00:59:21.170	1.30559	1.30603			6
2025.11.20	00:59:22.400	1.30560				2
2025.11.20	00:59:27.968	1.30559				2
2025.11.20	00:59:28.276	1.30557				2
2025.11.20	00:59:28.581	1.30558	1.30604			6
2025.11.20	00:59:30.129	1.30557				2
2025.11.20	00:59:30.738	1.30556	1.30599			6
2025.11.20	00:59:31.043	1.30558	1.30597			6
2025.11.20	00:59:36.599	1.30557	1.30598			6
2025.11.20	00:59:36.909	1.30556	1.30599			6
2025.11.20	00:59:38.757	1.30570				2
2025.11.20	00:59:49.556		1.30598			4
2025.11.20	00:59:51.111		1.30597			4
2025.11.20	00:59:51.728		1.30598			4
2025.11.20	00:59:56.351		1.30597			4
2025.11.20	00:59:56.659		1.30599			4
2025.11.20	00:59:58.509		1.30600			4
2025.11.20	00:59:58.819		1.30601			4
2025.11.20	01:00:00.056	1.30567				2
2025.11.20	01:00:00.367	1.30564	1.30598			6
2025.11.20	01:00:00.680		1.30599			4
2025.11.20	01:00:00.989	1.30586	1.30593			6
2025.11.20	01:00:01.294	1.30564	1.30607			6
2025.11.20	01:00:01.598		1.30606			4
2025.11.20	01:00:01.911		1.30607			4
2025.11.20	01:00:02.221		1.30605			4
2025.11.20	01:00:02.845	1.30568	1.30604			6
2025.11.20	01:00:03.162		1.30605			4
2025.11.20	01:00:03.470	1.30544	1.30611			6
2025.11.20	01:00:05.036		1.30613			4
2025.11.20	01:00:05.347		1.30612			4
2025.11.20	01:00:05.654		1.30613			4
2025.11.20	01:00:05.960		1.30612			4
2025.11.20	01:00:06.263		1.30611			4
2025.11.20	01:00:06.579		1.30609			4
2025.11.20	01:00:06.885	1.30568	1.30605			6
2025.11.20	01:00:07.187	1.30564	1.30603			6
2025.11.20	01:00:07.801		1.30604			4
2025.11.20	01:00:08.105		1.30605			4
2025.11.20	01:00:09.033		1.30606			4
2025.11.20	01:00:10.277		1.30605			4
2025.11.20	01:00:11.204	1.30565				2
2025.11.20	01:00:12.430		1.30606			4
2025.11.20	01:00:13.987		1.30605			4
2025.11.20	01:00:14.295		1.30606			4
2025.11.20	01:00:15.534		1.30605			4
2025.11.20	01:00:16.150		1.30603			4
2025.11.20	01:00:16.769		1.30604			4
2025.11.20	01:00:17.392		1.30605			4
2025.11.20	01:00:17.694		1.30607			4
2025.11.20	01:00:18.009		1.30605			4
2025.11.20	01:00:18.938	1.30566				2
2025.11.20	01:00:21.402	1.30564	1.30603			6
2025.11.20	01:00:21.712	1.30566	1.30605			6
2025.11.20	01:00:24.495	1.30567	1.30604			6
2025.11.20	01:00:24.802		1.30605			4
2025.11.20	01:00:25.110		1.30606			4
2025.11.20	01:00:25.418		1.30607			4
2025.11.20	01:00:26.655		1.30610			4
2025.11.20	01:00:26.970		1.30608			4
2025.11.20	01:00:27.898		1.30609			4
2025.11.20	01:00:28.518	1.30586	1.30601			6
2025.11.20	01:00:28.826	1.30585				2
2025.11.20	01:00:29.132	1.30587	1.30599			6
2025.11.20	01:00:30.053		1.30601			4
2025.11.20	01:00:30.978	1.30589	1.30602			6
2025.11.20	01:00:33.739		1.30601			4
2025.11.20	01:00:34.345		1.30602			4
2025.11.20	01:00:37.720		1.30604			4
2025.11.20	01:00:38.639	1.30590				2
2025.11.20	01:00:38.944	1.30587	1.30601			6
2025.11.20	01:00:40.813	1.30588	1.30600			6
2025.11.20	01:00:42.661	1.30587	1.30601			6
2025.11.20	01:00:42.978	1.30588	1.30600			6
2025.11.20	01:00:43.284	1.30587	1.30599			6
2025.11.20	01:00:43.587	1.30586	1.30600			6
2025.11.20	01:00:44.213	1.30587	1.30599			6
2025.11.20	01:00:44.521	1.30588	1.30600			6
2025.11.20	01:00:45.137	1.30587				2
2025.11.20	01:00:45.444	1.30602	1.30613			6
2025.11.20	01:00:45.747	1.30603	1.30615			6
2025.11.20	01:00:46.358	1.30604	1.30614			6
2025.11.20	01:00:46.982		1.30613			4
2025.11.20	01:00:47.603	1.30597	1.30610			6
2025.11.20	01:00:53.509		1.30609			4
2025.11.20	01:00:54.451	1.30594	1.30604			6
2025.11.20	01:00:55.989		1.30603			4
2025.11.20	01:00:57.201	1.30587	1.30600			6
2025.11.20	01:00:57.510	1.30594				2
2025.11.20	01:00:58.125	1.30593				2
2025.11.20	01:00:58.430	1.30592				2
2025.11.20	01:00:58.739	1.30594				2
2025.11.20	01:00:59.347	1.30595				2
2025.11.20	01:00:59.657	1.30593				2
2025.11.20	01:00:59.964	1.30585	1.30590			6
2025.11.20	01:01:00.267	1.30582	1.30592			6
2025.11.20	01:01:00.883		1.30591			4
2025.11.20	01:01:01.195	1.30581				2
2025.11.20	01:01:01.811	1.30582				2
2025.11.20	01:01:02.421	1.30581				2
2025.11.20	01:01:03.041		1.30585			4
2025.11.20	01:01:03.350	1.30584	1.30591			6
2025.11.20	01:01:03.663	1.30581	1.30585			6
2025.11.20	01:01:03.965	1.30584	1.30591			6
2025.11.20	01:01:04.575	1.30582	1.30585			6
2025.11.20	01:01:04.878	1.30584	1.30587			6
2025.11.20	01:01:05.179	1.30579	1.30580			6
2025.11.20	01:01:05.488		1.30586			4
2025.11.20	01:01:05.795	1.30578	1.30580			6
2025.11.20	01:01:06.104		1.30586			4
2025.11.20	01:01:06.413	1.30577	1.30580			6
2025.11.20	01:01:06.719	1.30578	1.30586			6
2025.11.20	01:01:07.332	1.30576				2
2025.11.20	01:01:07.635		1.30585			4
2025.11.20	01:01:07.939	1.30577				2
2025.11.20	01:01:08.246		1.30584			4
2025.11.20	01:01:08.559	1.30576				2
2025.11.20	01:01:09.178	1.30575				2
2025.11.20	01:01:11.332	1.30576				2
2025.11.20	01:01:11.639	1.30573	1.30583			6
2025.11.20	01:01:13.498	1.30567	1.30579			6
2025.11.20	01:01:33.114		1.30578			4
2025.11.20	01:01:34.341		1.30577			4
2025.11.20	01:01:34.654		1.30578			4
2025.11.20	01:01:38.941		1.30577			4
2025.11.20	01:01:42.629	1.30566				2
2025.11.20	01:01:42.934	1.30565	1.30576			6
2025.11.20	01:01:43.239	1.30567	1.30575			6
2025.11.20	01:01:44.458	1.30564				2
2025.11.20	01:01:48.147	1.30563	1.30573			6
2025.11.20	01:01:49.080	1.30562				2
2025.11.20	01:01:49.703		1.30572			4
2025.11.20	01:01:50.015	1.30559	1.30570			6
2025.11.20	01:01:50.319	1.30560	1.30571			6
2025.11.20	01:01:51.543	1.30561	1.30572			6
2025.11.20	01:01:51.846	1.30560	1.30571			6
2025.11.20	01:01:52.153	1.30561	1.30572			6
2025.11.20	01:01:53.074		1.30565			4
2025.11.20	01:01:53.381	1.30565	1.30573			6
2025.11.20	01:01:53.685	1.30562	1.30565			6
2025.11.20	01:01:53.989	1.30565	1.30573			6
2025.11.20	01:01:54.296	1.30562	1.30565			6
2025.11.20	01:01:54.599	1.30565	1.30573			6
2025.11.20	01:01:55.209	1.30562	1.30565			6
2025.11.20	01:01:55.515	1.30565	1.30573			6
2025.11.20	01:01:55.818	1.30562	1.30565			6
2025.11.20	01:01:56.127	1.30565	1.30573			6
2025.11.20	01:01:56.430	1.30562	1.30564			6
2025.11.20	01:01:56.736	1.30565	1.30572			6
2025.11.20	01:01:57.041	1.30562				2
2025.11.20	01:01:57.353		1.30573			4
2025.11.20	01:02:00.109	1.30562				2
2025.11.20	01:02:01.646		1.30571			4
2025.11.20	01:02:04.717		1.30573			4
2025.11.20	01:02:06.238		1.30572			4
2025.11.20	01:02:14.547	1.30563	1.30573			6
2025.11.20	01:02:14.855	1.30562	1.30572			6
2025.11.20	01:02:15.159	1.30563	1.30573			6
2025.11.20	01:02:15.773	1.30562	1.30572			6
2025.11.20	01:02:16.237	1.30563	1.30573			6
2025.11.20	01:02:17.235	1.30562	1.30572			6
2025.11.20	01:02:18.463	1.30560	1.30570			6
2025.11.20	01:02:21.234	1.30561	1.30571			6
2025.11.20	01:02:22.142	1.30560	1.30570			6
2025.11.20	01:02:23.065	1.30559	1.30569			6
2025.11.20	01:02:23.678	1.30560	1.30570			6
2025.11.20	01:02:28.982	1.30559	1.30569			6
2025.11.20	01:02:30.831	1.30560	1.30570			6
2025.11.20	01:02:31.743	1.30559	1.30569			6
2025.11.20	01:02:32.357	1.30560				2
2025.11.20	01:02:32.969	1.30557	1.30566			6
2025.11.20	01:02:33.275	1.30558	1.30568			6
2025.11.20	01:02:33.883	1.30559	1.30569			6
2025.11.20	01:02:34.195	1.30560				2
2025.11.20	01:02:38.493	1.30561				2
2025.11.20	01:02:39.416	1.30562				2
2025.11.20	01:02:40.651		1.30571			4
2025.11.20	01:02:41.867	1.30561	1.30570			6
2025.11.20	01:02:42.484	1.30559	1.30568			6
2025.11.20	01:02:42.787	1.30558	1.30567			6
2025.11.20	01:02:43.091		1.30568			4
2025.11.20	01:02:44.312	1.30552	1.30561			6
2025.11.20	01:02:44.920	1.30553	1.30562			6
2025.11.20	01:02:45.531	1.30554	1.30563			6
2025.11.20	01:02:45.833	1.30553				2
2025.11.20	01:02:46.133	1.30554	1.30562			6
2025.11.20	01:02:47.051	1.30553				2
2025.11.20	01:02:47.361	1.30552				2
2025.11.20	01:02:47.663	1.30554	1.30563			6
2025.11.20	01:02:49.499		1.30562			4
2025.11.20	01:02:50.709	1.30553				2
2025.11.20	01:02:51.020	1.30554				2
2025.11.20	01:02:51.932	1.30555				2
2025.11.20	01:02:52.235	1.30554				2
2025.11.20	01:02:53.166	1.30553				2
2025.11.20	01:02:56.526	1.30551	1.30561			6
2025.11.20	01:02:56.829	1.30552	1.30562			6
2025.11.20	01:02:58.363	1.30553				2
2025.11.20	01:02:59.591	1.30552				2
2025.11.20	01:03:00.206	1.30552				2
2025.11.20	01:03:02.051	1.30553				2
2025.11.20	01:03:03.282	1.30554				2
2025.11.20	01:03:09.402	1.30555				2
2025.11.20	01:03:10.637	1.30554				2
2025.11.20	01:03:12.790	1.30553				2
2025.11.20	01:03:13.400	1.30555				2
2025.11.20	01:03:13.714	1.30554				2
2025.11.20	01:03:16.186		1.30561			4
2025.11.20	01:03:17.413	1.30553				2
2025.11.20	01:03:20.481		1.30562			4
2025.11.20	01:03:20.786	1.30554	1.30561			6
2025.11.20	01:03:25.107	1.30553				2
2025.11.20	01:03:26.332	1.30554				2
2025.11.20	01:03:26.960		1.30562			4
2025.11.20	01:03:27.269	1.30555				2
2025.11.20	01:03:30.334	1.30554				2
2025.11.20	01:03:30.640		1.30561			4
2025.11.20	01:03:35.559		1.30562			4
2025.11.20	01:03:41.399		1.30561			4
2025.11.20	01:03:42.013		1.30562			4
2025.11.20	01:03:42.935	1.30555				2
2025.11.20	01:03:43.844	1.30554				2
2025.11.20	01:03:47.838	1.30555				2
2025.11.20	01:03:49.670	1.30554	1.30561			6
2025.11.20	01:03:50.898	1.30555	1.30562			6
2025.11.20	01:04:00.091	1.30555				2
2025.11.20	01:04:00.396	1.30556				2
2025.11.20	01:04:00.705	1.30554	1.30561			6
2025.11.20	01:04:08.359		1.30560			4
2025.11.20	01:04:08.661	1.30555	1.30561			6
2025.11.20	01:04:16.957	1.30554	1.30560			6
2025.11.20	01:04:17.261	1.30555	1.30561			6
2025.11.20	01:04:21.556	1.30554	1.30560			6
2025.11.20	01:04:26.149	1.30555				2
2025.11.20	01:04:40.230	1.30556				2
2025.11.20	01:04:41.462	1.30549	1.30550			6
2025.11.20	01:04:41.765	1.30543	1.30547			6
2025.11.20	01:04:42.068	1.30542	1.30546			6
2025.11.20	01:04:42.377	1.30541	1.30545			6
2025.11.20	01:04:42.683	1.30540	1.30544			6
2025.11.20	01:04:43.304	1.30536	1.30545			6
2025.11.20	01:04:43.610	1.30535				2
2025.11.20	01:04:44.845	1.30534				2
2025.11.20	01:04:45.163		1.30544			4
2025.11.20	01:04:45.790	1.30535				2
2025.11.20	01:04:46.111	1.30534				2
2025.11.20	01:04:47.694	1.30533	1.30542			6
2025.11.20	01:04:48.937	1.30531				2
2025.11.20	01:04:49.868	1.30532	1.30543			6
2025.11.20	01:04:51.732	1.30531	1.30542			6
2025.11.20	01:04:52.654	1.30533				2
2025.11.20	01:05:00.075	1.30533				2
2025.11.20	01:05:10.962	1.30535	1.30544			6
2025.11.20	01:05:11.601	1.30534	1.30543			6
2025.11.20	01:05:11.905	1.30535	1.30544			6
2025.11.20	01:05:12.841	1.30534				2
2025.11.20	01:05:33.280		1.30543			4
2025.11.20	01:05:33.900	1.30535	1.30544			6
2025.11.20	01:05:37.606	1.30534	1.30543			6
2025.11.20	01:05:52.172	1.30535				2
2025.11.20	01:06:00.212	1.30535				2
2025.11.20	01:06:02.066	1.30534	1.30542			6
2025.11.20	01:06:02.372		1.30541			4
2025.11.20	01:06:03.302	1.30536	1.30543			6
2025.11.20	01:06:09.451	1.30535				2
2025.11.20	01:06:10.989	1.30539	1.30545			6
2025.11.20	01:06:11.302	1.30538				2
2025.11.20	01:06:12.237	1.30539				2
2025.11.20	01:06:14.398	1.30540				2
2025.11.20	01:06:15.632	1.30539				2
2025.11.20	01:06:20.230	1.30540				2
2025.11.20	01:06:20.537	1.30539				2
2025.11.20	01:06:21.159	1.30536	1.30544			6
2025.11.20	01:06:28.266		1.30543			4
2025.11.20	01:06:40.268	1.30537	1.30544			6
2025.11.20	01:06:43.982	1.30536	1.30543			6
2025.11.20	01:06:44.285	1.30537				2
2025.11.20	01:06:52.872	1.30536	1.30542			6
2025.11.20	01:06:59.305		1.30541			4
2025.11.20	01:07:00.240	1.30536				2
2025.11.20	01:07:01.159	1.30531	1.30536			6
2025.11.20	01:07:02.072	1.30529	1.30534			6
2025.11.20	01:07:02.375	1.30528	1.30535			6
2025.11.20	01:07:03.318	1.30527	1.30534			6
2025.11.20	01:07:04.558	1.30526	1.30533			6
2025.11.20	01:07:07.323	1.30527				2
2025.11.20	01:07:11.000	1.30526	1.30532			6
2025.11.20	01:07:18.246	1.30525	1.30531			6
2025.11.20	01:07:19.176	1.30526	1.30532			6
2025.11.20	01:07:20.405	1.30525	1.30531			6
2025.11.20	01:07:20.711	1.30526	1.30532			6
2025.11.20	01:07:22.254		1.30531			4
2025.11.20	01:07:35.108	1.30527				2
2025.11.20	01:07:45.229	1.30526	1.30530			6
2025.11.20	01:07:47.382		1.30529			4
2025.11.20	01:07:49.526	1.30527	1.30530			6
2025.11.20	01:07:57.168	1.30528	1.30531			6
2025.11.20	01:08:00.221	1.30528				2
2025.11.20	01:08:00.532	1.30527	1.30530			6
2025.11.20	01:08:01.137	1.30526	1.30529			6
2025.11.20	01:08:02.062	1.30527	1.30530			6
2025.11.20	01:08:02.676	1.30526	1.30529			6
2025.11.20	01:08:03.290	1.30527	1.30530			6
2025.11.20	01:08:06.960	1.30526	1.30529			6
2025.11.20	01:08:08.201	1.30527	1.30530			6
2025.11.20	01:08:20.712	1.30528	1.30531			6
2025.11.20	01:08:21.635	1.30527	1.30530			6
2025.11.20	01:08:36.363	1.30536	1.30539			6
2025.11.20	01:08:37.281	1.30535	1.30540			6
2025.11.20	01:08:37.597	1.30536	1.30541			6
2025.11.20	01:08:40.384		1.30540			4
2025.11.20	01:08:42.561	1.30537	1.30541			6
2025.11.20	01:08:43.169	1.30538	1.30542			6
2025.11.20	01:08:52.139		1.30541			4
2025.11.20	01:09:00.101	1.30538				2
2025.11.20	01:09:08.972	1.30542	1.30543			6
2025.11.20	01:09:09.279	1.30547	1.30550			6
2025.11.20	01:09:09.898	1.30548	1.30551			6
2025.11.20	01:09:10.207	1.30546	1.30553			6
2025.11.20	01:09:11.142	1.30548				2
2025.11.20	01:09:11.454		1.30555			4
2025.11.20	01:09:12.070		1.30554			4
2025.11.20	01:09:12.992		1.30555			4
2025.11.20	01:09:13.308		1.30554			4
2025.11.20	01:09:13.617	1.30544	1.30549			6
2025.11.20	01:09:13.929	1.30543				2
2025.11.20	01:09:15.781		1.30550			4
2025.11.20	01:09:16.706		1.30551			4
2025.11.20	01:09:17.941		1.30549			4
2025.11.20	01:09:18.249		1.30550			4
2025.11.20	01:09:20.120	1.30542	1.30549			6
2025.11.20	01:09:21.376	1.30543				2
2025.11.20	01:09:21.684	1.30548	1.30554			6
2025.11.20	01:09:24.475	1.30542	1.30551			6
2025.11.20	01:09:24.790		1.30550			4
2025.11.20	01:09:25.099		1.30551			4
2025.11.20	01:09:28.224		1.30550			4
2025.11.20	01:09:29.162		1.30551			4
2025.11.20	01:09:29.469		1.30550			4
2025.11.20	01:09:31.969	1.30543				2
2025.11.20	01:09:32.598	1.30544				2
2025.11.20	01:09:33.227	1.30545	1.30549			6
2025.11.20	01:09:33.530		1.30552			4
2025.11.20	01:09:33.837	1.30548				2
2025.11.20	01:09:34.144		1.30554			4
2025.11.20	01:09:40.645	1.30549	1.30558			6
2025.11.20	01:09:40.949	1.30548	1.30556			6
2025.11.20	01:09:41.568		1.30555			4
2025.11.20	01:09:41.876	1.30549	1.30558			6
2025.11.20	01:09:42.179		1.30557			4
2025.11.20	01:09:42.814		1.30558			4
2025.11.20	01:09:45.302	1.30550	1.30559			6
2025.11.20	01:09:47.158	1.30549	1.30558			6
2025.11.20	01:09:55.231		1.30557			4
2025.11.20	01:10:00.179	1.30549				2
2025.11.20	01:10:01.429	1.30550	1.30558			6
2025.11.20	01:10:11.353	1.30551				2
2025.11.20	01:10:25.285		1.30557			4
2025.11.20	01:10:25.901	1.30552	1.30558			6
2025.11.20	01:10:37.378	1.30553				2
2025.11.20	01:10:38.296	1.30555	1.30560			6
2025.11.20	01:10:38.600	1.30556	1.30561			6
2025.11.20	01:10:39.220	1.30555				2
2025.11.20	01:10:40.454	1.30556	1.30562			6
2025.11.20	01:10:42.926	1.30557	1.30563			6
2025.11.20	01:10:43.237	1.30558	1.30564			6
2025.11.20	01:10:44.472	1.30556	1.30562			6
2025.11.20	01:10:44.778	1.30557	1.30563			6
2025.11.20	01:10:45.089	1.30559	1.30565			6
2025.11.20	01:10:45.396	1.30558	1.30564			6
2025.11.20	01:10:46.333	1.30556	1.30562			6
2025.11.20	01:10:46.635	1.30558	1.30564			6
2025.11.20	01:10:47.256	1.30559				2
2025.11.20	01:10:52.454	1.30558	1.30563			6
2025.11.20	01:10:52.757	1.30559	1.30564			6
2025.11.20	01:10:58.272	1.30560				2
2025.11.20	01:10:59.513	1.30559	1.30563			6
2025.11.20	01:11:00.122	1.30559				2
2025.11.20	01:11:00.431	1.30560	1.30564			6
2025.11.20	01:11:09.322		1.30563			4
2025.11.20	01:11:15.137	1.30561	1.30564			6
2025.11.20	01:11:17.580	1.30560	1.30563			6
2025.11.20	01:11:18.502	1.30561	1.30564			6
2025.11.20	01:11:20.647	1.30560	1.30563			6
2025.11.20	01:11:24.305	1.30561	1.30564			6
2025.11.20	01:11:35.332	1.30560	1.30563			6
2025.11.20	01:11:40.530	1.30559	1.30562			6
2025.11.20	01:11:40.833	1.30560	1.30563			6
2025.11.20	01:11:41.143	1.30559	1.30562			6
2025.11.20	01:11:42.673	1.30558	1.30561			6
2025.11.20	01:11:43.589	1.30559	1.30562			6
2025.11.20	01:11:46.957	1.30561	1.30564			6
2025.11.20	01:11:47.883	1.30560	1.30563			6
2025.11.20	01:11:48.189	1.30561				2
2025.11.20	01:11:48.799	1.30560				2
2025.11.20	01:11:54.300	1.30559	1.30562			6
2025.11.20	01:11:55.210	1.30560	1.30563			6
2025.11.20	01:11:55.825	1.30561	1.30564			6
2025.11.20	01:11:57.053	1.30562	1.30565			6
2025.11.20	01:11:57.970	1.30561	1.30564			6
2025.11.20	01:12:00.130	1.30560	1.30563			6
2025.11.20	01:12:01.361	1.30561	1.30564			6
2025.11.20	01:12:03.197	1.30562	1.30565			6
2025.11.20	01:12:11.470	1.30563	1.30564			6
2025.11.20	01:12:12.691	1.30562				2
2025.11.20	01:12:17.907	1.30561				2
2025.11.20	01:12:30.138	1.30560	1.30563			6
2025.11.20	01:12:30.443	1.30562	1.30565			6
2025.11.20	01:12:31.974		1.30564			4
2025.11.20	01:12:35.358		1.30565			4
2025.11.20	01:12:41.840	1.30563				2
2025.11.20	01:12:44.928	1.30562				2
2025.11.20	01:12:46.471	1.30563	1.30566			6
2025.11.20	01:12:46.781	1.30564	1.30565			6
2025.11.20	01:12:48.944	1.30563				2
2025.11.20	01:12:52.341	1.30564				2
2025.11.20	01:13:00.064	1.30564				2
2025.11.20	01:13:00.992	1.30563				2
2025.11.20	01:13:03.457		1.30564			4
2025.11.20	01:13:04.702		1.30565			4
2025.11.20	01:13:10.298		1.30564			4
2025.11.20	01:13:11.227	1.30562				2
2025.11.20	01:13:28.333		1.30565			4
2025.11.20	01:13:28.644	1.30563	1.30564			6
2025.11.20	01:13:29.258	1.30562				2
2025.11.20	01:13:46.337	1.30561				2
2025.11.20	01:13:55.364	1.30562				2
2025.11.20	01:13:55.987	1.30561				2
2025.11.20	01:14:00.040	1.30561				2
2025.11.20	01:14:01.286	1.30562	1.30565			6
2025.11.20	01:14:05.644		1.30564			4
2025.11.20	01:14:10.633	1.30561				2
2025.11.20	01:14:27.114	1.30562	1.30565			6
2025.11.20	01:14:30.556	1.30561	1.30564			6
2025.11.20	01:14:30.861	1.30562				2
2025.11.20	01:14:36.763		1.30565			4
2025.11.20	01:14:37.067	1.30569	1.30572			6
2025.11.20	01:14:39.252	1.30568	1.30571			6
2025.11.20	01:14:46.063	1.30569	1.30572			6
2025.11.20	01:14:51.374	1.30570	1.30573			6
2025.11.20	01:15:00.053	1.30570				2
2025.11.20	01:15:00.368	1.30571	1.30574			6
2025.11.20	01:15:00.994	1.30570	1.30573			6
2025.11.20	01:15:03.208	1.30571				2
2025.11.20	01:15:03.517		1.30574			4
2025.11.20	01:15:03.822		1.30573			4
2025.11.20	01:15:04.140		1.30574			4
2025.11.20	01:15:04.450	1.30573	1.30576			6
2025.11.20	01:15:05.388	1.30575	1.30578			6
2025.11.20	01:15:11.922	1.30576	1.30579			6
2025.11.20	01:15:13.472	1.30575	1.30578			6
2025.11.20	01:15:14.416	1.30576	1.30579			6
2025.11.20	01:15:17.527	1.30575	1.30578			6
2025.11.20	01:15:17.841	1.30576	1.30579			6
2025.11.20	01:15:20.005	1.30577	1.30580			6
2025.11.20	01:15:20.316	1.30576	1.30579			6
2025.11.20	01:15:20.622	1.30577	1.30580			6
2025.11.20	01:15:23.730	1.30578	1.30581			6
2025.11.20	01:15:24.035	1.30577	1.30580			6
2025.11.20	01:15:30.233	1.30578	1.30581			6
2025.11.20	01:15:35.231	1.30577	1.30580			6
2025.11.20	01:15:36.796	1.30579	1.30582			6
2025.11.20	01:15:38.340	1.30578	1.30581			6
2025.11.20	01:15:42.725	1.30577	1.30580			6
2025.11.20	01:15:44.601	1.30578	1.30581			6
2025.11.20	01:15:44.919	1.30577	1.30580			6
2025.11.20	01:15:45.543	1.30578	1.30581			6
2025.11.20	01:15:54.212	1.30579	1.30582			6
2025.11.20	01:15:54.514	1.30577	1.30580			6
2025.11.20	01:15:57.330	1.30578	1.30581			6
2025.11.20	01:15:58.276	1.30579	1.30582			6
2025.11.20	01:16:00.156	1.30579				2
2025.11.20	01:16:02.950	1.30580	1.30583			6
2025.11.20	01:16:03.257	1.30579	1.30582			6
2025.11.20	01:16:03.561	1.30580	1.30583			6
2025.11.20	01:16:04.193	1.30579	1.30582			6
2025.11.20	01:16:05.120	1.30580	1.30583			6
2025.11.20	01:16:05.438	1.30579	1.30582			6
2025.11.20	01:16:05.744	1.30580	1.30583			6
2025.11.20	01:16:06.059	1.30579	1.30582			6
2025.11.20	01:16:07.295	1.30580	1.30583			6
2025.11.20	01:16:08.532	1.30579	1.30582			6
2025.11.20	01:16:09.151	1.30578	1.30581			6
2025.11.20	01:16:09.777	1.30579	1.30582			6
2025.11.20	01:16:12.587	1.30580	1.30583			6
2025.11.20	01:16:13.210	1.30579	1.30582			6
2025.11.20	01:16:14.778	1.30580	1.30583			6
2025.11.20	01:16:21.000	1.30579	1.30582			6
2025.11.20	01:16:23.494	1.30580	1.30583			6
2025.11.20	01:16:24.752	1.30579	1.30582			6
2025.11.20	01:16:25.057	1.30578	1.30581			6
2025.11.20	01:16:25.370	1.30576	1.30577			6
2025.11.20	01:16:26.609	1.30575				2
2025.11.20	01:16:30.041	1.30573	1.30575			6
2025.11.20	01:16:30.987	1.30572				2
2025.11.20	01:16:31.300	1.30576	1.30579			6
2025.11.20	01:16:31.618	1.30577	1.30580			6
2025.11.20	01:16:43.090	1.30578	1.30581			6
2025.11.20	01:16:48.767	1.30577	1.30580			6
2025.11.20	01:16:51.888	1.30578	1.30581			6
2025.11.20	01:16:57.157	1.30574	1.30575			6
2025.11.20	01:16:57.463		1.30577			4
2025.11.20	01:16:58.091	1.30573	1.30576			6
2025.11.20	01:16:59.020	1.30572	1.30575			6
2025.11.20	01:17:00.266	1.30572				2
2025.11.20	01:17:01.818		1.30574			4
2025.11.20	01:17:02.134		1.30575			4
2025.11.20	01:17:02.748	1.30573				2
2025.11.20	01:17:04.007	1.30572	1.30574			6
2025.11.20	01:17:04.313		1.30575			4
2025.11.20	01:17:05.252	1.30573	1.30576			6
2025.11.20	01:17:05.560	1.30574				2
2025.11.20	01:17:07.731	1.30575				2
2025.11.20	01:17:09.277		1.30577			4
2025.11.20	01:17:10.520	1.30574	1.30575			6
2025.11.20	01:17:10.831	1.30575	1.30576			6
2025.11.20	01:17:11.143	1.30574	1.30575			6
2025.11.20	01:17:11.462	1.30575	1.30576			6
2025.11.20	01:17:18.585	1.30580	1.30583			6
2025.11.20	01:17:22.636	1.30579	1.30582			6
2025.11.20	01:17:27.599	1.30580	1.30583			6
2025.11.20	01:17:30.075	1.30579	1.30582			6
2025.11.20	01:17:30.386	1.30580	1.30583			6
2025.11.20	01:17:31.311	1.30579	1.30582			6
2025.11.20	01:17:32.560	1.30581	1.30584			6
2025.11.20	01:17:32.865	1.30580	1.30583			6
2025.11.20	01:17:36.599	1.30582	1.30585			6
2025.11.20	01:17:36.902	1.30578	1.30579			6
2025.11.20	01:17:37.205	1.30577	1.30578			6
2025.11.20	01:17:37.515	1.30576				2
2025.11.20	01:17:37.821		1.30577			4
2025.11.20	01:17:38.144	1.30575	1.30576			6
2025.11.20	01:17:39.365	1.30574				2
2025.11.20	01:17:41.238	1.30576	1.30578			6
2025.11.20	01:17:42.156		1.30579			4
2025.11.20	01:17:42.797	1.30577	1.30580			6
2025.11.20	01:17:43.729	1.30573	1.30574			6
2025.11.20	01:17:44.042		1.30575			4
2025.11.20	01:17:44.347	1.30572	1.30574			6
2025.11.20	01:17:49.925	1.30580	1.30583			6
2025.11.20	01:17:50.243	1.30579	1.30582			6
2025.11.20	01:17:50.557	1.30576	1.30577			6
2025.11.20	01:17:50.861	1.30575	1.30576			6
2025.11.20	01:17:51.163		1.30577			4
2025.11.20	01:17:52.083	1.30574				2
2025.11.20	01:17:53.622	1.30577	1.30580			6
2025.11.20	01:17:54.549	1.30568	1.30571			6
2025.11.20	01:17:54.859	1.30569				2
2025.11.20	01:17:55.170	1.30568				2
2025.11.20	01:17:56.125	1.30563	1.30567			6
2025.11.20	01:17:56.427	1.30561	1.30566			6
2025.11.20	01:17:56.735	1.30560	1.30565			6
2025.11.20	01:17:57.354	1.30568	1.30573			6
2025.11.20	01:17:57.671	1.30567				2
2025.11.20	01:18:00.165	1.30563	1.30564			6
2025.11.20	01:18:00.467	1.30560				2
2025.11.20	01:18:01.703	1.30559	1.30565			6
2025.11.20	01:18:02.028		1.30564			4
2025.11.20	01:18:21.645	1.30554	1.30560			6
2025.11.20	01:18:22.582		1.30561			4
2025.11.20	01:18:22.887		1.30560			4
2025.11.20	01:18:23.209	1.30553				2
2025.11.20	01:18:23.527	1.30554				2
2025.11.20	01:18:25.380	1.30555	1.30561			6
2025.11.20	01:18:26.621	1.30556				2
2025.11.20	01:18:28.508	1.30555				2
2025.11.20	01:18:28.816	1.30556				2
2025.11.20	01:18:29.118	1.30555				2
2025.11.20	01:18:35.083	1.30554				2
2025.11.20	01:18:37.244	1.30555				2
2025.11.20	01:18:39.096	1.30556				2
2025.11.20	01:18:40.340	1.30555				2
2025.11.20	01:18:48.769	1.30556				2
2025.11.20	01:18:51.274	1.30558	1.30564			6
2025.11.20	01:18:51.594	1.30559				2
2025.11.20	01:18:52.209	1.30560				2
2025.11.20	01:18:52.517	1.30559				2
2025.11.20	01:18:53.762	1.30558				2
2025.11.20	01:18:56.867	1.30559				2
2025.11.20	01:18:57.172	1.30558				2
2025.11.20	01:18:57.480	1.30559				2
2025.11.20	01:18:58.100	1.30558				2
2025.11.20	01:18:58.407	1.30559				2
2025.11.20	01:19:00.284	1.30559				2
2025.11.20	01:19:04.365	1.30560	1.30566			6
2025.11.20	01:19:04.674	1.30565	1.30571			6
2025.11.20	01:19:04.984	1.30566	1.30570			6
2025.11.20	01:19:05.299	1.30565				2
2025.11.20	01:19:05.602	1.30564				2
2025.11.20	01:19:06.227	1.30563				2
2025.11.20	01:19:06.539	1.30564				2
2025.11.20	01:19:09.936		1.30571			4
2025.11.20	01:19:10.244	1.30565	1.30570			6
2025.11.20	01:19:10.862	1.30564	1.30571			6
2025.11.20	01:19:13.661	1.30567	1.30574			6
2025.11.20	01:19:19.892	1.30563	1.30564			6
2025.11.20	01:19:20.200	1.30562	1.30566			6
2025.11.20	01:19:20.819	1.30561	1.30564			6
2025.11.20	01:19:21.136	1.30560				2
2025.11.20	01:19:26.712		1.30565			4
2025.11.20	01:19:27.347	1.30561				2
2025.11.20	01:19:30.732		1.30564			4
2025.11.20	01:19:31.040	1.30565	1.30571			6
2025.11.20	01:19:31.666	1.30567	1.30572			6
2025.11.20	01:19:31.972	1.30568	1.30573			6
2025.11.20	01:19:32.594	1.30565	1.30572			6
2025.11.20	01:19:32.902	1.30566	1.30571			6
2025.11.20	01:19:33.833	1.30565				2
2025.11.20	01:19:34.144	1.30564				2
2025.11.20	01:19:34.452	1.30574	1.30581			6
2025.11.20	01:19:35.083	1.30572				2
2025.11.20	01:19:35.388		1.30582			4
2025.11.20	01:19:35.702		1.30581			4
2025.11.20	01:19:44.100		1.30580			4
2025.11.20	01:19:46.284		1.30581			4
2025.11.20	01:19:47.538		1.30580			4
2025.11.20	01:19:47.855		1.30581			4
2025.11.20	01:19:48.777		1.30580			4
2025.11.20	01:19:50.664		1.30581			4
2025.11.20	01:19:54.094		1.30582			4
2025.11.20	01:20:00.004	1.30572				2
2025.11.20	01:20:00.311	1.30574	1.30583			6
2025.11.20	01:20:00.629	1.30573	1.30581			6
2025.11.20	01:20:00.935	1.30574				2
2025.11.20	01:20:02.803	1.30576				2
2025.11.20	01:20:06.871		1.30582			4
2025.11.20	01:20:07.493		1.30581			4
2025.11.20	01:20:08.739		1.30582			4
2025.11.20	01:20:09.042	1.30575	1.30581			6
2025.11.20	01:20:09.352	1.30576	1.30582			6
2025.11.20	01:20:09.970		1.30581			4
2025.11.20	01:20:10.281	1.30577				2
2025.11.20	01:20:10.590	1.30576				2
2025.11.20	01:20:13.714	1.30575				2
2025.11.20	01:20:14.642	1.30576				2
2025.11.20	01:20:14.956		1.30582			4
2025.11.20	01:20:15.264		1.30581			4
2025.11.20	01:20:21.152	1.30577				2
2025.11.20	01:20:21.771	1.30576				2
2025.11.20	01:20:22.395	1.30577				2
2025.11.20	01:20:26.114		1.30582			4
2025.11.20	01:20:26.423		1.30581			4
2025.11.20	01:20:27.656	1.30576				2
2025.11.20	01:20:27.966	1.30577				2
2025.11.20	01:20:30.120	1.30576				2
2025.11.20	01:20:30.436	1.30577	1.30582			6
2025.11.20	01:20:31.349		1.30583			4
2025.11.20	01:20:31.973		1.30581			4
2025.11.20	01:20:32.285	1.30579	1.30584			6
2025.11.20	01:20:32.599		1.30585			4
2025.11.20	01:20:33.528		1.30584			4
2025.11.20	01:20:33.844	1.30578	1.30583			6
2025.11.20	01:20:34.156	1.30579				2
2025.11.20	01:20:34.779	1.30578				2
2025.11.20	01:20:35.083	1.30580	1.30585			6
2025.11.20	01:20:37.905	1.30579				2
2025.11.20	01:20:49.939	1.30580				2
2025.11.20	01:20:52.712	1.30577	1.30581			6
2025.11.20	01:20:53.015	1.30575	1.30580			6
2025.11.20	01:20:53.319	1.30574				2
2025.11.20	01:20:54.242	1.30573				2
2025.11.20	01:20:57.024	1.30566	1.30572			6
2025.11.20	01:20:57.636	1.30565				2
2025.11.20	01:20:58.251	1.30564	1.30573			6
2025.11.20	01:20:58.560	1.30565				2
2025.11.20	01:20:58.868		1.30574			4
2025.11.20	01:21:00.107	1.30565				2
2025.11.20	01:21:00.415	1.30567				2
2025.11.20	01:21:05.724	1.30568				2
2025.11.20	01:21:06.339	1.30569				2
2025.11.20	01:21:07.879		1.30575			4
2025.11.20	01:21:11.609		1.30574			4
2025.11.20	01:21:23.986	1.30578	1.30584			6
2025.11.20	01:21:24.292	1.30580				2
2025.11.20	01:21:32.016	1.30581				2
2025.11.20	01:21:38.826		1.30585			4
2025.11.20	01:21:43.464	1.30580				2
2025.11.20	01:21:44.081		1.30584			4
2025.11.20	01:21:55.234	1.30578				2
2025.11.20	01:22:00.224	1.30578				2
2025.11.20	01:22:03.335	1.30579	1.30585			6
2025.11.20	01:22:03.637		1.30584			4
2025.11.20	01:22:05.185		1.30585			4
2025.11.20	01:22:06.119		1.30584			4
2025.11.20	01:22:20.956		1.30585			4
2025.11.20	01:22:22.191		1.30584			4
2025.11.20	01:22:30.854	1.30578				2
2025.11.20	01:22:33.351	1.30576	1.30582			6
2025.11.20	01:22:33.654	1.30575				2
2025.11.20	01:22:36.133	1.30576	1.30583			6
2025.11.20	01:22:36.752		1.30582			4
2025.11.20	01:22:39.233	1.30577				2
2025.11.20	01:22:39.547		1.30583			4
2025.11.20	01:22:39.856	1.30578	1.30582			6
2025.11.20	01:22:40.480	1.30577				2
2025.11.20	01:22:41.414	1.30579	1.30584			6
2025.11.20	01:22:42.962	1.30578				2
2025.11.20	01:22:43.274	1.30579				2
2025.11.20	01:22:44.207		1.30585			4
2025.11.20	01:22:45.450		1.30584			4
2025.11.20	01:22:49.170	1.30580				2
2025.11.20	01:22:52.226	1.30579				2
2025.11.20	01:22:57.129	1.30580				2
2025.11.20	01:22:59.581	1.30581				2
2025.11.20	01:22:59.892	1.30580				2
2025.11.20	01:23:00.198	1.30581				2
2025.11.20	01:23:00.518	1.30580				2
2025.11.20	01:23:01.136	1.30581				2
2025.11.20	01:23:05.729		1.30585			4
2025.11.20	01:23:06.646		1.30584			4
2025.11.20	01:23:11.240	1.30582				2
2025.11.20	01:23:12.466		1.30585			4
2025.11.20	01:23:12.772	1.30590	1.30594			6
2025.11.20	01:23:13.381	1.30588				2
2025.11.20	01:23:27.642		1.30595			4
2025.11.20	01:23:27.948		1.30593			4
2025.11.20	01:23:28.270		1.30594			4
2025.11.20	01:23:30.457		1.30593			4
2025.11.20	01:23:32.617		1.30594			4
2025.11.20	01:23:35.108	1.30589	1.30595			6
2025.11.20	01:23:36.967	1.30588				2
2025.11.20	01:23:41.644		1.30594			4
2025.11.20	01:23:41.951	1.30589				2
2025.11.20	01:23:43.510	1.30588				2
2025.11.20	01:23:45.378	1.30589				2
2025.11.20	01:23:47.248	1.30590				2
2025.11.20	01:23:48.171	1.30589				2
2025.11.20	01:23:49.090	1.30590				2
2025.11.20	01:23:49.707	1.30589				2
2025.11.20	01:23:57.081	1.30590				2
2025.11.20	01:24:00.146	1.30590				2
2025.11.20	01:24:06.284	1.30591				2
2025.11.20	01:24:06.894		1.30595			4
2025.11.20	01:24:07.200		1.30594			4
2025.11.20	01:24:08.731		1.30595			4
2025.11.20	01:24:10.268		1.30594			4
2025.11.20	01:24:35.096	1.30592				2
2025.11.20	01:24:36.921	1.30595	1.30596			6
2025.11.20	01:24:37.841	1.30594	1.30595			6
2025.11.20	01:24:38.145	1.30595	1.30596			6
2025.11.20	01:24:39.062	1.30594	1.30595			6
2025.11.20	01:24:42.132		1.30597			4
2025.11.20	01:24:44.566	1.30595	1.30598			6
2025.11.20	01:24:45.177	1.30596	1.30599			6
2025.11.20	01:24:46.698	1.30597	1.30598			6
2025.11.20	01:24:47.003	1.30594	1.30595			6
2025.11.20	01:24:47.306	1.30593				2
2025.11.20	01:24:47.613		1.30594			4
2025.11.20	01:24:49.140	1.30592				2
2025.11.20	01:24:51.903	1.30593	1.30595			6
2025.11.20	01:24:52.824		1.30594			4
2025.11.20	01:24:54.340	1.30592				2
2025.11.20	01:24:55.858	1.30593				2
2025.11.20	01:25:00.129	1.30593	1.30595			6
2025.11.20	01:25:01.047		1.30594			4
2025.11.20	01:25:22.817	1.30595	1.30598			6
2025.11.20	01:25:26.167	1.30596				2
2025.11.20	01:25:26.470	1.30593	1.30596			6
2025.11.20	01:25:26.777	1.30597	1.30600			6
2025.11.20	01:25:30.142	1.30598	1.30601			6
2025.11.20	01:25:31.383	1.30597	1.30600			6
2025.11.20	01:25:31.693	1.30595	1.30598			6
2025.11.20	01:25:31.998	1.30597	1.30600			6
2025.11.20	01:25:34.443	1.30599	1.30602			6
2025.11.20	01:25:35.364	1.30600	1.30603			6
2025.11.20	01:25:36.588		1.30602			4
2025.11.20	01:25:41.475		1.30603			4
2025.11.20	01:25:54.969	1.30599	1.30602			6
2025.11.20	01:25:59.641	1.30596	1.30599			6
2025.11.20	01:26:00.257	1.30596				2
2025.11.20	01:26:00.872	1.30600	1.30602			6
2025.11.20	01:26:01.185	1.30596	1.30599			6
2025.11.20	01:26:01.495	1.30600	1.30602			6
2025.11.20	01:26:05.203		1.30603			4
2025.11.20	01:26:05.511	1.30601				2
2025.11.20	01:26:28.443	1.30606	1.30609			6
2025.11.20	01:26:28.754	1.30607	1.30610			6
2025.11.20	01:26:29.064	1.30608				2
2025.11.20	01:26:29.989	1.30607				2
2025.11.20	01:26:30.297	1.30605	1.30608			6
2025.11.20	01:26:30.603	1.30606	1.30609			6
2025.11.20	01:26:32.461	1.30607	1.30610			6
2025.11.20	01:26:35.251	1.30606	1.30609			6
2025.11.20	01:26:37.419	1.30605	1.30608			6
2025.11.20	01:26:38.349	1.30606	1.30609			6
2025.11.20	01:26:38.973	1.30605	1.30608			6
2025.11.20	01:26:39.590	1.30608	1.30611			6
2025.11.20	01:26:48.570	1.30609	1.30612			6
2025.11.20	01:26:53.209	1.30608	1.30611			6
2025.11.20	01:27:00.002	1.30607	1.30610			6
2025.11.20	01:27:01.556	1.30608	1.30611			6
2025.11.20	01:27:13.628	1.30607	1.30610			6
2025.11.20	01:27:13.933	1.30608	1.30611			6
2025.11.20	01:27:50.570	1.30606	1.30607			6
2025.11.20	01:27:50.878	1.30603	1.30605			6
2025.11.20	01:27:51.495		1.30604			4
2025.11.20	01:27:52.116	1.30602				2
2025.11.20	01:27:57.694	1.30601				2
2025.11.20	01:27:58.002	1.30602				2
2025.11.20	01:27:58.924		1.30603			4
2025.11.20	01:27:59.543		1.30604			4
2025.11.20	01:28:00.163	1.30602				2
2025.11.20	01:28:09.777	1.30603				2
2025.11.20	01:28:10.706	1.30602				2
2025.11.20	01:28:13.191	1.30601				2
2025.11.20	01:28:13.503	1.30602				2
2025.11.20	01:28:15.050		1.30603			4
2025.11.20	01:28:17.519	1.30601				2
2025.11.20	01:28:19.681	1.30602				2
2025.11.20	01:28:19.992		1.30605			4
2025.11.20	01:28:20.297		1.30603			4
2025.11.20	01:28:20.915	1.30601				2
2025.11.20	01:28:23.403		1.30602			4
2025.11.20	01:28:23.712		1.30603			4
2025.11.20	01:28:24.329		1.30604			4
2025.11.20	01:28:26.489		1.30603			4
2025.11.20	01:28:27.416	1.30600				2
2025.11.20	01:28:30.813	1.30601				2
2025.11.20	01:28:34.518		1.30602			4
2025.11.20	01:28:34.827		1.30603			4
2025.11.20	01:28:38.537	1.30600	1.30602			6
2025.11.20	01:28:39.459	1.30601				2
2025.11.20	01:28:41.617	1.30600				2
2025.11.20	01:28:46.881		1.30603			4
2025.11.20	01:28:51.214	1.30601	1.30602			6
2025.11.20	01:28:51.524		1.30603			4
2025.11.20	01:28:54.295	1.30600				2
2025.11.20	01:28:55.230	1.30601				2
2025.11.20	01:28:58.644	1.30600				2
2025.11.20	01:29:00.192	1.30600				2
2025.11.20	01:29:01.121	1.30601				2
2025.11.20	01:29:02.975	1.30600	1.30602			6
2025.11.20	01:29:03.906		1.30603			4
2025.11.20	01:29:04.216		1.30602			4
2025.11.20	01:29:06.078		1.30603			4
2025.11.20	01:29:06.383		1.30602			4
2025.11.20	01:29:08.247	1.30598	1.30601			6
2025.11.20	01:29:08.548	1.30599	1.30602			6
2025.11.20	01:29:13.533	1.30598	1.30601			6
2025.11.20	01:29:13.847	1.30599	1.30602			6
2025.11.20	01:29:37.722	1.30601	1.30604			6
2025.11.20	01:29:45.439	1.30602				2
2025.11.20	01:29:53.214		1.30603			4
2025.11.20	01:29:56.008	1.30601				2
2025.11.20	01:29:58.470		1.30602			4
2025.11.20	01:29:58.777		1.30603			4
2025.11.20	01:29:59.405		1.30602			4
2025.11.20	01:29:59.713	1.30602	1.30603			6
2025.11.20	01:30:00.013	1.30601				2
2025.11.20	01:30:00.326	1.30600				2
2025.11.20	01:30:01.267	1.30599	1.30602			6
2025.11.20	01:30:01.583	1.30600				2
2025.11.20	01:30:01.893	1.30599				2
2025.11.20	01:30:08.740	1.30596	1.30598			6
2025.11.20	01:30:09.045		1.30599			4
2025.11.20	01:30:09.348		1.30597			4
2025.11.20	01:30:09.660	1.30591	1.30594			6
2025.11.20	01:30:10.892	1.30592				2
2025.11.20	01:30:11.833		1.30595			4
2025.11.20	01:30:12.142		1.30594			4
2025.11.20	01:30:16.807	1.30591				2
2025.11.20	01:30:18.370		1.30593			4
2025.11.20	01:30:27.351	1.30592				2
2025.11.20	01:30:28.589	1.30591				2
2025.11.20	01:30:28.899		1.30592			4
2025.11.20	01:30:29.207		1.30593			4
2025.11.20	01:30:29.511	1.30592				2
2025.11.20	01:30:33.856	1.30591				2
2025.11.20	01:30:34.785	1.30592				2
2025.11.20	01:30:36.639	1.30591				2
2025.11.20	01:30:40.670	1.30592				2
2025.11.20	01:30:42.217	1.30591	1.30592			6
2025.11.20	01:30:42.833		1.30593			4
2025.11.20	01:30:45.005	1.30590				2
2025.11.20	01:30:46.252	1.30591				2
2025.11.20	01:30:46.570	1.30590				2
2025.11.20	01:30:47.818	1.30591				2
2025.11.20	01:30:48.447	1.30590				2
2025.11.20	01:30:51.852	1.30591				2
2025.11.20	01:31:00.261	1.30591				2
2025.11.20	01:31:07.698	1.30592				2
2025.11.20	01:31:08.623	1.30591				2
2025.11.20	01:31:08.933	1.30592				2
2025.11.20	01:31:17.300		1.30594			4
2025.11.20	01:31:18.541	1.30591				2
2025.11.20	01:31:18.850		1.30593			4
2025.11.20	01:31:22.562	1.30593	1.30594			6
2025.11.20	01:31:23.180	1.30592	1.30593			6
2025.11.20	01:31:28.123		1.30594			4
2025.11.20	01:31:30.293	1.30599	1.30602			6
2025.11.20	01:31:30.610	1.30600	1.30603			6
2025.11.20	01:31:31.224	1.30601	1.30604			6
2025.11.20	01:31:31.531	1.30600	1.30603			6
2025.11.20	01:31:42.675	1.30599	1.30602			6
2025.11.20	01:31:45.158	1.30600	1.30603			6
2025.11.20	01:31:51.646	1.30599	1.30602			6
2025.11.20	01:31:59.674	1.30600	1.30603			6
2025.11.20	01:32:00.295	1.30599	1.30602			6
2025.11.20	01:32:00.606	1.30600	1.30603			6
2025.11.20	01:32:02.464	1.30599	1.30602			6
2025.11.20	01:32:07.405	1.30592	1.30594			6
2025.11.20	01:32:07.712		1.30595			4
2025.11.20	01:32:08.641	1.30591	1.30594			6
2025.11.20	01:32:11.105	1.30592	1.30595			6
2025.11.20	01:32:12.356	1.30593	1.30596			6
2025.11.20	01:32:14.525		1.30595			4
2025.11.20	01:32:18.272	1.30592				2
2025.11.20	01:32:26.619		1.30594			4
2025.11.20	01:32:26.922		1.30595			4
2025.11.20	01:32:27.852		1.30594			4
2025.11.20	01:32:28.472		1.30595			4
2025.11.20	01:32:31.563	1.30591	1.30594			6
2025.11.20	01:32:34.342	1.30592	1.30595			6
2025.11.20	01:32:37.734	1.30591	1.30594			6
2025.11.20	01:32:40.820	1.30592	1.30595			6
2025.11.20	01:32:47.928	1.30591	1.30594			6
2025.11.20	01:32:48.857	1.30592	1.30595			6
2025.11.20	01:32:52.554	1.30591	1.30594			6
2025.11.20	01:32:54.095	1.30592	1.30595			6
2025.11.20	01:33:00.271	1.30593	1.30596			6
2025.11.20	01:33:00.580	1.30592	1.30595			6
2025.11.20	01:33:01.196	1.30593	1.30596			6
2025.11.20	01:33:02.432	1.30592	1.30595			6
2025.11.20	01:33:12.018	1.30599	1.30601			6
2025.11.20	01:33:12.335	1.30597	1.30600			6
2025.11.20	01:33:17.274		1.30598			4
2025.11.20	01:33:19.123	1.30596	1.30597			6
2025.11.20	01:33:21.310		1.30598			4
2025.11.20	01:33:22.234	1.30597	1.30599			6
2025.11.20	01:33:22.857		1.30598			4
2025.11.20	01:33:23.174		1.30599			4
2025.11.20	01:33:24.407		1.30598			4
2025.11.20	01:33:25.357	1.30596				2
2025.11.20	01:33:25.979		1.30599			4
2025.11.20	01:33:30.009	1.30597	1.30600			6
2025.11.20	01:33:35.908		1.30599			4
2025.11.20	01:33:39.002	1.30600	1.30603			6
2025.11.20	01:33:39.322	1.30599	1.30602			6
2025.11.20	01:33:42.420	1.30600	1.30603			6
2025.11.20	01:33:47.375	1.30601	1.30604			6
2025.11.20	01:33:47.689	1.30602				2
2025.11.20	01:33:47.995		1.30605			4
2025.11.20	01:33:48.927	1.30603				2
2025.11.20	01:33:49.550	1.30604				2
2025.11.20	01:33:49.861	1.30603				2
2025.11.20	01:33:50.171	1.30604				2
2025.11.20	01:33:50.482	1.30603	1.30604			6
2025.11.20	01:33:52.034		1.30605			4
2025.11.20	01:33:53.275	1.30604				2
2025.11.20	01:33:53.892	1.30608	1.30611			6
2025.11.20	01:33:54.200	1.30610	1.30613			6
2025.11.20	01:33:58.838	1.30611	1.30614			6
2025.11.20	01:34:00.083	1.30611				2
2025.11.20	01:34:12.140	1.30612				2
2025.11.20	01:34:25.453		1.30615			4
2025.11.20	01:34:25.759		1.30614			4
2025.11.20	01:34:27.319		1.30615			4
2025.11.20	01:34:31.960		1.30614			4
2025.11.20	01:34:34.442	1.30613				2
2025.11.20	01:34:40.333	1.30614	1.30615			6
2025.11.20	01:34:40.643	1.30612	1.30613			6
2025.11.20	01:34:40.951	1.30613	1.30614			6
2025.11.20	01:34:43.429	1.30612	1.30613			6
2025.11.20	01:34:43.741	1.30613	1.30614			6
2025.11.20	01:34:44.985	1.30614	1.30615			6
2025.11.20	01:34:45.299	1.30613	1.30614			6
2025.11.20	01:34:45.604	1.30614	1.30615			6
2025.11.20	01:34:45.913	1.30613	1.30614			6
2025.11.20	01:34:46.225	1.30614	1.30615			6
2025.11.20	01:34:50.252	1.30613	1.30614			6
2025.11.20	01:34:50.561	1.30614	1.30615			6
2025.11.20	01:34:54.598	1.30613				2
2025.11.20	01:34:57.066	1.30614				2
2025.11.20	01:35:00.172	1.30614				2
2025.11.20	01:35:01.402	1.30613	1.30614			6
2025.11.20	01:35:01.720	1.30614	1.30615			6
2025.11.20	01:35:02.026	1.30613	1.30614			6
2025.11.20	01:35:02.344	1.30616	1.30617			6
2025.11.20	01:35:02.663	1.30615				2
2025.11.20	01:35:02.976	1.30614				2
2025.11.20	01:35:03.279		1.30615			4
2025.11.20	01:35:03.581	1.30612	1.30614			6
2025.11.20	01:35:04.822		1.30613			4
2025.11.20	01:35:05.429	1.30611				2
2025.11.20	01:35:09.143		1.30612			4
2025.11.20	01:35:12.570		1.30613			4
2025.11.20	01:35:12.875	1.30612				2
2025.11.20	01:35:13.514	1.30611				2
2025.11.20	01:35:20.071		1.30612			4
2025.11.20	01:35:22.255		1.30613			4
2025.11.20	01:35:22.563	1.30612				2
2025.11.20	01:35:22.883	1.30611				2
2025.11.20	01:35:23.202	1.30612				2
2025.11.20	01:35:23.506	1.30611				2
2025.11.20	01:35:31.299	1.30610				2
2025.11.20	01:35:34.723		1.30612			4
2025.11.20	01:35:39.992	1.30611	1.30613			6
2025.11.20	01:35:41.238		1.30614			4
2025.11.20	01:35:41.553	1.30612	1.30613			6
2025.11.20	01:35:42.794		1.30614			4
2025.11.20	01:35:43.730		1.30613			4
2025.11.20	01:35:46.218		1.30614			4
2025.11.20	01:35:49.020		1.30613			4
2025.11.20	01:35:49.328		1.30614			4
2025.11.20	01:35:52.095	1.30613	1.30615			6
2025.11.20	01:35:57.366	1.30612				2
2025.11.20	01:36:00.157	1.30612				2
2025.11.20	01:36:00.466		1.30614			4
2025.11.20	01:36:02.963		1.30615			4
2025.11.20	01:36:05.137		1.30614			4
2025.11.20	01:36:05.440	1.30611				2
2025.11.20	01:36:06.362	1.30612				2
2025.11.20	01:36:12.874	1.30611				2
2025.11.20	01:36:17.219		1.30613			4
2025.11.20	01:36:20.614	1.30612				2
2025.11.20	01:36:24.968		1.30615			4
2025.11.20	01:36:25.275	1.30613				2
2025.11.20	01:36:25.910	1.30612	1.30613			6
2025.11.20	01:36:26.529	1.30613	1.30615			6
2025.11.20	01:36:26.837	1.30612	1.30613			6
2025.11.20	01:36:27.149		1.30615			4
2025.11.20	01:36:27.456	1.30611	1.30612			6
2025.11.20	01:36:27.765	1.30612	1.30615			6
2025.11.20	01:36:28.082	1.30611	1.30612			6
2025.11.20	01:36:28.389	1.30612	1.30615			6
2025.11.20	01:36:28.703	1.30611	1.30612			6
2025.11.20	01:36:29.013	1.30612	1.30615			6
2025.11.20	01:36:29.319	1.30611	1.30612			6
2025.11.20	01:36:29.634	1.30612	1.30615			6
2025.11.20	01:36:34.622		1.30614			4
2025.11.20	01:36:34.930		1.30615			4
2025.11.20	01:36:35.551		1.30614			4
2025.11.20	01:36:35.868		1.30615			4
2025.11.20	01:36:42.415	1.30611	1.30614			6
2025.11.20	01:36:43.045	1.30612				2
2025.11.20	01:36:53.015		1.30615			4
2025.11.20	01:36:57.339	1.30613	1.30616			6
2025.11.20	01:36:58.598		1.30615			4
2025.11.20	01:36:58.906	1.30612				2
2025.11.20	01:37:00.144	1.30612				2
2025.11.20	01:37:00.456	1.30611	1.30613			6
2025.11.20	01:37:01.718		1.30612			4
2025.11.20	01:37:02.033		1.30613			4
2025.11.20	01:37:02.656		1.30614			4
2025.11.20	01:37:04.816	1.30612	1.30615			6
2025.11.20	01:37:05.132		1.30614			4
2025.11.20	01:37:05.442		1.30613			4
2025.11.20	01:37:05.755		1.30614			4
2025.11.20	01:37:08.543		1.30613			4
2025.11.20	01:37:09.468		1.30614			4
2025.11.20	01:37:13.506		1.30613			4
2025.11.20	01:37:15.157	1.30610	1.30611			6
2025.11.20	01:37:15.477	1.30611	1.30612			6
2025.11.20	01:37:15.783	1.30610	1.30611			6
2025.11.20	01:37:16.102	1.30611	1.30612			6
2025.11.20	01:37:16.419	1.30610	1.30611			6
2025.11.20	01:37:16.730	1.30611	1.30612			6
2025.11.20	01:37:17.052	1.30610	1.30611			6
2025.11.20	01:37:17.366	1.30611	1.30612			6
2025.11.20	01:37:17.989	1.30610	1.30611			6
2025.11.20	01:37:18.294	1.30611	1.30612			6
2025.11.20	01:37:18.606	1.30610				2
2025.11.20	01:37:20.165		1.30611			4
2025.11.20	01:37:20.468	1.30608	1.30609			6
2025.11.20	01:37:22.345	1.30606	1.30607			6
2025.11.20	01:37:23.271		1.30608			4
2025.11.20	01:37:24.510		1.30609			4
2025.11.20	01:37:27.299	1.30605	1.30606			6
2025.11.20	01:37:27.924		1.30607			4
2025.11.20	01:37:28.547		1.30608			4
2025.11.20	01:37:29.776	1.30606	1.30609			6
2025.11.20	01:37:30.088	1.30607	1.30610			6
2025.11.20	01:37:31.954		1.30609			4
2025.11.20	01:37:32.578		1.30610			4
2025.11.20	01:37:33.814		1.30609			4
2025.11.20	01:37:39.093		1.30608			4
2025.11.20	01:37:42.504		1.30609			4
2025.11.20	01:37:43.432		1.30610			4
2025.11.20	01:37:43.746		1.30609			4
2025.11.20	01:37:46.561		1.30610			4
2025.11.20	01:37:49.971		1.30609			4
2025.11.20	01:37:50.287		1.30610			4
2025.11.20	01:38:00.281	1.30607				2
2025.11.20	01:38:02.780	1.30609	1.30611			6
2025.11.20	01:38:03.084		1.30612			4
2025.11.20	01:38:03.400	1.30610	1.30613			6
2025.11.20	01:38:03.711	1.30609	1.30612			6
2025.11.20	01:38:09.294		1.30611			4
2025.11.20	01:38:09.600		1.30612			4
2025.11.20	01:38:12.687		1.30611			4
2025.11.20	01:38:12.994		1.30612			4
2025.11.20	01:38:13.615	1.30610	1.30613			6
2025.11.20	01:38:16.392	1.30611	1.30614			6
2025.11.20	01:38:18.249	1.30610	1.30613			6
2025.11.20	01:38:18.872	1.30609	1.30611			6
2025.11.20	01:38:25.066	1.30610	1.30613			6
2025.11.20	01:38:26.301	1.30609	1.30612			6
2025.11.20	01:38:28.460	1.30610	1.30613			6
2025.11.20	01:38:29.411	1.30609	1.30612			6
2025.11.20	01:38:30.643	1.30610	1.30613			6
2025.11.20	01:38:30.956	1.30609	1.30612			6
2025.11.20	01:38:31.258	1.30610	1.30613			6
2025.11.20	01:38:32.191	1.30609	1.30612			6
2025.11.20	01:38:38.391	1.30610	1.30613			6
2025.11.20	01:38:41.801	1.30609	1.30612			6
2025.11.20	01:38:47.704		1.30611			4
2025.11.20	01:38:49.566	1.30611	1.30612			6
2025.11.20	01:38:50.197		1.30613			4
2025.11.20	01:38:57.630	1.30609	1.30612			6
2025.11.20	01:38:58.261	1.30610	1.30613			6
2025.11.20	01:38:59.802		1.30612			4
2025.11.20	01:39:00.110	1.30610				2
2025.11.20	01:39:00.729	1.30609				2
2025.11.20	01:39:01.960		1.30611			4
2025.11.20	01:39:03.215		1.30612			4
2025.11.20	01:39:08.164	1.30617	1.30620			6
2025.11.20	01:39:08.465	1.30618	1.30621			6
2025.11.20	01:39:20.856	1.30616	1.30619			6
2025.11.20	01:39:21.166	1.30614	1.30617			6
2025.11.20	01:39:21.481	1.30610	1.30613			6
2025.11.20	01:39:22.105	1.30611	1.30614			6
2025.11.20	01:39:22.424	1.30610	1.30613			6
2025.11.20	01:39:24.595	1.30611	1.30614			6
2025.11.20	01:39:25.841	1.30610	1.30613			6
2025.11.20	01:39:27.097	1.30619	1.30622			6
2025.11.20	01:39:28.335	1.30618	1.30624			6
2025.11.20	01:39:29.896	1.30619				2
2025.11.20	01:39:43.520	1.30618				2
2025.11.20	01:39:44.137		1.30623			4
2025.11.20	01:39:45.993	1.30619	1.30624			6
2025.11.20	01:39:46.301		1.30623			4
2025.11.20	01:39:47.224		1.30624			4
2025.11.20	01:39:49.392	1.30609	1.30614			6
2025.11.20	01:39:54.650	1.30608				2
2025.11.20	01:39:57.128		1.30615			4
2025.11.20	01:39:57.431		1.30614			4
2025.11.20	01:39:58.049		1.30615			4
2025.11.20	01:39:58.352		1.30614			4
2025.11.20	01:40:00.214	1.30608				2
2025.11.20	01:40:05.181		1.30615			4
2025.11.20	01:40:06.110		1.30614			4
2025.11.20	01:40:11.063		1.30615			4
2025.11.20	01:40:14.461		1.30614			4
2025.11.20	01:40:14.773		1.30615			4
2025.11.20	01:40:17.263		1.30614			4
2025.11.20	01:40:17.570		1.30615			4
2025.11.20	01:40:20.659		1.30613			4
2025.11.20	01:40:20.964	1.30607				2
2025.11.20	01:40:21.895		1.30614			4
2025.11.20	01:40:25.928	1.30608				2
2025.11.20	01:40:27.167		1.30613			4
2025.11.20	01:40:31.819	1.30607				2
2025.11.20	01:40:33.671		1.30614			4
2025.11.20	01:40:33.985		1.30613			4
2025.11.20	01:40:36.779		1.30614			4
2025.11.20	01:40:42.355		1.30613			4
2025.11.20	01:40:51.928	1.30604	1.30607			6
2025.11.20	01:40:52.234	1.30602	1.30605			6
2025.11.20	01:40:52.551	1.30601				2
2025.11.20	01:40:55.016		1.30606			4
2025.11.20	01:40:57.796		1.30605			4
2025.11.20	01:40:58.724		1.30606			4
2025.11.20	01:40:59.956		1.30605			4
2025.11.20	01:41:00.264	1.30600	1.30604			6
2025.11.20	01:41:00.885		1.30605			4
2025.11.20	01:41:01.519		1.30604			4
2025.11.20	01:41:01.830		1.30605			4
2025.11.20	01:41:02.137		1.30604			4
2025.11.20	01:41:02.439		1.30605			4
2025.11.20	01:41:03.066		1.30604			4
2025.11.20	01:41:03.372		1.30605			4
2025.11.20	01:41:03.683	1.30595	1.30599			6
2025.11.20	01:41:03.985	1.30592	1.30595			6
2025.11.20	01:41:04.300	1.30590				2
2025.11.20	01:41:04.611		1.30594			4
2025.11.20	01:41:04.932	1.30589				2
2025.11.20	01:41:05.555	1.30599	1.30605			6
2025.11.20	01:41:05.863		1.30604			4
2025.11.20	01:41:07.722		1.30605			4
2025.11.20	01:41:08.026		1.30604			4
2025.11.20	01:41:09.564		1.30605			4
2025.11.20	01:41:10.170		1.30604			4
2025.11.20	01:41:21.141		1.30605			4
2025.11.20	01:41:30.159		1.30606			4
2025.11.20	01:41:30.465		1.30605			4
2025.11.20	01:41:32.937		1.30606			4
2025.11.20	01:41:36.041		1.30605			4
2025.11.20	01:41:43.148		1.30606			4
2025.11.20	01:41:44.709		1.30602			4
2025.11.20	01:41:45.020		1.30605			4
2025.11.20	01:41:46.248		1.30604			4
2025.11.20	01:41:46.880		1.30605			4
2025.11.20	01:41:50.915		1.30604			4
2025.11.20	01:41:54.317		1.30605			4
2025.11.20	01:41:55.880		1.30604			4
2025.11.20	01:41:57.740		1.30605			4
2025.11.20	01:41:58.048		1.30604			4
2025.11.20	01:42:00.214	1.30599				2
2025.11.20	01:42:00.834		1.30605			4
2025.11.20	01:42:01.139	1.30598	1.30604			6
2025.11.20	01:42:02.372	1.30597				2
2025.11.20	01:42:04.861		1.30603			4
2025.11.20	01:42:06.997	1.30598				2
2025.11.20	01:42:40.968	1.30597	1.30601			6
2025.11.20	01:42:41.272	1.30596				2
2025.11.20	01:42:42.200		1.30603			4
2025.11.20	01:42:45.332	1.30597				2
2025.11.20	01:42:46.259	1.30594	1.30595			6
2025.11.20	01:42:46.565	1.30591	1.30594			6
2025.11.20	01:42:46.879	1.30590				2
2025.11.20	01:42:47.184	1.30589				2
2025.11.20	01:42:50.588		1.30593			4
2025.11.20	01:42:52.436		1.30594			4
2025.11.20	01:43:00.137	1.30589				2
2025.11.20	01:43:03.228		1.30595			4
2025.11.20	01:43:08.453		1.30594			4
2025.11.20	01:43:09.990		1.30595			4
2025.11.20	01:43:13.376		1.30594			4
2025.11.20	01:43:15.224	1.30588	1.30593			6
2025.11.20	01:43:24.140	1.30587	1.30589			6
2025.11.20	01:43:24.445	1.30586	1.30593			6
2025.11.20	01:43:24.755	1.30587				2
2025.11.20	01:43:25.378	1.30586				2
2025.11.20	01:43:30.913	1.30587				2
2025.11.20	01:43:31.222		1.30594			4
2025.11.20	01:43:33.684		1.30593			4
2025.11.20	01:43:36.748	1.30589	1.30594			6
2025.11.20	01:43:37.968		1.30595			4
2025.11.20	01:43:38.276		1.30594			4
2025.11.20	01:43:42.877	1.30591				2
2025.11.20	01:43:43.182	1.30590				2
2025.11.20	01:43:44.108	1.30589	1.30593			6
2025.11.20	01:43:44.418		1.30594			4
2025.11.20	01:43:45.645	1.30588				2
2025.11.20	01:43:47.189		1.30593			4
2025.11.20	01:44:00.079	1.30588				2
2025.11.20	01:44:02.228	1.30589				2
2025.11.20	01:44:03.755	1.30588				2
2025.11.20	01:44:04.985	1.30589				2
2025.11.20	01:44:15.079		1.30590			4
2025.11.20	01:44:15.384		1.30592			4
2025.11.20	01:44:15.686	1.30590				2
2025.11.20	01:44:17.845	1.30589				2
2025.11.20	01:44:24.291	1.30590				2
2025.11.20	01:44:24.912		1.30591			4
2025.11.20	01:44:25.215		1.30592			4
2025.11.20	01:44:29.487	1.30582	1.30583			6
2025.11.20	01:44:30.102	1.30581				2
2025.11.20	01:44:30.413	1.30580				2
2025.11.20	01:44:34.721	1.30579	1.30582			6
2025.11.20	01:44:35.649	1.30578	1.30583			6
2025.11.20	01:44:36.575	1.30577				2
2025.11.20	01:44:39.659	1.30578				2
2025.11.20	01:44:52.600	1.30579				2
2025.11.20	01:44:52.903	1.30580				2
2025.11.20	01:44:54.741	1.30579				2
2025.11.20	01:44:58.719	1.30580				2
2025.11.20	01:45:00.246	1.30580				2
2025.11.20	01:45:12.196	1.30581				2
2025.11.20	01:45:13.118	1.30580				2
2025.11.20	01:45:26.561	1.30579	1.30582			6
2025.11.20	01:45:26.866	1.30580	1.30583			6
2025.11.20	01:45:57.808	1.30579	1.30582			6
2025.11.20	01:45:58.116	1.30581	1.30584			6
2025.11.20	01:46:00.263	1.30581				2
2025.11.20	01:46:01.182	1.30580	1.30583			6
2025.11.20	01:46:01.801	1.30581	1.30584			6
2025.11.20	01:46:03.314		1.30583			4
2025.11.20	01:46:04.231	1.30580				2
2025.11.20	01:46:04.538	1.30581				2
2025.11.20	01:46:06.062	1.30580				2
2025.11.20	01:46:06.371	1.30581				2
2025.11.20	01:46:07.293	1.30580				2
2025.11.20	01:46:08.208	1.30581	1.30584			6
2025.11.20	01:46:10.041	1.30580	1.30583			6
2025.11.20	01:46:12.515	1.30577	1.30579			6
2025.11.20	01:46:12.822	1.30580	1.30583			6
2025.11.20	01:46:13.432	1.30581	1.30584			6
2025.11.20	01:46:15.576		1.30583			4
2025.11.20	01:46:17.419		1.30584			4
2025.11.20	01:46:18.338	1.30582				2
2025.11.20	01:46:18.943		1.30585			4
2025.11.20	01:46:19.555		1.30584			4
2025.11.20	01:46:19.863	1.30579	1.30582			6
2025.11.20	01:46:20.165	1.30580	1.30583			6
2025.11.20	01:46:21.080	1.30579	1.30582			6
2025.11.20	01:46:22.909	1.30580	1.30583			6
2025.11.20	01:46:23.216	1.30579	1.30582			6
2025.11.20	01:46:24.430	1.30580	1.30583			6
2025.11.20	01:46:24.740	1.30581				2
2025.11.20	01:46:25.050	1.30580				2
2025.11.20	01:46:26.274	1.30579	1.30582			6
2025.11.20	01:46:36.390	1.30578	1.30581			6
2025.11.20	01:46:40.651	1.30579	1.30582			6
2025.11.20	01:46:43.430	1.30578	1.30581			6
2025.11.20	01:46:44.662	1.30579	1.30582			6
2025.11.20	01:46:44.965	1.30580	1.30583			6
2025.11.20	01:46:45.279	1.30579	1.30582			6
2025.11.20	01:46:46.830	1.30580	1.30583			6
2025.11.20	01:46:50.576	1.30581	1.30584			6
2025.11.20	01:46:50.879	1.30582				2
2025.11.20	01:46:53.052		1.30583			4
2025.11.20	01:46:53.978	1.30581				2
2025.11.20	01:47:00.178	1.30581				2
2025.11.20	01:47:06.372		1.30584			4
2025.11.20	01:47:10.097		1.30583			4
2025.11.20	01:47:15.358	1.30580				2
2025.11.20	01:47:17.258	1.30581	1.30584			6
2025.11.20	01:47:17.571		1.30583			4
2025.11.20	01:47:21.303	1.30582	1.30584			6
2025.11.20	01:47:23.170		1.30583			4
2025.11.20	01:47:26.281		1.30584			4
2025.11.20	01:47:26.592	1.30581	1.30583			6
2025.11.20	01:47:42.957	1.30580				2
2025.11.20	01:47:44.200	1.30581				2
2025.11.20	01:47:59.717	1.30582	1.30584			6
2025.11.20	01:48:00.034	1.30581	1.30583			6
2025.11.20	01:48:00.975		1.30584			4
2025.11.20	01:48:01.592		1.30583			4
2025.11.20	01:48:03.465	1.30580				2
2025.11.20	01:48:10.908	1.30581	1.30584			6
2025.11.20	01:48:12.453		1.30583			4
2025.11.20	01:48:22.042		1.30584			4
2025.11.20	01:48:22.350		1.30583			4
2025.11.20	01:48:22.664		1.30584			4
2025.11.20	01:48:22.973	1.30582				2
2025.11.20	01:48:29.167		1.30583			4
2025.11.20	01:48:29.470	1.30581				2
2025.11.20	01:48:32.891	1.30582				2
2025.11.20	01:48:33.511		1.30584			4
2025.11.20	01:48:41.583		1.30585			4
2025.11.20	01:48:43.741		1.30584			4
2025.11.20	01:48:53.360	1.30586	1.30587			6
2025.11.20	01:48:53.663	1.30592	1.30593			6
2025.11.20	01:48:53.981		1.30594			4
2025.11.20	01:48:54.287		1.30593			4
2025.11.20	01:48:56.759		1.30594			4
2025.11.20	01:48:59.857	1.30593				2
2025.11.20	01:49:00.166	1.30593				2
2025.11.20	01:49:01.083	1.30600	1.30603			6
2025.11.20	01:49:01.385	1.30601	1.30604			6
2025.11.20	01:49:01.702	1.30602				2
2025.11.20	01:49:02.013		1.30603			4
2025.11.20	01:49:02.323	1.30600				2
2025.11.20	01:49:02.630	1.30599				2
2025.11.20	01:49:08.515	1.30596	1.30597			6
2025.11.20	01:49:08.818	1.30593	1.30594			6
2025.11.20	01:49:10.367	1.30595	1.30603			6
2025.11.20	01:49:10.669	1.30597				2
2025.11.20	01:49:11.307	1.30596				2
2025.11.20	01:49:11.925	1.30597				2
2025.11.20	01:49:16.260		1.30604			4
2025.11.20	01:49:16.578		1.30603			4
2025.11.20	01:49:17.502	1.30599	1.30604			6
2025.11.20	01:49:17.811	1.30600				2
2025.11.20	01:49:21.224	1.30599				2
2025.11.20	01:49:23.079	1.30600				2
2025.11.20	01:49:27.731	1.30599				2
2025.11.20	01:49:29.272	1.30600				2
2025.11.20	01:49:29.582	1.30605	1.30612			6
2025.11.20	01:49:29.888	1.30606	1.30613			6
2025.11.20	01:49:30.504	1.30605	1.30611			6
2025.11.20	01:49:30.825		1.30613			4
2025.11.20	01:49:31.753		1.30612			4
2025.11.20	01:49:32.678	1.30606				2
2025.11.20	01:49:32.997		1.30613			4
2025.11.20	01:49:34.856	1.30602	1.30606			6
2025.11.20	01:49:35.159	1.30603	1.30611			6
2025.11.20	01:49:35.783		1.30608			4
2025.11.20	01:49:38.289		1.30610			4
2025.11.20	01:49:38.590	1.30604	1.30612			6
2025.11.20	01:49:39.530	1.30605				2
2025.11.20	01:49:39.836		1.30611			4
2025.11.20	01:49:41.396	1.30603	1.30608			6
2025.11.20	01:49:41.702		1.30611			4
2025.11.20	01:49:43.388		1.30608			4
2025.11.20	01:49:54.816	1.30602	1.30606			6
2025.11.20	01:49:59.145	1.30600	1.30604			6
2025.11.20	01:49:59.466		1.30605			4
2025.11.20	01:50:00.085	1.30600	1.30604			6
2025.11.20	01:50:00.392		1.30605			4
2025.11.20	01:50:01.012		1.30604			4
2025.11.20	01:50:01.333		1.30605			4
2025.11.20	01:50:02.265	1.30599				2
2025.11.20	01:50:09.083	1.30598				2
2025.11.20	01:50:13.100		1.30604			4
2025.11.20	01:50:13.712	1.30599				2
2025.11.20	01:50:15.567	1.30600	1.30605			6
2025.11.20	01:50:21.841	1.30603	1.30607			6
2025.11.20	01:50:22.146	1.30607	1.30613			6
2025.11.20	01:50:22.763	1.30608	1.30614			6
2025.11.20	01:50:23.383	1.30607				2
2025.11.20	01:50:25.560		1.30613			4
2025.11.20	01:50:26.490		1.30614			4
2025.11.20	01:50:29.876	1.30609				2
2025.11.20	01:50:31.489		1.30615			4
2025.11.20	01:50:32.109		1.30614			4
2025.11.20	01:50:33.351		1.30615			4
2025.11.20	01:50:33.670		1.30614			4
2025.11.20	01:50:34.275		1.30615			4
2025.11.20	01:50:35.519		1.30614			4
2025.11.20	01:50:35.829	1.30608	1.30615			6
2025.11.20	01:50:36.444	1.30609				2
2025.11.20	01:50:36.753		1.30614			4
2025.11.20	01:50:37.673		1.30615			4
2025.11.20	01:50:42.000		1.30614			4
2025.11.20	01:50:42.317	1.30608				2
2025.11.20	01:50:42.626		1.30615			4
2025.11.20	01:50:42.943		1.30614			4
2025.11.20	01:50:43.260		1.30615			4
2025.11.20	01:50:44.493	1.30607	1.30613			6
2025.11.20	01:50:48.195	1.30606				2
2025.11.20	01:50:55.926	1.30607				2
2025.11.20	01:51:00.246	1.30607				2
2025.11.20	01:51:00.869	1.30608				2
2025.11.20	01:51:01.790	1.30607				2
2025.11.20	01:51:06.113	1.30608				2
2025.11.20	01:51:10.432	1.30607				2
2025.11.20	01:51:11.361	1.30610	1.30615			6
2025.11.20	01:51:11.674		1.30616			4
2025.11.20	01:51:12.294		1.30615			4
2025.11.20	01:51:12.915		1.30616			4
2025.11.20	01:51:14.140		1.30615			4
2025.11.20	01:51:14.763		1.30616			4
2025.11.20	01:51:15.686	1.30611	1.30615			6
2025.11.20	01:51:15.989	1.30612				2
2025.11.20	01:51:16.927	1.30611				2
2025.11.20	01:51:17.539		1.30614			4
2025.11.20	01:51:17.848	1.30610	1.30615			6
2025.11.20	01:51:21.234	1.30612	1.30616			6
2025.11.20	01:51:21.542	1.30611				2
2025.11.20	01:51:23.703		1.30615			4
2025.11.20	01:51:24.322	1.30610	1.30616			6
2025.11.20	01:51:27.110	1.30611				2
2025.11.20	01:51:29.285	1.30610	1.30615			6
2025.11.20	01:51:29.588	1.30609				2
2025.11.20	01:51:29.902		1.30614			4
2025.11.20	01:51:30.206		1.30615			4
2025.11.20	01:51:30.515		1.30614			4
2025.11.20	01:51:30.829		1.30615			4
2025.11.20	01:51:32.370		1.30614			4
2025.11.20	01:51:32.681		1.30615			4
2025.11.20	01:51:33.294	1.30610				2
2025.11.20	01:51:36.386	1.30611				2
2025.11.20	01:51:37.927	1.30610				2
2025.11.20	01:51:41.363	1.30611	1.30616			6
2025.11.20	01:51:44.166		1.30615			4
2025.11.20	01:51:45.720	1.30610	1.30614			6
2025.11.20	01:51:46.038		1.30615			4
2025.11.20	01:51:46.661		1.30614			4
2025.11.20	01:51:47.292		1.30615			4
2025.11.20	01:51:47.598		1.30614			4
2025.11.20	01:51:47.910		1.30615			4
2025.11.20	01:51:48.518		1.30614			4
2025.11.20	01:51:48.823		1.30615			4
2025.11.20	01:51:55.568		1.30614			4
2025.11.20	01:51:55.879		1.30615			4
2025.11.20	01:51:56.183	1.30611				2
2025.11.20	01:52:00.161	1.30611				2
2025.11.20	01:52:00.779	1.30609	1.30614			6
2025.11.20	01:52:03.537	1.30610	1.30615			6
2025.11.20	01:52:03.842	1.30609	1.30614			6
2025.11.20	01:52:05.375	1.30610				2
2025.11.20	01:52:08.756	1.30611	1.30615			6
2025.11.20	01:52:09.058	1.30613	1.30616			6
2025.11.20	01:52:11.202	1.30618	1.30622			6
2025.11.20	01:52:12.127	1.30617	1.30624			6
2025.11.20	01:52:12.446	1.30618				2
2025.11.20	01:52:15.248	1.30619				2
2025.11.20	01:52:15.551		1.30625			4
2025.11.20	01:52:16.173		1.30624			4
2025.11.20	01:52:16.483		1.30625			4
2025.11.20	01:52:18.647		1.30624			4
2025.11.20	01:52:18.952		1.30625			4
2025.11.20	01:52:19.260		1.30624			4
2025.11.20	01:52:20.190	1.30620				2
2025.11.20	01:52:20.804	1.30619	1.30625			6
2025.11.20	01:52:21.113		1.30624			4
2025.11.20	01:52:21.421		1.30625			4
2025.11.20	01:52:21.732	1.30618	1.30623			6
2025.11.20	01:52:22.347		1.30624			4
2025.11.20	01:52:22.647		1.30623			4
2025.11.20	01:52:22.960		1.30624			4
2025.11.20	01:52:24.507	1.30619				2
2025.11.20	01:52:24.813		1.30625			4
2025.11.20	01:52:25.432	1.30618	1.30624			6
2025.11.20	01:52:29.750	1.30619	1.30625			6
2025.11.20	01:52:30.056		1.30624			4
2025.11.20	01:52:30.673		1.30625			4
2025.11.20	01:52:32.208		1.30624			4
2025.11.20	01:52:36.192	1.30618	1.30623			6
2025.11.20	01:52:37.109	1.30617	1.30622			6
2025.11.20	01:52:42.296		1.30621			4
2025.11.20	01:52:43.521	1.30618	1.30622			6
2025.11.20	01:52:49.049	1.30616	1.30620			6
2025.11.20	01:52:52.128	1.30617				2
2025.11.20	01:52:53.653	1.30618	1.30621			6
2025.11.20	01:52:54.265	1.30617	1.30620			6
2025.11.20	01:52:55.810	1.30618	1.30621			6
2025.11.20	01:53:00.093	1.30618				2
2025.11.20	01:53:00.399	1.30611	1.30614			6
2025.11.20	01:53:01.013	1.30610	1.30613			6
2025.11.20	01:53:01.319	1.30609	1.30615			6
2025.11.20	01:53:06.587	1.30608				2
2025.11.20	01:53:07.832		1.30614			4
2025.11.20	01:53:10.930	1.30609				2
2025.11.20	01:53:11.858	1.30608				2
2025.11.20	01:53:13.407	1.30609				2
2025.11.20	01:53:15.275	1.30608				2
2025.11.20	01:53:18.399	1.30609				2
2025.11.20	01:53:18.705	1.30608	1.30613			6
2025.11.20	01:53:23.669	1.30609	1.30614			6
2025.11.20	01:53:23.978	1.30610				2
2025.11.20	01:53:24.284	1.30609				2
2025.11.20	01:53:28.305	1.30621	1.30625			6
2025.11.20	01:53:28.930	1.30622	1.30627			6
2025.11.20	01:53:29.248	1.30621				2
2025.11.20	01:53:32.963		1.30625			4
2025.11.20	01:53:33.277		1.30627			4
2025.11.20	01:53:35.447		1.30626			4
2025.11.20	01:53:37.922	1.30619	1.30624			6
2025.11.20	01:53:41.934		1.30623			4
2025.11.20	01:53:42.246		1.30624			4
2025.11.20	01:53:59.250		1.30623			4
2025.11.20	01:53:59.558		1.30624			4
2025.11.20	01:54:00.178	1.30619				2
2025.11.20	01:54:06.692		1.30625			4
2025.11.20	01:54:27.772	1.30620				2
2025.11.20	01:54:45.370	1.30614	1.30617			6
2025.11.20	01:54:45.680	1.30617	1.30624			6
2025.11.20	01:54:47.540	1.30619				2
2025.11.20	01:54:47.845		1.30625			4
2025.11.20	01:54:48.468	1.30617	1.30623			6
2025.11.20	01:54:48.785		1.30624			4
2025.11.20	01:54:50.636		1.30625			4
2025.11.20	01:54:52.178		1.30624			4
2025.11.20	01:54:56.799	1.30618	1.30625			6
2025.11.20	01:54:59.888	1.30617	1.30624			6
2025.11.20	01:55:00.202	1.30617				2
2025.11.20	01:55:00.821		1.30625			4
2025.11.20	01:55:01.436	1.30618				2
2025.11.20	01:55:12.475		1.30624			4
2025.11.20	01:55:13.092		1.30625			4
2025.11.20	01:55:14.331		1.30624			4
2025.11.20	01:55:15.258		1.30623			4
2025.11.20	01:55:15.564		1.30624			4
2025.11.20	01:55:23.260	1.30619				2
2025.11.20	01:55:30.300		1.30623			4
2025.11.20	01:55:30.911	1.30620	1.30624			6
2025.11.20	01:55:32.441	1.30619	1.30623			6
2025.11.20	01:55:39.192	1.30620				2
2025.11.20	01:55:46.558	1.30619	1.30622			6
2025.11.20	01:55:47.472	1.30620	1.30623			6
2025.11.20	01:55:48.691	1.30619	1.30622			6
2025.11.20	01:55:54.828	1.30618	1.30621			6
2025.11.20	01:55:55.137	1.30619	1.30622			6
2025.11.20	01:55:55.440	1.30618	1.30621			6
2025.11.20	01:55:56.062	1.30619	1.30622			6
2025.11.20	01:56:00.062	1.30619				2
2025.11.20	01:56:00.674	1.30618	1.30621			6
2025.11.20	01:56:03.429	1.30619	1.30622			6
2025.11.20	01:56:04.044	1.30620	1.30623			6
2025.11.20	01:56:04.352	1.30619	1.30622			6
2025.11.20	01:56:08.030	1.30620	1.30623			6
2025.11.20	01:56:14.159	1.30619	1.30622			6
2025.11.20	01:56:14.470	1.30620	1.30623			6
2025.11.20	01:56:14.773	1.30613	1.30615			6
2025.11.20	01:56:15.076	1.30612				2
2025.11.20	01:56:16.296	1.30610				2
2025.11.20	01:56:20.333	1.30611				2
2025.11.20	01:56:20.946	1.30610				2
2025.11.20	01:56:22.806	1.30611				2
2025.11.20	01:56:23.732	1.30609				2
2025.11.20	01:56:25.885	1.30610				2
2025.11.20	01:56:34.552	1.30609	1.30614			6
2025.11.20	01:56:34.872	1.30610	1.30615			6
2025.11.20	01:56:35.191	1.30605	1.30606			6
2025.11.20	01:56:35.503	1.30602	1.30607			6
2025.11.20	01:56:36.141	1.30600	1.30610			6
2025.11.20	01:56:36.448	1.30603	1.30611			6
2025.11.20	01:56:39.554	1.30604	1.30612			6
2025.11.20	01:56:39.866		1.30613			4
2025.11.20	01:56:51.337	1.30605				2
2025.11.20	01:57:00.032	1.30605				2
2025.11.20	01:57:02.541	1.30606				2
2025.11.20	01:57:02.850	1.30605				2
2025.11.20	01:57:06.271	1.30604	1.30611			6
2025.11.20	01:57:08.137	1.30605				2
2025.11.20	01:57:09.377	1.30604				2
2025.11.20	01:57:10.303	1.30605				2
2025.11.20	01:57:10.926	1.30604				2
2025.11.20	01:57:13.097	1.30603	1.30610			6
2025.11.20	01:57:13.406	1.30605	1.30612			6
2025.11.20	01:57:15.282		1.30611			4
2025.11.20	01:57:15.589	1.30607	1.30614			6
2025.11.20	01:57:15.899	1.30608				2
2025.11.20	01:57:16.831	1.30607				2
2025.11.20	01:57:18.375	1.30608				2
2025.11.20	01:57:21.789	1.30609				2
2025.11.20	01:57:22.412	1.30608				2
2025.11.20	01:57:24.283	1.30609				2
2025.11.20	01:57:37.901	1.30610				2
2025.11.20	01:57:38.209	1.30609				2
2025.11.20	01:57:39.122	1.30610				2
2025.11.20	01:57:45.238		1.30613			4
2025.11.20	01:57:51.381	1.30611	1.30614			6
2025.11.20	01:57:52.290	1.30612				2
2025.11.20	01:57:55.660	1.30611				2
2025.11.20	01:57:56.575	1.30612				2
2025.11.20	01:57:57.810	1.30611				2
2025.11.20	01:58:00.275	1.30612				2
2025.11.20	01:58:01.189	1.30610	1.30613			6
2025.11.20	01:58:02.729	1.30609	1.30612			6
2025.11.20	01:58:03.344	1.30610	1.30613			6
2025.11.20	01:58:03.653	1.30611	1.30614			6
2025.11.20	01:58:04.273	1.30607	1.30610			6
2025.11.20	01:58:04.578	1.30609	1.30612			6
2025.11.20	01:58:05.192	1.30608	1.30611			6
2025.11.20	01:58:07.947	1.30609	1.30612			6
2025.11.20	01:58:10.699	1.30608	1.30611			6
2025.11.20	01:58:15.280	1.30604	1.30606			6
2025.11.20	01:58:15.894		1.30605			4
2025.11.20	01:58:16.195	1.30602	1.30604			6
2025.11.20	01:58:21.996		1.30605			4
2025.11.20	01:58:22.611	1.30601	1.30604			6
2025.11.20	01:58:27.801	1.30602	1.30605			6
2025.11.20	01:58:32.097		1.30604			4
2025.11.20	01:58:32.704		1.30605			4
2025.11.20	01:58:36.074	1.30601	1.30604			6
2025.11.20	01:58:38.211	1.30602	1.30605			6
2025.11.20	01:58:43.729	1.30601	1.30604			6
2025.11.20	01:58:51.688	1.30602	1.30605			6
2025.11.20	01:58:55.642	1.30601	1.30604			6
2025.11.20	01:59:00.246	1.30601				2
2025.11.20	01:59:00.550	1.30600	1.30603			6
2025.11.20	01:59:02.391	1.30601	1.30604			6
2025.11.20	01:59:03.003	1.30600	1.30603			6
2025.11.20	01:59:06.691	1.30601	1.30604			6
2025.11.20	01:59:07.615	1.30600	1.30603			6
2025.11.20	01:59:10.667	1.30601	1.30604			6
2025.11.20	01:59:11.590	1.30600	1.30603			6
2025.11.20	01:59:14.349	1.30601	1.30604			6
2025.11.20	01:59:17.132	1.30600	1.30603			6
2025.11.20	01:59:23.312	1.30601	1.30604			6
2025.11.20	01:59:24.238	1.30602	1.30605			6
2025.11.20	01:59:27.027		1.30604			4
2025.11.20	01:59:27.955		1.30605			4
2025.11.20	01:59:28.575		1.30604			4
2025.11.20	01:59:28.880	1.30601				2
2025.11.20	01:59:29.195	1.30602	1.30605			6
2025.11.20	01:59:34.441	1.30601	1.30604			6
2025.11.20	01:59:37.226	1.30602				2
2025.11.20	01:59:37.532	1.30601				2
2025.11.20	01:59:50.238	1.30602	1.30605			6
2025.11.20	01:59:50.544		1.30604			4
2025.11.20	01:59:50.857		1.30605			4
2025.11.20	01:59:51.478		1.30604			4
2025.11.20	01:59:52.088		1.30605			4
2025.11.20	01:59:53.324	1.30601	1.30604			6
2025.11.20	01:59:57.966	1.30602	1.30605			6
2025.11.20	01:59:58.283	1.30601	1.30604			6
2025.11.20	02:00:00.135	1.30601	1.30602			6
2025.11.20	02:00:00.452	1.30600				2
2025.11.20	02:00:01.397	1.30601				2
2025.11.20	02:00:01.702	1.30600				2
2025.11.20	02:00:02.628	1.30601				2
2025.11.20	02:00:02.946	1.30600				2
2025.11.20	02:00:03.866	1.30601				2
2025.11.20	02:00:05.178	1.30600				2
2025.11.20	02:00:06.110	1.30601				2
2025.11.20	02:00:08.309	1.30600				2
2025.11.20	02:00:08.941	1.30591	1.30593			6
2025.11.20	02:00:09.260	1.30590				2
2025.11.20	02:00:10.506		1.30592			4
2025.11.20	02:00:10.808	1.30580	1.30584			6
2025.11.20	02:00:11.126	1.30579				2
2025.11.20	02:00:11.434	1.30577	1.30581			6
2025.11.20	02:00:11.747	1.30578	1.30583			6
2025.11.20	02:00:13.617		1.30582			4
2025.11.20	02:00:14.237		1.30583			4
2025.11.20	02:00:15.163	1.30575	1.30582			6
2025.11.20	02:00:15.464	1.30576	1.30584			6
2025.11.20	02:00:15.784		1.30581			4
2025.11.20	02:00:17.032	1.30575				2
2025.11.20	02:00:20.115	1.30576				2
2025.11.20	02:00:20.425		1.30583			4
2025.11.20	02:00:21.976	1.30575	1.30580			6
2025.11.20	02:00:25.413	1.30576	1.30582			6
2025.11.20	02:00:30.075	1.30577	1.30584			6
2025.11.20	02:00:30.380	1.30578	1.30583			6
2025.11.20	02:00:30.682		1.30584			4
2025.11.20	02:00:32.846	1.30579				2
2025.11.20	02:00:37.843		1.30585			4
2025.11.20	02:00:38.162	1.30588	1.30594			6
2025.11.20	02:00:38.470	1.30589				2
2025.11.20	02:00:39.703	1.30588				2
2025.11.20	02:00:40.633	1.30587	1.30593			6
2025.11.20	02:00:40.944		1.30594			4
2025.11.20	02:00:42.201	1.30588				2
2025.11.20	02:00:43.766	1.30587	1.30591			6
2025.11.20	02:00:44.072		1.30594			4
2025.11.20	02:00:44.696		1.30591			4
2025.11.20	02:00:45.009	1.30583	1.30584			6
2025.11.20	02:00:45.321	1.30579	1.30585			6
2025.11.20	02:00:45.937		1.30584			4
2025.11.20	02:00:50.309		1.30585			4
2025.11.20	02:00:50.618		1.30584			4
2025.11.20	02:00:57.443	1.30576	1.30580			6
2025.11.20	02:00:59.945	1.30575				2
2025.11.20	02:01:00.250	1.30575				2
2025.11.20	02:01:01.507	1.30576				2
2025.11.20	02:01:04.291	1.30575	1.30579			6
2025.11.20	02:01:04.599	1.30574				2
2025.11.20	02:01:05.220	1.30575				2
2025.11.20	02:01:05.525	1.30576				2
2025.11.20	02:01:06.147		1.30580			4
2025.11.20	02:01:08.319	1.30575				2
2025.11.20	02:01:12.654	1.30576				2
2025.11.20	02:01:12.972	1.30577				2
2025.11.20	02:01:13.280	1.30579	1.30584			6
2025.11.20	02:01:16.085	1.30578				2
2025.11.20	02:01:16.393	1.30579				2
2025.11.20	02:01:25.399		1.30583			4
2025.11.20	02:01:25.710		1.30584			4
2025.11.20	02:01:26.023	1.30580	1.30583			6
2025.11.20	02:01:26.341	1.30579	1.30584			6
2025.11.20	02:01:29.456		1.30583			4
2025.11.20	02:01:32.565		1.30581			4
2025.11.20	02:01:32.869	1.30575				2
2025.11.20	02:01:33.792		1.30580			4
2025.11.20	02:01:34.412	1.30576				2
2025.11.20	02:01:40.639	1.30575				2
2025.11.20	02:01:41.264	1.30571	1.30574			6
2025.11.20	02:01:41.883		1.30575			4
2025.11.20	02:01:42.201		1.30574			4
2025.11.20	02:01:47.463		1.30573			4
2025.11.20	02:01:47.772	1.30564	1.30569			6
2025.11.20	02:01:48.077	1.30563				2
2025.11.20	02:01:48.398		1.30568			4
2025.11.20	02:01:49.008	1.30562				2
2025.11.20	02:01:49.316	1.30560	1.30565			6
2025.11.20	02:01:49.623		1.30564			4
2025.11.20	02:01:50.238		1.30563			4
2025.11.20	02:01:50.540		1.30564			4
2025.11.20	02:01:50.855		1.30563			4
2025.11.20	02:01:51.161	1.30559				2
2025.11.20	02:01:51.482		1.30564			4
2025.11.20	02:01:53.362	1.30548	1.30551			6
2025.11.20	02:01:53.669	1.30541	1.30545			6
2025.11.20	02:01:54.280	1.30539				2
2025.11.20	02:01:54.588	1.30537				2
2025.11.20	02:01:55.518	1.30539				2
2025.11.20	02:01:55.832	1.30546	1.30549			6
2025.11.20	02:01:56.138		1.30551			4
2025.11.20	02:01:58.626	1.30543	1.30549			6
2025.11.20	02:01:59.244		1.30550			4
2025.11.20	02:01:59.549	1.30545				2
2025.11.20	02:01:59.857	1.30544				2
2025.11.20	02:02:00.165	1.30545				2
2025.11.20	02:02:00.788	1.30544				2
2025.11.20	02:02:01.399	1.30546	1.30553			6
2025.11.20	02:02:02.352	1.30547	1.30552			6
2025.11.20	02:02:04.842		1.30553			4
2025.11.20	02:02:06.076	1.30546	1.30548			6
2025.11.20	02:02:06.379	1.30543	1.30550			6
2025.11.20	02:02:06.685	1.30542				2
2025.11.20	02:02:07.300	1.30541	1.30549			6
2025.11.20	02:02:07.616	1.30542				2
2025.11.20	02:02:08.238		1.30550			4
2025.11.20	02:02:09.796	1.30541	1.30549			6
2025.11.20	02:02:11.658	1.30542				2
2025.11.20	02:02:11.959	1.30541				2
2025.11.20	02:02:12.276		1.30550			4
2025.11.20	02:02:12.913	1.30542	1.30548			6
2025.11.20	02:02:14.144	1.30539	1.30545			6
2025.11.20	02:02:15.384	1.30537	1.30544			6
2025.11.20	02:02:16.313	1.30538	1.30543			6
2025.11.20	02:02:17.250	1.30537				2
2025.11.20	02:02:17.604	1.30538				2
2025.11.20	02:02:20.249	1.30539	1.30544			6
2025.11.20	02:02:20.553	1.30538	1.30543			6
2025.11.20	02:02:20.853		1.30544			4
2025.11.20	02:02:21.155	1.30547	1.30553			6
2025.11.20	02:02:27.051		1.30551			4
2025.11.20	02:02:27.674		1.30552			4
2025.11.20	02:02:29.866		1.30554			4
2025.11.20	02:02:30.170	1.30548				2
2025.11.20	02:02:32.047	1.30547				2
2025.11.20	02:02:33.616	1.30548				2
2025.11.20	02:02:35.787	1.30549				2
2025.11.20	02:02:37.045	1.30548				2
2025.11.20	02:02:38.611	1.30547				2
2025.11.20	02:02:40.166	1.30548				2
2025.11.20	02:02:42.044		1.30553			4
2025.11.20	02:02:51.362	1.30543	1.30549			6
2025.11.20	02:02:53.212	1.30542				2
2025.11.20	02:02:55.702		1.30548			4
2025.11.20	02:02:56.008	1.30540	1.30547			6
2025.11.20	02:02:56.941	1.30542				2
2025.11.20	02:02:57.249		1.30546			4
2025.11.20	02:03:00.059	1.30543				2
2025.11.20	02:03:00.683	1.30542				2
2025.11.20	02:03:01.937	1.30541				2
2025.11.20	02:03:03.504	1.30540				2
2025.11.20	02:03:04.432	1.30538	1.30543			6
2025.11.20	02:03:04.751	1.30537				2
2025.11.20	02:03:06.918	1.30539				2
2025.11.20	02:03:07.225	1.30538				2
2025.11.20	02:03:11.254	1.30539				2
2025.11.20	02:03:12.516		1.30545			4
2025.11.20	02:03:12.823	1.30541				2
2025.11.20	02:03:15.328	1.30540	1.30544			6
2025.11.20	02:03:16.271		1.30545			4
2025.11.20	02:03:17.208		1.30544			4
2025.11.20	02:03:18.770	1.30546	1.30549			6
2025.11.20	02:03:19.083	1.30548	1.30553			6
2025.11.20	02:03:20.641	1.30547	1.30549			6
2025.11.20	02:03:20.948	1.30546	1.30552			6
2025.11.20	02:03:26.845	1.30545	1.30551			6
2025.11.20	02:03:30.859	1.30546	1.30552			6
2025.11.20	02:03:31.161	1.30547	1.30553			6
2025.11.20	02:03:32.087	1.30549				2
2025.11.20	02:03:33.328		1.30554			4
2025.11.20	02:03:39.503	1.30548	1.30549			6
2025.11.20	02:03:39.807	1.30543	1.30547			6
2025.11.20	02:03:41.041	1.30542				2
2025.11.20	02:03:42.588	1.30541	1.30546			6
2025.11.20	02:03:42.898	1.30542	1.30547			6
2025.11.20	02:03:48.158		1.30546			4
2025.11.20	02:03:49.727	1.30541				2
2025.11.20	02:03:51.880	1.30538	1.30544			6
2025.11.20	02:03:54.048	1.30539				2
2025.11.20	02:03:54.668	1.30538				2
2025.11.20	02:03:56.522		1.30543			4
2025.11.20	02:04:00.246	1.30538				2
2025.11.20	02:04:00.557	1.30537	1.30542			6
2025.11.20	02:04:02.100	1.30539				2
2025.11.20	02:04:05.804	1.30538				2
2025.11.20	02:04:06.424	1.30539				2
2025.11.20	02:04:06.741	1.30537	1.30541			6
2025.11.20	02:04:07.978	1.30539				2
2025.11.20	02:04:09.229		1.30542			4
2025.11.20	02:04:11.382	1.30538				2
2025.11.20	02:04:15.114	1.30537	1.30541			6
2025.11.20	02:04:15.417	1.30538				2
2025.11.20	02:04:15.719	1.30536	1.30542			6
2025.11.20	02:04:16.658	1.30538				2
2025.11.20	02:04:25.386		1.30543			4
2025.11.20	02:04:30.344	1.30539	1.30542			6
2025.11.20	02:04:31.894	1.30538				2
2025.11.20	02:04:32.209		1.30540			4
2025.11.20	02:04:32.511	1.30537	1.30542			6
2025.11.20	02:04:33.758	1.30536	1.30540			6
2025.11.20	02:04:34.702	1.30537	1.30541			6
