<DATE>	<TIME>	<BID>	<ASK>	<LAST>	<VOLUME>	<FLAGS>
2025.06.18	00:03:31.147	1.34181	1.34373			6
2025.06.18	00:04:00.083	1.34181				2
2025.06.18	00:04:31.175		1.34373			4
2025.06.18	00:05:00.093	1.34181				2
2025.06.18	00:05:31.299		1.34373			4
2025.06.18	00:06:00.150	1.34181				2
2025.06.18	00:06:18.908	1.34187	1.34372			6
2025.06.18	00:07:00.044	1.34187				2
2025.06.18	00:07:19.090		1.34372			4
2025.06.18	00:08:00.157	1.34187				2
2025.06.18	00:08:19.277		1.34372			4
2025.06.18	00:09:00.197	1.34203				2
2025.06.18	00:09:11.236	1.34187				2
2025.06.18	00:09:19.536		1.34372			4
2025.06.18	00:10:00.044	1.34187				2
2025.06.18	00:10:00.352	1.34219				2
2025.06.18	00:10:08.020	1.34220				2
2025.06.18	00:10:08.945	1.34218				2
2025.06.18	00:10:11.712	1.34187				2
2025.06.18	00:10:19.702		1.34372			4
2025.06.18	00:10:26.156	1.34188	1.34380			6
2025.06.18	00:10:52.584	1.34199				2
2025.06.18	00:10:54.120	1.34218				2
2025.06.18	00:10:57.505	1.34188				2
2025.06.18	00:10:58.426	1.34218				2
2025.06.18	00:11:00.264	1.34218				2
2025.06.18	00:11:04.880	1.34189				2
2025.06.18	00:11:05.491	1.34218				2
2025.06.18	00:11:11.640	1.34189				2
2025.06.18	00:11:12.561	1.34219				2
2025.06.18	00:11:18.670	1.34189				2
2025.06.18	00:11:19.279		1.34379			4
2025.06.18	00:11:19.589	1.34219				2
2025.06.18	00:11:20.809	1.34218				2
2025.06.18	00:11:21.114		1.34380			4
2025.06.18	00:11:22.337		1.34379			4
2025.06.18	00:11:23.862	1.34219				2
2025.06.18	00:11:25.088	1.34218				2
2025.06.18	00:11:25.395	1.34192				2
2025.06.18	00:11:26.305	1.34218				2
2025.06.18	00:11:27.528	1.34219				2
2025.06.18	00:11:42.801	1.34216	1.34376			6
2025.06.18	00:11:43.724		1.34378			4
2025.06.18	00:11:48.312		1.34384			4
2025.06.18	00:11:49.839		1.34378			4
2025.06.18	00:12:00.234	1.34216				2
2025.06.18	00:12:06.937		1.34379			4
2025.06.18	00:12:07.549	1.34217	1.34382			6
2025.06.18	00:12:08.160	1.34218	1.34381			6
2025.06.18	00:12:08.469		1.34382			4
2025.06.18	00:12:09.076	1.34216	1.34381			6
2025.06.18	00:12:10.002	1.34220	1.34382			6
2025.06.18	00:12:16.128		1.34380			4
2025.06.18	00:12:48.347		1.34384			4
2025.06.18	00:13:00.037	1.34220				2
2025.06.18	00:13:04.952	1.34222	1.34383			6
2025.06.18	00:13:05.569		1.34384			4
2025.06.18	00:13:08.944	1.34219				2
2025.06.18	00:13:13.241	1.34220				2
2025.06.18	00:13:16.006	1.34221				2
2025.06.18	00:13:31.990	1.34224				2
2025.06.18	00:13:32.608		1.34383			4
2025.06.18	00:13:32.921	1.34225	1.34384			6
2025.06.18	00:13:34.147	1.34223				2
2025.06.18	00:13:35.680	1.34225				2
2025.06.18	00:13:36.605	1.34222				2
2025.06.18	00:13:37.217	1.34223				2
2025.06.18	00:13:38.454	1.34225				2
2025.06.18	00:13:40.605	1.34224				2
2025.06.18	00:13:40.907	1.34221				2
2025.06.18	00:13:41.224	1.34224				2
2025.06.18	00:13:41.535	1.34222				2
2025.06.18	00:13:41.838	1.34223				2
2025.06.18	00:13:43.063	1.34224				2
2025.06.18	00:14:00.271	1.34224				2
2025.06.18	00:14:18.435	1.34225				2
2025.06.18	00:14:24.913	1.34223				2
2025.06.18	00:14:26.141	1.34221				2
2025.06.18	00:14:33.224		1.34384			4
2025.06.18	00:14:40.608	1.34220				2
2025.06.18	00:15:00.280	1.34223				2
2025.06.18	00:15:01.813	1.34222				2
2025.06.18	00:15:13.491	1.34224				2
2025.06.18	00:15:14.410	1.34223				2
2025.06.18	00:15:15.022	1.34222				2
2025.06.18	00:15:15.332	1.34223				2
2025.06.18	00:15:21.141	1.34222				2
2025.06.18	00:15:23.607		1.34380			4
2025.06.18	00:15:25.091	1.34224				2
2025.06.18	00:15:26.839	1.34223				2
2025.06.18	00:15:37.940	1.34222				2
2025.06.18	00:16:00.669	1.34222				2
2025.06.18	00:16:23.841	1.34221	1.34380			6
2025.06.18	00:16:48.691	1.34222				2
2025.06.18	00:17:00.074	1.34222				2
2025.06.18	00:17:06.214	1.34212				2
2025.06.18	00:17:07.328		1.34374			4
2025.06.18	00:17:08.245		1.34371			4
2025.06.18	00:17:08.552		1.34374			4
2025.06.18	00:17:09.473		1.34373			4
2025.06.18	00:17:10.703		1.34374			4
2025.06.18	00:17:11.925		1.34373			4
2025.06.18	00:17:14.994		1.34374			4
2025.06.18	00:17:17.136	1.34219	1.34373			6
2025.06.18	00:18:00.743	1.34219				2
2025.06.18	00:18:17.544		1.34373			4
2025.06.18	00:18:22.956	1.34224	1.34368			6
2025.06.18	00:19:00.526	1.34224				2
2025.06.18	00:19:23.294		1.34368			4
2025.06.18	00:19:26.066		1.34364			4
2025.06.18	00:20:00.122	1.34224				2
2025.06.18	00:20:26.296		1.34364			4
2025.06.18	00:21:00.195	1.34224				2
2025.06.18	00:21:26.348		1.34364			4
2025.06.18	00:21:35.252		1.34355			4
2025.06.18	00:21:39.568	1.34227	1.34342			6
2025.06.18	00:21:55.375	1.34246				2
2025.06.18	00:21:55.675	1.34255	1.34352			6
2025.06.18	00:22:00.236	1.34255				2
2025.06.18	00:22:18.861	1.34269	1.34367			6
2025.06.18	00:22:27.059	1.34287				2
2025.06.18	00:22:27.361		1.34378			4
2025.06.18	00:22:37.103		1.34367			4
2025.06.18	00:22:37.639	1.34297	1.34377			6
2025.06.18	00:22:49.339	1.34294	1.34367			6
2025.06.18	00:22:49.991		1.34372			4
2025.06.18	00:22:50.928	1.34296	1.34367			6
2025.06.18	00:23:00.404	1.34296				2
2025.06.18	00:23:01.598	1.34294	1.34365			6
2025.06.18	00:23:05.742	1.34268	1.34363			6
2025.06.18	00:23:06.045		1.34366			4
2025.06.18	00:23:06.966		1.34361			4
2025.06.18	00:23:25.960	1.34276	1.34366			6
2025.06.18	00:23:26.261	1.34264	1.34361			6
2025.06.18	00:23:28.103		1.34357			4
2025.06.18	00:23:29.934	1.34276	1.34366			6
2025.06.18	00:23:32.993	1.34264	1.34357			6
2025.06.18	00:23:38.796	1.34275	1.34365			6
2025.06.18	00:23:39.405	1.34264	1.34357			6
2025.06.18	00:23:45.511	1.34263	1.34353			6
2025.06.18	00:23:47.282		1.34351			4
2025.06.18	00:23:51.558	1.34270	1.34349			6
2025.06.18	00:23:52.789	1.34263				2
2025.06.18	00:23:58.957		1.34340			4
2025.06.18	00:24:00.357	1.34263				2
2025.06.18	00:24:08.238	1.34271				2
2025.06.18	00:24:09.468	1.34272				2
2025.06.18	00:24:12.533	1.34263	1.34342			6
2025.06.18	00:24:37.436	1.34272				2
2025.06.18	00:24:40.513	1.34271				2
2025.06.18	00:24:45.747	1.34263				2
2025.06.18	00:24:58.993	1.34264				2
2025.06.18	00:25:00.140	1.34264				2
2025.06.18	00:25:00.527		1.34341			4
2025.06.18	00:25:07.434	1.34270				2
2025.06.18	00:25:12.036	1.34271				2
2025.06.18	00:25:14.817	1.34264				2
2025.06.18	00:25:31.346	1.34270				2
2025.06.18	00:25:32.875	1.34264				2
2025.06.18	00:25:37.350	1.34270				2
2025.06.18	00:25:43.179	1.34264				2
2025.06.18	00:25:50.938	1.34271				2
2025.06.18	00:25:52.480	1.34264				2
2025.06.18	00:25:55.533	1.34270				2
2025.06.18	00:26:00.137	1.34270				2
2025.06.18	00:26:00.757		1.34341			4
2025.06.18	00:26:02.908		1.34346			4
2025.06.18	00:26:05.376	1.34268				2
2025.06.18	00:26:13.939	1.34273				2
2025.06.18	00:26:22.288	1.34278	1.34352			6
2025.06.18	00:27:00.740	1.34278				2
2025.06.18	00:27:17.288		1.34351			4
2025.06.18	00:27:22.393	1.34279				2
2025.06.18	00:28:00.382	1.34279				2
2025.06.18	00:28:18.739		1.34351			4
2025.06.18	00:29:00.441	1.34279				2
2025.06.18	00:29:20.526		1.34351			4
2025.06.18	00:30:00.379	1.34279	1.34342			6
2025.06.18	00:30:03.707		1.34351			4
2025.06.18	00:30:16.057		1.34342			4
2025.06.18	00:30:17.523		1.34351			4
2025.06.18	00:30:19.741		1.34342			4
2025.06.18	00:30:20.908		1.34351			4
2025.06.18	00:30:33.016		1.34342			4
2025.06.18	00:30:33.439		1.34351			4
2025.06.18	00:30:37.380		1.34342			4
2025.06.18	00:30:38.727		1.34351			4
2025.06.18	00:30:39.167		1.34342			4
2025.06.18	00:30:42.139		1.34351			4
2025.06.18	00:31:00.526	1.34279				2
2025.06.18	00:31:42.439		1.34351			4
2025.06.18	00:31:56.148		1.34342			4
2025.06.18	00:32:01.087	1.34279				2
2025.06.18	00:32:18.404	1.34282	1.34352			6
2025.06.18	00:32:41.541	1.34287				2
2025.06.18	00:33:00.527	1.34287				2
2025.06.18	00:33:18.766		1.34352			4
2025.06.18	00:34:00.526	1.34287				2
2025.06.18	00:34:20.246		1.34352			4
2025.06.18	00:34:30.590		1.34351			4
2025.06.18	00:34:30.922		1.34352			4
2025.06.18	00:35:00.938	1.34287				2
2025.06.18	00:35:31.039		1.34352			4
2025.06.18	00:35:41.076	1.34290				2
2025.06.18	00:36:00.739	1.34290				2
2025.06.18	00:36:22.529		1.34360			4
2025.06.18	00:36:45.047		1.34358			4
2025.06.18	00:36:59.645		1.34352			4
2025.06.18	00:37:00.447	1.34290				2
2025.06.18	00:38:00.051	1.34290	1.34352			6
2025.06.18	00:39:00.525	1.34290	1.34352			6
2025.06.18	00:39:16.643		1.34351			4
2025.06.18	00:39:19.448		1.34338			4
2025.06.18	00:39:41.435	1.34291				2
2025.06.18	00:39:49.137		1.34341			4
2025.06.18	00:39:54.764		1.34343			4
2025.06.18	00:39:55.711		1.34344			4
2025.06.18	00:39:56.386	1.34286	1.34339			6
2025.06.18	00:39:56.701		1.34342			4
2025.06.18	00:39:57.728		1.34337			4
2025.06.18	00:39:59.567		1.34334			4
2025.06.18	00:40:01.165	1.34285				2
2025.06.18	00:40:04.481		1.34340			4
2025.06.18	00:40:06.138		1.34337			4
2025.06.18	00:40:08.540	1.34286	1.34342			6
2025.06.18	00:40:08.844	1.34290	1.34349			6
2025.06.18	00:40:09.229		1.34346			4
2025.06.18	00:40:12.686		1.34344			4
2025.06.18	00:40:15.550		1.34346			4
2025.06.18	00:40:42.453		1.34345			4
2025.06.18	00:40:42.796		1.34348			4
2025.06.18	00:40:46.348		1.34344			4
2025.06.18	00:40:50.101		1.34347			4
2025.06.18	00:40:56.741		1.34348			4
2025.06.18	00:40:59.611		1.34343			4
2025.06.18	00:40:59.983		1.34339			4
2025.06.18	00:41:00.400	1.34290				2
2025.06.18	00:41:01.899		1.34348			4
2025.06.18	00:41:08.895		1.34349			4
2025.06.18	00:41:12.442		1.34348			4
2025.06.18	00:41:12.747		1.34349			4
2025.06.18	00:41:20.543		1.34348			4
2025.06.18	00:41:29.245		1.34349			4
2025.06.18	00:41:41.294		1.34348			4
2025.06.18	00:41:49.039		1.34349			4
2025.06.18	00:41:52.903		1.34348			4
2025.06.18	00:41:54.822		1.34349			4
2025.06.18	00:42:00.497	1.34242	1.34337			6
2025.06.18	00:42:00.810	1.34232	1.34327			6
2025.06.18	00:42:02.885	1.34243				2
2025.06.18	00:42:03.191	1.34241				2
2025.06.18	00:42:03.504	1.34232				2
2025.06.18	00:42:10.320	1.34248				2
2025.06.18	00:42:10.936	1.34267				2
2025.06.18	00:42:11.238	1.34268	1.34322			6
2025.06.18	00:42:11.720		1.34319			4
2025.06.18	00:42:12.069		1.34318			4
2025.06.18	00:42:25.134	1.34271				2
2025.06.18	00:42:25.444	1.34268				2
2025.06.18	00:42:30.529		1.34323			4
2025.06.18	00:42:32.948	1.34266				2
2025.06.18	00:42:42.893		1.34318			4
2025.06.18	00:42:45.587		1.34323			4
2025.06.18	00:42:50.163	1.34271				2
2025.06.18	00:42:50.473	1.34264	1.34314			6
2025.06.18	00:42:51.166	1.34265				2
2025.06.18	00:42:54.860	1.34264				2
2025.06.18	00:43:00.144	1.34264				2
2025.06.18	00:43:00.533		1.34311			4
2025.06.18	00:43:09.324	1.34261	1.34306			6
2025.06.18	00:43:43.557		1.34303			4
2025.06.18	00:43:59.326	1.34257	1.34347			6
2025.06.18	00:44:00.254	1.34257				2
2025.06.18	00:44:01.794	1.34261	1.34303			6
2025.06.18	00:44:14.094		1.34301			4
2025.06.18	00:44:15.646		1.34303			4
2025.06.18	00:44:24.738		1.34301			4
2025.06.18	00:44:32.545		1.34306			4
2025.06.18	00:44:33.457	1.34264	1.34311			6
2025.06.18	00:44:36.081		1.34316			4
2025.06.18	00:44:36.391		1.34317			4
2025.06.18	00:44:42.898		1.34321			4
2025.06.18	00:45:00.141	1.34264				2
2025.06.18	00:45:00.938	1.34270	1.34330			6
2025.06.18	00:45:02.224	1.34265	1.34355			6
2025.06.18	00:45:02.845	1.34252	1.34342			6
2025.06.18	00:45:04.685	1.34270	1.34330			6
2025.06.18	00:45:09.117	1.34286	1.34314			6
2025.06.18	00:45:55.820	1.34284				2
2025.06.18	00:46:00.125	1.34284				2
2025.06.18	00:46:09.344		1.34314			4
2025.06.18	00:46:13.337	1.34295				2
2025.06.18	00:46:14.259	1.34286				2
2025.06.18	00:46:40.698		1.34316			4
2025.06.18	00:47:00.049	1.34286				2
2025.06.18	00:47:02.199	1.34281	1.34339			6
2025.06.18	00:47:04.666	1.34286	1.34316			6
2025.06.18	00:47:09.270	1.34285	1.34315			6
2025.06.18	00:47:10.507	1.34296	1.34325			6
2025.06.18	00:47:11.427	1.34287	1.34317			6
2025.06.18	00:47:21.870	1.34285	1.34315			6
2025.06.18	00:47:40.303	1.34296	1.34324			6
2025.06.18	00:47:41.534	1.34285	1.34315			6
2025.06.18	00:47:45.836	1.34288	1.34318			6
2025.06.18	00:47:49.527	1.34285	1.34315			6
2025.06.18	00:48:00.306	1.34285				2
2025.06.18	00:48:49.787		1.34315			4
2025.06.18	00:49:00.250	1.34285				2
2025.06.18	00:49:11.625	1.34303	1.34326			6
2025.06.18	00:49:11.927	1.34312	1.34367			6
2025.06.18	00:49:12.857	1.34309	1.34361			6
2025.06.18	00:49:15.007	1.34293	1.34367			6
2025.06.18	00:49:15.626	1.34299				2
2025.06.18	00:49:16.546	1.34293				2
2025.06.18	00:49:27.310	1.34294				2
2025.06.18	00:49:31.899	1.34289				2
2025.06.18	00:49:40.194	1.34302				2
2025.06.18	00:49:41.112	1.34303				2
2025.06.18	00:49:41.733	1.34289				2
2025.06.18	00:49:44.819	1.34300				2
2025.06.18	00:49:45.738	1.34289				2
2025.06.18	00:49:50.970	1.34313				2
2025.06.18	00:49:51.274	1.34312				2
2025.06.18	00:49:51.587	1.34289				2
2025.06.18	00:49:54.967	1.34316				2
2025.06.18	00:49:55.272	1.34289				2
2025.06.18	00:49:58.653	1.34309				2
2025.06.18	00:49:58.960	1.34289				2
2025.06.18	00:49:59.271	1.34308				2
2025.06.18	00:50:00.198	1.34308				2
2025.06.18	00:50:01.727	1.34289				2
2025.06.18	00:50:02.641	1.34309				2
2025.06.18	00:50:02.960	1.34289				2
2025.06.18	00:50:03.575	1.34309				2
2025.06.18	00:50:03.877	1.34289				2
2025.06.18	00:50:04.797	1.34290				2
2025.06.18	00:50:11.866	1.34295				2
2025.06.18	00:50:14.014	1.34305				2
2025.06.18	00:50:14.323	1.34295				2
2025.06.18	00:50:15.244		1.34367			4
2025.06.18	00:50:20.151	1.34299				2
2025.06.18	00:50:21.075	1.34301				2
2025.06.18	00:50:21.386	1.34295				2
2025.06.18	00:50:22.617	1.34302				2
2025.06.18	00:50:24.776	1.34295				2
2025.06.18	00:50:27.234	1.34303				2
2025.06.18	00:50:27.542	1.34295				2
2025.06.18	00:50:33.682	1.34303				2
2025.06.18	00:50:35.527	1.34302				2
2025.06.18	00:50:36.140	1.34318				2
2025.06.18	00:50:36.446	1.34317				2
2025.06.18	00:50:36.750	1.34318				2
2025.06.18	00:50:37.054	1.34314				2
2025.06.18	00:50:44.740	1.34317				2
2025.06.18	00:50:45.047	1.34318				2
2025.06.18	00:50:45.349	1.34313				2
2025.06.18	00:51:00.122	1.34313				2
2025.06.18	00:51:08.737	1.34311				2
2025.06.18	00:51:10.267	1.34312				2
2025.06.18	00:51:12.108		1.34370			4
2025.06.18	00:51:19.782	1.34316	1.34374			6
2025.06.18	00:51:20.388	1.34312	1.34370			6
2025.06.18	00:51:55.744	1.34304	1.34375			6
2025.06.18	00:51:56.046	1.34293	1.34373			6
2025.06.18	00:51:56.670	1.34306				2
2025.06.18	00:51:56.982	1.34293				2
2025.06.18	00:51:57.286		1.34367			4
2025.06.18	00:51:57.596	1.34307				2
2025.06.18	00:51:57.903	1.34308				2
2025.06.18	00:51:59.122	1.34309				2
2025.06.18	00:52:00.032	1.34309				2
2025.06.18	00:52:00.337	1.34313	1.34381			6
2025.06.18	00:52:01.560		1.34377			4
2025.06.18	00:52:02.491	1.34323	1.34381			6
2025.06.18	00:52:02.794	1.34316	1.34377			6
2025.06.18	00:52:03.412	1.34323	1.34381			6
2025.06.18	00:52:04.025		1.34371			4
2025.06.18	00:52:04.932	1.34324				2
2025.06.18	00:52:05.233		1.34360			4
2025.06.18	00:52:05.538	1.34317				2
2025.06.18	00:52:06.151		1.34354			4
2025.06.18	00:52:08.308	1.34323				2
2025.06.18	00:52:08.611	1.34317				2
2025.06.18	00:52:10.467	1.34324				2
2025.06.18	00:52:10.776	1.34317				2
2025.06.18	00:52:11.707	1.34328				2
2025.06.18	00:52:13.243	1.34329				2
2025.06.18	00:52:13.545	1.34327				2
2025.06.18	00:52:14.476	1.34314				2
2025.06.18	00:52:15.088	1.34328				2
2025.06.18	00:52:16.915	1.34314				2
2025.06.18	00:52:18.136	1.34325				2
2025.06.18	00:52:18.440	1.34314				2
2025.06.18	00:52:20.276	1.34326				2
2025.06.18	00:52:20.883	1.34314				2
2025.06.18	00:52:23.337	1.34325				2
2025.06.18	00:52:23.950	1.34314				2
2025.06.18	00:52:24.264	1.34325				2
2025.06.18	00:52:24.567	1.34326				2
2025.06.18	00:52:25.185	1.34327				2
2025.06.18	00:52:27.937	1.34324				2
2025.06.18	00:52:30.367	1.34321				2
2025.06.18	00:52:30.979	1.34324				2
2025.06.18	00:52:33.110	1.34325				2
2025.06.18	00:52:33.416	1.34328				2
2025.06.18	00:52:34.034	1.34314				2
2025.06.18	00:52:34.345	1.34325				2
2025.06.18	00:52:34.648	1.34314				2
2025.06.18	00:52:37.409	1.34324				2
2025.06.18	00:52:37.717	1.34327				2
2025.06.18	00:52:38.643	1.34326				2
2025.06.18	00:52:39.245	1.34329				2
2025.06.18	00:52:41.073	1.34331				2
2025.06.18	00:52:41.385	1.34314				2
2025.06.18	00:52:43.840	1.34330				2
2025.06.18	00:52:45.056	1.34329				2
2025.06.18	00:52:45.658	1.34314				2
2025.06.18	00:52:50.253	1.34330				2
2025.06.18	00:52:51.471	1.34323	1.34356			6
2025.06.18	00:52:51.774	1.34325				2
2025.06.18	00:52:52.378	1.34323				2
2025.06.18	00:52:52.688	1.34327				2
2025.06.18	00:52:53.295	1.34329				2
2025.06.18	00:52:53.904	1.34326				2
2025.06.18	00:52:54.512	1.34328				2
2025.06.18	00:52:55.429	1.34326				2
2025.06.18	00:52:55.734	1.34330				2
2025.06.18	00:52:56.042	1.34326	1.34357			6
2025.06.18	00:52:57.275		1.34356			4
2025.06.18	00:52:58.189	1.34319				2
2025.06.18	00:53:00.031	1.34319				2
2025.06.18	00:53:01.567	1.34322				2
2025.06.18	00:53:03.094	1.34325				2
2025.06.18	00:53:04.320	1.34322				2
2025.06.18	00:53:20.297	1.34328				2
2025.06.18	00:53:21.212	1.34322				2
2025.06.18	00:53:22.436	1.34330				2
2025.06.18	00:53:24.878	1.34322				2
2025.06.18	00:53:34.419	1.34320				2
2025.06.18	00:53:38.721		1.34366			4
2025.06.18	00:53:39.028	1.34326				2
2025.06.18	00:53:39.333	1.34320				2
2025.06.18	00:53:41.475	1.34329	1.34361			6
2025.06.18	00:53:41.779	1.34320	1.34358			6
2025.06.18	00:53:42.088		1.34356			4
2025.06.18	00:53:46.694	1.34331				2
2025.06.18	00:53:47.606	1.34323				2
2025.06.18	00:53:48.227	1.34320				2
2025.06.18	00:53:50.376	1.34317				2
2025.06.18	00:53:51.903	1.34318				2
2025.06.18	00:53:52.208	1.34320				2
2025.06.18	00:53:52.823	1.34328				2
2025.06.18	00:53:54.351	1.34320				2
2025.06.18	00:53:54.667	1.34329				2
2025.06.18	00:53:54.975	1.34320				2
2025.06.18	00:53:55.582	1.34329	1.34359			6
2025.06.18	00:53:55.885	1.34320				2
2025.06.18	00:53:56.816		1.34357			4
2025.06.18	00:53:57.734	1.34323				2
2025.06.18	00:53:58.650	1.34335				2
2025.06.18	00:54:00.179	1.34335				2
2025.06.18	00:54:04.751		1.34356			4
2025.06.18	00:54:06.587	1.34339	1.34377			6
2025.06.18	00:54:06.892	1.34337				2
2025.06.18	00:54:07.206	1.34342	1.34365			6
2025.06.18	00:54:07.812	1.34336				2
2025.06.18	00:54:08.115		1.34360			4
2025.06.18	00:54:10.242		1.34369			4
2025.06.18	00:54:15.104	1.34346	1.34365			6
2025.06.18	00:54:15.411	1.34324	1.34369			6
2025.06.18	00:54:15.714	1.34323				2
2025.06.18	00:54:16.327	1.34316	1.34346			6
2025.06.18	00:54:16.635	1.34324	1.34357			6
2025.06.18	00:54:16.957	1.34325				2
2025.06.18	00:54:20.319	1.34318				2
2025.06.18	00:54:20.930	1.34325				2
2025.06.18	00:54:28.611	1.34312				2
2025.06.18	00:54:28.914	1.34325				2
2025.06.18	00:54:31.061	1.34328				2
2025.06.18	00:54:35.977	1.34324				2
2025.06.18	00:54:38.749	1.34326				2
2025.06.18	00:54:39.060	1.34324				2
2025.06.18	00:54:40.293	1.34322				2
2025.06.18	00:54:42.131	1.34324				2
2025.06.18	00:54:46.125	1.34330	1.34362			6
2025.06.18	00:54:46.439	1.34322				2
2025.06.18	00:54:48.890	1.34330				2
2025.06.18	00:54:49.204	1.34322				2
2025.06.18	00:54:56.569	1.34334				2
2025.06.18	00:54:56.878	1.34335				2
2025.06.18	00:54:57.179	1.34334				2
2025.06.18	00:54:58.107	1.34335				2
2025.06.18	00:54:59.025	1.34336				2
2025.06.18	00:55:00.250	1.34336				2
2025.06.18	00:55:05.478	1.34335				2
2025.06.18	00:55:06.095	1.34333				2
2025.06.18	00:55:06.401	1.34334	1.34363			6
2025.06.18	00:55:10.403	1.34335				2
2025.06.18	00:55:12.258	1.34338	1.34362			6
2025.06.18	00:55:12.559	1.34339	1.34365			6
2025.06.18	00:55:14.101		1.34377			4
2025.06.18	00:55:23.021	1.34342	1.34379			6
2025.06.18	00:55:25.169		1.34369			4
2025.06.18	00:55:26.095		1.34379			4
2025.06.18	00:55:38.409	1.34346	1.34387			6
2025.06.18	00:55:38.721	1.34342	1.34379			6
2025.06.18	00:55:39.032		1.34367			4
2025.06.18	00:55:40.263	1.34343				2
2025.06.18	00:55:41.501	1.34338				2
2025.06.18	00:55:44.878	1.34336	1.34362			6
2025.06.18	00:55:45.184	1.34315	1.34355			6
2025.06.18	00:55:45.486	1.34314	1.34357			6
2025.06.18	00:55:47.035		1.34376			4
2025.06.18	00:55:47.960	1.34315				2
2025.06.18	00:55:48.882	1.34314				2
2025.06.18	00:55:50.118		1.34375			4
2025.06.18	00:55:51.340	1.34315				2
2025.06.18	00:55:53.798		1.34376			4
2025.06.18	00:55:54.716	1.34316				2
2025.06.18	00:55:55.020		1.34362			4
2025.06.18	00:55:55.327	1.34315				2
2025.06.18	00:55:55.638	1.34316				2
2025.06.18	00:55:56.253		1.34376			4
2025.06.18	00:55:56.561	1.34315				2
2025.06.18	00:55:57.174	1.34316				2
2025.06.18	00:55:57.490	1.34317				2
2025.06.18	00:56:00.258	1.34317				2
2025.06.18	00:56:02.104	1.34318				2
2025.06.18	00:56:08.874	1.34319				2
2025.06.18	00:56:10.718	1.34318				2
2025.06.18	00:56:11.339	1.34319				2
2025.06.18	00:56:12.879	1.34320				2
2025.06.18	00:56:13.189	1.34323				2
2025.06.18	00:56:14.415	1.34320				2
2025.06.18	00:56:22.416	1.34322				2
2025.06.18	00:56:23.337	1.34319				2
2025.06.18	00:56:25.180	1.34320				2
2025.06.18	00:56:32.874	1.34321				2
2025.06.18	00:56:33.184	1.34322				2
2025.06.18	00:56:43.038	1.34323				2
2025.06.18	00:56:43.339	1.34319				2
2025.06.18	00:56:53.807		1.34371			4
2025.06.18	00:56:54.113	1.34321	1.34376			6
2025.06.18	00:56:54.419	1.34319				2
2025.06.18	00:56:55.040		1.34357			4
2025.06.18	00:56:59.036	1.34320				2
2025.06.18	00:57:00.268	1.34320				2
2025.06.18	00:57:01.199		1.34376			4
2025.06.18	00:57:03.048	1.34324				2
2025.06.18	00:57:06.122	1.34314	1.34354			6
2025.06.18	00:57:14.136	1.34315				2
2025.06.18	00:57:25.527	1.34309	1.34349			6
2025.06.18	00:57:38.454	1.34308				2
2025.06.18	00:57:42.758	1.34310				2
2025.06.18	00:57:43.066	1.34308				2
2025.06.18	00:57:43.368	1.34313	1.34353			6
2025.06.18	00:57:43.674	1.34310				2
2025.06.18	00:57:44.296	1.34311	1.34337			6
2025.06.18	00:57:44.606	1.34310				2
2025.06.18	00:57:45.223		1.34354			4
2025.06.18	00:57:46.148	1.34311				2
2025.06.18	00:57:47.076		1.34353			4
2025.06.18	00:57:52.602		1.34354			4
2025.06.18	00:57:53.835	1.34312				2
2025.06.18	00:57:54.143	1.34311				2
2025.06.18	00:58:00.283	1.34311				2
2025.06.18	00:58:08.579	1.34312				2
2025.06.18	00:58:19.645	1.34310				2
2025.06.18	00:58:21.802	1.34312	1.34349			6
2025.06.18	00:58:22.110	1.34313	1.34334			6
2025.06.18	00:58:23.033	1.34312	1.34349			6
2025.06.18	00:58:30.406	1.34314	1.34343			6
2025.06.18	00:58:30.711	1.34313				2
2025.06.18	00:58:31.020	1.34312				2
2025.06.18	00:58:31.632	1.34311				2
2025.06.18	00:58:35.634	1.34310				2
2025.06.18	00:58:37.476	1.34308				2
2025.06.18	00:58:37.792	1.34310				2
2025.06.18	00:58:39.017	1.34307	1.34338			6
2025.06.18	00:58:39.944	1.34306				2
2025.06.18	00:58:40.252	1.34307				2
2025.06.18	00:58:48.845	1.34304	1.34331			6
2025.06.18	00:58:49.146	1.34303				2
2025.06.18	00:58:50.076	1.34302				2
2025.06.18	00:58:56.523	1.34301				2
2025.06.18	00:58:57.753	1.34302				2
2025.06.18	00:58:58.677	1.34303				2
2025.06.18	00:58:59.287	1.34213	1.34315			6
2025.06.18	00:58:59.593	1.34190				2
2025.06.18	00:58:59.904	1.34223				2
2025.06.18	00:59:00.210	1.34223				2
2025.06.18	00:59:00.513	1.34218				2
2025.06.18	00:59:01.125	1.34216	1.34317			6
2025.06.18	00:59:01.430	1.34190				2
2025.06.18	00:59:06.968	1.34210				2
2025.06.18	00:59:08.808	1.34192				2
2025.06.18	00:59:09.115	1.34215	1.34315			6
2025.06.18	00:59:09.418	1.34190				2
2025.06.18	00:59:11.265	1.34201	1.34317			6
2025.06.18	00:59:11.571	1.34188	1.34307			6
2025.06.18	00:59:11.878	1.34187				2
2025.06.18	00:59:12.187	1.34184				2
2025.06.18	00:59:13.110		1.34321			4
2025.06.18	00:59:13.422		1.34319			4
2025.06.18	00:59:13.727	1.34189				2
2025.06.18	00:59:14.027	1.34184				2
2025.06.18	00:59:14.336		1.34320			4
2025.06.18	00:59:15.564	1.34195				2
2025.06.18	00:59:16.176	1.34184				2
2025.06.18	00:59:16.798	1.34192				2
2025.06.18	00:59:17.103		1.34302			4
2025.06.18	00:59:17.420	1.34193				2
2025.06.18	00:59:18.341	1.34194				2
2025.06.18	00:59:19.262		1.34320			4
2025.06.18	00:59:19.872	1.34188	1.34314			6
2025.06.18	00:59:20.181	1.34186				2
2025.06.18	00:59:21.109	1.34187				2
2025.06.18	00:59:21.417	1.34185				2
2025.06.18	00:59:22.951	1.34184				2
2025.06.18	00:59:24.483	1.34187				2
2025.06.18	00:59:26.025	1.34188				2
2025.06.18	00:59:27.862	1.34184				2
2025.06.18	00:59:32.158	1.34185				2
2025.06.18	00:59:33.696	1.34187				2
2025.06.18	00:59:34.009	1.34184				2
2025.06.18	00:59:37.075	1.34192				2
2025.06.18	00:59:37.993	1.34197				2
2025.06.18	00:59:38.612	1.34199				2
2025.06.18	00:59:41.373	1.34192				2
2025.06.18	00:59:47.816		1.34319			4
2025.06.18	00:59:53.341		1.34299			4
2025.06.18	00:59:54.569	1.34193				2
2025.06.18	00:59:57.336	1.34186	1.34329			6
2025.06.18	00:59:58.257	1.34210	1.34368			6
2025.06.18	00:59:58.560	1.34218	1.34362			6
2025.06.18	00:59:58.866	1.34208				2
2025.06.18	00:59:59.178	1.34214	1.34374			6
2025.06.18	00:59:59.487	1.34204	1.34364			6
2025.06.18	00:59:59.794	1.34212	1.34372			6
2025.06.18	01:00:00.100	1.34154	1.34429			6
2025.06.18	01:00:00.405	1.34137	1.34379			6
2025.06.18	01:00:00.706	1.34218	1.34328			6
2025.06.18	01:00:01.015	1.34150	1.34260			6
2025.06.18	01:00:01.321	1.34188	1.34298			6
2025.06.18	01:00:01.623	1.34191	1.34292			6
2025.06.18	01:00:01.940	1.34193				2
2025.06.18	01:00:02.246	1.34189	1.34289			6
2025.06.18	01:00:02.552	1.34192				2
2025.06.18	01:00:03.171	1.34168	1.34278			6
2025.06.18	01:00:03.476	1.34167	1.34277			6
2025.06.18	01:00:03.784	1.34163	1.34273			6
2025.06.18	01:00:04.087	1.34160	1.34270			6
2025.06.18	01:00:04.397	1.34158	1.34268			6
2025.06.18	01:00:04.705	1.34152	1.34262			6
2025.06.18	01:00:05.620	1.34163	1.34273			6
2025.06.18	01:00:05.922	1.34162	1.34272			6
2025.06.18	01:00:06.228	1.34155	1.34265			6
2025.06.18	01:00:06.534	1.34190	1.34290			6
2025.06.18	01:00:06.840	1.34187	1.34288			6
2025.06.18	01:00:07.144	1.34183	1.34278			6
2025.06.18	01:00:07.456	1.34187				2
2025.06.18	01:00:08.377	1.34192	1.34274			6
2025.06.18	01:00:08.678	1.34174	1.34278			6
2025.06.18	01:00:08.982	1.34169				2
2025.06.18	01:00:09.284	1.34151	1.34258			6
2025.06.18	01:00:09.590	1.34149	1.34257			6
2025.06.18	01:00:10.208	1.34194	1.34267			6
2025.06.18	01:00:10.511	1.34178	1.34264			6
2025.06.18	01:00:10.819	1.34188	1.34270			6
2025.06.18	01:00:11.123	1.34195	1.34281			6
2025.06.18	01:00:11.431	1.34196	1.34271			6
2025.06.18	01:00:11.744	1.34203	1.34280			6
2025.06.18	01:00:12.046	1.34196	1.34264			6
2025.06.18	01:00:12.349		1.34267			4
2025.06.18	01:00:12.653		1.34264			4
2025.06.18	01:00:13.579		1.34266			4
2025.06.18	01:00:14.190		1.34268			4
2025.06.18	01:00:14.499	1.34197	1.34281			6
2025.06.18	01:00:14.804		1.34271			4
2025.06.18	01:00:15.122	1.34196	1.34278			6
2025.06.18	01:00:15.424		1.34270			4
2025.06.18	01:00:15.728	1.34197	1.34267			6
2025.06.18	01:00:16.037	1.34196	1.34266			6
2025.06.18	01:00:16.339	1.34197	1.34269			6
2025.06.18	01:00:16.646		1.34270			4
2025.06.18	01:00:16.963	1.34196				2
2025.06.18	01:00:18.485	1.34197	1.34272			6
2025.06.18	01:00:18.803	1.34196	1.34273			6
2025.06.18	01:00:19.711	1.34184	1.34272			6
2025.06.18	01:00:20.014	1.34185	1.34263			6
2025.06.18	01:00:20.317	1.34194				2
2025.06.18	01:00:20.622	1.34196	1.34276			6
2025.06.18	01:00:21.565		1.34272			4
2025.06.18	01:00:21.867		1.34273			4
2025.06.18	01:00:22.481	1.34189	1.34279			6
2025.06.18	01:00:22.785	1.34209	1.34286			6
2025.06.18	01:00:23.090	1.34188	1.34273			6
2025.06.18	01:00:25.848	1.34208				2
2025.06.18	01:00:26.156	1.34188				2
2025.06.18	01:00:27.091	1.34207	1.34272			6
2025.06.18	01:00:27.393	1.34212				2
2025.06.18	01:00:27.709	1.34188				2
2025.06.18	01:00:28.021		1.34267			4
2025.06.18	01:00:28.324	1.34209				2
2025.06.18	01:00:28.633	1.34188				2
2025.06.18	01:00:28.945	1.34186	1.34272			6
2025.06.18	01:00:29.559	1.34196				2
2025.06.18	01:00:30.175		1.34285			4
2025.06.18	01:00:30.481	1.34198	1.34286			6
2025.06.18	01:00:30.790		1.34284			4
2025.06.18	01:00:31.094		1.34281			4
2025.06.18	01:00:32.018		1.34277			4
2025.06.18	01:00:32.324	1.34199				2
2025.06.18	01:00:34.462	1.34201				2
2025.06.18	01:00:34.766	1.34200				2
2025.06.18	01:00:35.378	1.34214				2
2025.06.18	01:00:35.680	1.34200				2
2025.06.18	01:00:35.985	1.34217				2
2025.06.18	01:00:36.287	1.34201				2
2025.06.18	01:00:36.897	1.34198				2
2025.06.18	01:00:37.202	1.34202				2
2025.06.18	01:00:37.816	1.34203				2
2025.06.18	01:00:38.121	1.34213				2
2025.06.18	01:00:38.431	1.34203				2
2025.06.18	01:00:39.339	1.34219				2
2025.06.18	01:00:39.945	1.34203				2
2025.06.18	01:00:40.248		1.34275			4
2025.06.18	01:00:40.862	1.34225				2
2025.06.18	01:00:41.163	1.34203				2
2025.06.18	01:00:44.215	1.34202				2
2025.06.18	01:00:45.439	1.34203				2
2025.06.18	01:00:47.286	1.34205				2
2025.06.18	01:00:50.348	1.34230				2
2025.06.18	01:00:51.263	1.34227				2
2025.06.18	01:00:51.577	1.34204				2
2025.06.18	01:00:52.187	1.34206				2
2025.06.18	01:00:52.490	1.34210				2
2025.06.18	01:00:53.100		1.34278			4
2025.06.18	01:00:53.403	1.34232				2
2025.06.18	01:00:54.007	1.34210				2
2025.06.18	01:00:59.227	1.34209				2
2025.06.18	01:01:00.145	1.34210				2
2025.06.18	01:01:00.449	1.34216				2
2025.06.18	01:01:01.363	1.34218				2
2025.06.18	01:01:01.672	1.34216				2
2025.06.18	01:01:02.289	1.34226				2
2025.06.18	01:01:02.601	1.34227				2
2025.06.18	01:01:02.907	1.34226				2
2025.06.18	01:01:04.131	1.34216				2
2025.06.18	01:01:04.435	1.34238				2
2025.06.18	01:01:04.738	1.34221				2
2025.06.18	01:01:05.654	1.34236				2
2025.06.18	01:01:05.956	1.34216				2
2025.06.18	01:01:06.574	1.34226				2
2025.06.18	01:01:07.488	1.34240				2
2025.06.18	01:01:07.796	1.34237				2
2025.06.18	01:01:08.102	1.34216				2
2025.06.18	01:01:08.716	1.34219				2
2025.06.18	01:01:09.624	1.34226				2
2025.06.18	01:01:10.536	1.34216				2
2025.06.18	01:01:10.841	1.34256	1.34266			6
2025.06.18	01:01:11.147		1.34264			4
2025.06.18	01:01:11.456	1.34216	1.34278			6
2025.06.18	01:01:11.758	1.34257	1.34265			6
2025.06.18	01:01:12.062	1.34218	1.34278			6
2025.06.18	01:01:12.364	1.34216				2
2025.06.18	01:01:12.982	1.34217				2
2025.06.18	01:01:13.292	1.34219				2
2025.06.18	01:01:13.593	1.34216				2
2025.06.18	01:01:14.201	1.34261	1.34264			6
2025.06.18	01:01:14.503	1.34217	1.34278			6
2025.06.18	01:01:14.804	1.34261	1.34264			6
2025.06.18	01:01:15.105	1.34259				2
2025.06.18	01:01:15.408	1.34221	1.34278			6
2025.06.18	01:01:15.712	1.34222				2
2025.06.18	01:01:18.458	1.34220				2
2025.06.18	01:01:18.761	1.34216				2
2025.06.18	01:01:19.366	1.34212				2
2025.06.18	01:01:19.670	1.34260	1.34264			6
2025.06.18	01:01:19.983	1.34212	1.34278			6
2025.06.18	01:01:20.294	1.34260	1.34268			6
2025.06.18	01:01:20.604	1.34212	1.34278			6
2025.06.18	01:01:21.231	1.34258	1.34270			6
2025.06.18	01:01:21.534	1.34212	1.34278			6
2025.06.18	01:01:23.389	1.34241				2
2025.06.18	01:01:23.692	1.34216				2
2025.06.18	01:01:24.301	1.34214	1.34277			6
2025.06.18	01:01:24.605	1.34258	1.34264			6
2025.06.18	01:01:24.917	1.34214	1.34277			6
2025.06.18	01:01:25.218	1.34256	1.34266			6
2025.06.18	01:01:25.523	1.34214	1.34278			6
2025.06.18	01:01:25.828		1.34277			4
2025.06.18	01:01:26.130	1.34255	1.34267			6
2025.06.18	01:01:26.437	1.34216	1.34277			6
2025.06.18	01:01:27.058	1.34255	1.34267			6
2025.06.18	01:01:27.361	1.34215	1.34278			6
2025.06.18	01:01:27.666	1.34255	1.34266			6
2025.06.18	01:01:27.977	1.34213	1.34275			6
2025.06.18	01:01:28.895	1.34214	1.34278			6
2025.06.18	01:01:29.201	1.34256	1.34268			6
2025.06.18	01:01:29.503	1.34215	1.34278			6
2025.06.18	01:01:29.818	1.34255	1.34267			6
2025.06.18	01:01:30.119	1.34256	1.34268			6
2025.06.18	01:01:30.426	1.34213	1.34278			6
2025.06.18	01:01:31.644	1.34257	1.34269			6
2025.06.18	01:01:31.954	1.34214	1.34278			6
2025.06.18	01:01:32.260	1.34256	1.34268			6
2025.06.18	01:01:32.565	1.34213	1.34278			6
2025.06.18	01:01:32.868	1.34214				2
2025.06.18	01:01:33.474	1.34256	1.34268			6
2025.06.18	01:01:33.781	1.34214	1.34278			6
2025.06.18	01:01:35.007	1.34215				2
2025.06.18	01:01:36.239	1.34241				2
2025.06.18	01:01:36.545	1.34238				2
2025.06.18	01:01:37.162	1.34215				2
2025.06.18	01:01:39.001	1.34212				2
2025.06.18	01:01:39.926	1.34260	1.34266			6
2025.06.18	01:01:40.233	1.34261	1.34265			6
2025.06.18	01:01:41.156	1.34212	1.34278			6
2025.06.18	01:01:42.077	1.34259	1.34265			6
2025.06.18	01:01:42.382	1.34213	1.34277			6
2025.06.18	01:01:42.691		1.34276			4
2025.06.18	01:01:42.997		1.34275			4
2025.06.18	01:01:44.835	1.34210	1.34280			6
2025.06.18	01:01:45.141	1.34204				2
2025.06.18	01:01:45.445		1.34273			4
2025.06.18	01:01:46.059	1.34242	1.34269			6
2025.06.18	01:01:46.360	1.34233				2
2025.06.18	01:01:46.976	1.34208	1.34264			6
2025.06.18	01:01:47.293	1.34210				2
2025.06.18	01:01:48.826		1.34259			4
2025.06.18	01:01:52.477	1.34213				2
2025.06.18	01:01:53.084	1.34216				2
2025.06.18	01:01:53.389	1.34231				2
2025.06.18	01:01:53.693	1.34251	1.34254			6
2025.06.18	01:01:53.996	1.34248	1.34251			6
2025.06.18	01:01:54.308	1.34214	1.34259			6
2025.06.18	01:01:54.614	1.34230				2
2025.06.18	01:01:54.919	1.34217	1.34263			6
2025.06.18	01:01:56.147	1.34230				2
2025.06.18	01:01:57.059	1.34232				2
2025.06.18	01:01:57.363	1.34213				2
2025.06.18	01:01:58.291	1.34208				2
2025.06.18	01:02:00.141	1.34208				2
2025.06.18	01:02:01.369	1.34251	1.34254			6
2025.06.18	01:02:01.675	1.34252	1.34255			6
2025.06.18	01:02:01.986	1.34211	1.34263			6
2025.06.18	01:02:02.300	1.34252	1.34255			6
2025.06.18	01:02:02.905	1.34217	1.34263			6
2025.06.18	01:02:03.206	1.34216				2
2025.06.18	01:02:03.513	1.34250	1.34253			6
2025.06.18	01:02:05.351	1.34217	1.34263			6
2025.06.18	01:02:05.668	1.34211				2
2025.06.18	01:02:10.560	1.34251	1.34254			6
2025.06.18	01:02:10.864	1.34252	1.34255			6
2025.06.18	01:02:11.168	1.34251	1.34256			6
2025.06.18	01:02:12.390	1.34252	1.34255			6
2025.06.18	01:02:12.697	1.34253	1.34256			6
2025.06.18	01:02:13.008	1.34254	1.34257			6
2025.06.18	01:02:15.446	1.34253	1.34256			6
2025.06.18	01:02:15.751	1.34231	1.34263			6
2025.06.18	01:02:16.677	1.34249	1.34258			6
2025.06.18	01:02:17.299	1.34248	1.34260			6
2025.06.18	01:02:18.229	1.34249	1.34261			6
2025.06.18	01:02:19.138	1.34250	1.34260			6
2025.06.18	01:02:19.743	1.34231	1.34263			6
2025.06.18	01:02:20.051	1.34233				2
2025.06.18	01:02:20.355	1.34232				2
2025.06.18	01:02:21.281	1.34251				2
2025.06.18	01:02:21.582	1.34250	1.34262			6
2025.06.18	01:02:22.813	1.34233	1.34263			6
2025.06.18	01:02:23.117	1.34251				2
2025.06.18	01:02:23.726	1.34233				2
2025.06.18	01:02:24.348	1.34247	1.34259			6
2025.06.18	01:02:25.572	1.34249	1.34261			6
2025.06.18	01:02:25.880	1.34232	1.34263			6
2025.06.18	01:02:26.182	1.34247	1.34259			6
2025.06.18	01:02:26.485	1.34249	1.34261			6
2025.06.18	01:02:27.088	1.34218	1.34263			6
2025.06.18	01:02:27.394	1.34217				2
2025.06.18	01:02:27.697	1.34219				2
2025.06.18	01:02:28.306	1.34217				2
2025.06.18	01:02:28.623	1.34246	1.34258			6
2025.06.18	01:02:28.925	1.34212	1.34263			6
2025.06.18	01:02:29.226	1.34247	1.34259			6
2025.06.18	01:02:29.528	1.34215	1.34263			6
2025.06.18	01:02:30.135	1.34248	1.34259			6
2025.06.18	01:02:30.444	1.34215	1.34263			6
2025.06.18	01:02:31.674	1.34212				2
2025.06.18	01:02:32.284	1.34213				2
2025.06.18	01:02:32.587	1.34251	1.34257			6
2025.06.18	01:02:33.199		1.34259			4
2025.06.18	01:02:34.106	1.34252	1.34257			6
2025.06.18	01:02:35.024	1.34251	1.34256			6
2025.06.18	01:02:35.330	1.34252				2
2025.06.18	01:02:35.947	1.34213	1.34263			6
2025.06.18	01:02:38.998	1.34214				2
2025.06.18	01:02:39.311	1.34250	1.34253			6
2025.06.18	01:02:41.148	1.34252	1.34255			6
2025.06.18	01:02:42.368	1.34253	1.34256			6
2025.06.18	01:02:43.285	1.34254	1.34257			6
2025.06.18	01:02:43.905	1.34223	1.34263			6
2025.06.18	01:02:44.205	1.34254	1.34257			6
2025.06.18	01:02:45.119	1.34252	1.34255			6
2025.06.18	01:02:46.040	1.34253	1.34256			6
2025.06.18	01:02:46.957	1.34222	1.34263			6
2025.06.18	01:02:47.262	1.34255	1.34258			6
2025.06.18	01:02:48.489	1.34254	1.34257			6
2025.06.18	01:02:49.409	1.34215	1.34263			6
2025.06.18	01:02:51.866	1.34255	1.34258			6
2025.06.18	01:02:52.177	1.34252	1.34261			6
2025.06.18	01:02:53.394	1.34254	1.34259			6
2025.06.18	01:02:54.316	1.34255	1.34258			6
2025.06.18	01:02:54.930	1.34254	1.34257			6
2025.06.18	01:02:56.760	1.34210	1.34261			6
2025.06.18	01:02:57.065	1.34254	1.34257			6
2025.06.18	01:02:58.880	1.34212	1.34261			6
2025.06.18	01:02:59.187	1.34254	1.34257			6
2025.06.18	01:03:00.095	1.34254				2
2025.06.18	01:03:00.396	1.34247	1.34250			6
2025.06.18	01:03:01.011	1.34245	1.34248			6
2025.06.18	01:03:01.627	1.34244	1.34247			6
2025.06.18	01:03:02.239	1.34245	1.34248			6
2025.06.18	01:03:03.455	1.34244	1.34247			6
2025.06.18	01:03:07.700	1.34246	1.34249			6
2025.06.18	01:03:08.001	1.34248	1.34251			6
2025.06.18	01:03:23.270	1.34219	1.34257			6
2025.06.18	01:03:24.188	1.34250	1.34253			6
2025.06.18	01:03:25.415	1.34248	1.34251			6
2025.06.18	01:03:28.453	1.34247	1.34250			6
2025.06.18	01:03:29.064	1.34246	1.34249			6
2025.06.18	01:03:29.671	1.34247	1.34250			6
2025.06.18	01:03:30.276	1.34246	1.34249			6
2025.06.18	01:03:30.579	1.34247	1.34250			6
2025.06.18	01:03:34.230	1.34248	1.34251			6
2025.06.18	01:03:40.615	1.34249	1.34252			6
2025.06.18	01:03:43.349	1.34248	1.34251			6
2025.06.18	01:03:43.957	1.34249	1.34252			6
2025.06.18	01:03:45.779	1.34259	1.34260			6
2025.06.18	01:03:48.204	1.34257				2
2025.06.18	01:03:48.513	1.34256	1.34259			6
2025.06.18	01:03:50.350	1.34255	1.34258			6
2025.06.18	01:03:53.710	1.34257	1.34260			6
2025.06.18	01:03:55.247	1.34255	1.34258			6
2025.06.18	01:03:58.594	1.34256	1.34259			6
2025.06.18	01:03:59.204	1.34255	1.34258			6
2025.06.18	01:03:59.510	1.34256	1.34259			6
2025.06.18	01:03:59.815	1.34255	1.34258			6
2025.06.18	01:04:00.121	1.34255				2
2025.06.18	01:04:01.349	1.34259	1.34260			6
2025.06.18	01:04:01.650	1.34256	1.34259			6
2025.06.18	01:04:05.635	1.34257	1.34260			6
2025.06.18	01:04:06.251	1.34258	1.34261			6
2025.06.18	01:04:07.171	1.34257	1.34260			6
2025.06.18	01:04:09.329	1.34255	1.34258			6
2025.06.18	01:04:09.635	1.34257	1.34260			6
2025.06.18	01:04:10.249	1.34258	1.34261			6
2025.06.18	01:04:11.166	1.34259	1.34262			6
2025.06.18	01:04:11.782	1.34260	1.34263			6
2025.06.18	01:04:12.397	1.34259	1.34262			6
2025.06.18	01:04:14.538	1.34258	1.34261			6
2025.06.18	01:04:14.853	1.34259	1.34262			6
2025.06.18	01:04:17.622	1.34260	1.34263			6
2025.06.18	01:04:18.537	1.34259	1.34262			6
2025.06.18	01:04:23.121	1.34258	1.34261			6
2025.06.18	01:04:23.732	1.34259	1.34262			6
2025.06.18	01:04:26.172	1.34258	1.34261			6
2025.06.18	01:04:26.478	1.34259	1.34262			6
2025.06.18	01:04:26.778	1.34258	1.34261			6
2025.06.18	01:04:27.388	1.34257	1.34260			6
2025.06.18	01:04:31.036	1.34258	1.34261			6
2025.06.18	01:04:31.338	1.34257	1.34260			6
2025.06.18	01:04:32.872	1.34258	1.34261			6
2025.06.18	01:04:33.781	1.34259	1.34262			6
2025.06.18	01:04:46.012	1.34258	1.34261			6
2025.06.18	01:04:48.146	1.34259	1.34262			6
2025.06.18	01:04:49.672	1.34258	1.34261			6
2025.06.18	01:04:50.897	1.34259	1.34262			6
2025.06.18	01:04:53.045	1.34258	1.34261			6
2025.06.18	01:04:56.094	1.34257	1.34260			6
2025.06.18	01:04:56.403	1.34255	1.34258			6
2025.06.18	01:04:58.556	1.34256	1.34259			6
2025.06.18	01:04:59.780	1.34263	1.34266			6
2025.06.18	01:05:00.082	1.34272	1.34295			6
2025.06.18	01:05:00.384	1.34297	1.34315			6
2025.06.18	01:05:00.685	1.34302	1.34322			6
2025.06.18	01:05:00.992	1.34304	1.34332			6
2025.06.18	01:05:01.301	1.34302	1.34331			6
2025.06.18	01:05:01.607		1.34329			4
2025.06.18	01:05:01.909		1.34328			4
2025.06.18	01:05:02.222		1.34325			4
2025.06.18	01:05:09.611	1.34304				2
2025.06.18	01:05:13.903	1.34311	1.34328			6
2025.06.18	01:05:14.207		1.34332			4
2025.06.18	01:05:22.180	1.34321	1.34335			6
2025.06.18	01:05:22.484	1.34319				2
2025.06.18	01:05:27.391	1.34322	1.34340			6
2025.06.18	01:05:33.218	1.34326				2
2025.06.18	01:05:33.518	1.34327	1.34344			6
2025.06.18	01:05:37.195	1.34326				2
2025.06.18	01:05:38.733		1.34327			4
2025.06.18	01:05:40.857		1.34328			4
2025.06.18	01:05:42.082	1.34329	1.34330			6
2025.06.18	01:05:48.200	1.34330	1.34331			6
2025.06.18	01:05:52.468	1.34331	1.34332			6
2025.06.18	01:05:52.783		1.34349			4
2025.06.18	01:05:53.696		1.34332			4
2025.06.18	01:05:54.612		1.34333			4
2025.06.18	01:05:57.338	1.34329	1.34332			6
2025.06.18	01:06:00.104	1.34329				2
2025.06.18	01:06:02.553	1.34322	1.34325			6
2025.06.18	01:06:02.863	1.34324	1.34327			6
2025.06.18	01:06:03.164	1.34325	1.34328			6
2025.06.18	01:06:05.005	1.34324	1.34327			6
2025.06.18	01:06:05.308	1.34325	1.34328			6
2025.06.18	01:06:05.609	1.34326	1.34329			6
2025.06.18	01:06:06.831	1.34325	1.34328			6
2025.06.18	01:06:08.348	1.34326	1.34329			6
2025.06.18	01:06:09.256	1.34327	1.34330			6
2025.06.18	01:06:10.469	1.34326	1.34329			6
2025.06.18	01:06:11.394	1.34321	1.34324			6
2025.06.18	01:06:12.306	1.34322	1.34325			6
2025.06.18	01:06:16.282	1.34321	1.34324			6
2025.06.18	01:06:16.893	1.34332	1.34335			6
2025.06.18	01:06:17.814	1.34330	1.34333			6
2025.06.18	01:06:18.116	1.34327	1.34336			6
2025.06.18	01:06:19.020	1.34328	1.34337			6
2025.06.18	01:06:19.324	1.34329				2
2025.06.18	01:06:20.249	1.34330				2
2025.06.18	01:06:21.169	1.34331				2
2025.06.18	01:06:22.089	1.34329	1.34335			6
2025.06.18	01:06:22.392		1.34334			4
2025.06.18	01:06:24.221	1.34330				2
2025.06.18	01:06:26.354	1.34331				2
2025.06.18	01:06:31.558	1.34332	1.34335			6
2025.06.18	01:06:32.786	1.34331	1.34334			6
2025.06.18	01:06:59.696	1.34330	1.34333			6
2025.06.18	01:07:00.015	1.34330				2
2025.06.18	01:07:00.320	1.34332	1.34335			6
2025.06.18	01:07:05.207	1.34331	1.34334			6
2025.06.18	01:07:12.247	1.34330	1.34333			6
2025.06.18	01:07:25.336	1.34326	1.34329			6
2025.06.18	01:07:25.639	1.34325	1.34328			6
2025.06.18	01:07:26.241	1.34324	1.34329			6
2025.06.18	01:07:28.388		1.34328			4
2025.06.18	01:07:31.116		1.34327			4
2025.06.18	01:07:32.636	1.34323	1.34326			6
2025.06.18	01:07:35.067	1.34324	1.34327			6
2025.06.18	01:07:36.299	1.34323	1.34326			6
2025.06.18	01:07:36.904	1.34324	1.34327			6
2025.06.18	01:07:43.935	1.34323	1.34326			6
2025.06.18	01:07:44.238	1.34324	1.34327			6
2025.06.18	01:07:51.541	1.34321	1.34324			6
2025.06.18	01:07:51.844	1.34322	1.34325			6
2025.06.18	01:07:59.458	1.34321	1.34324			6
2025.06.18	01:07:59.760	1.34320	1.34323			6
2025.06.18	01:08:00.066	1.34320				2
2025.06.18	01:08:00.371	1.34321	1.34324			6
2025.06.18	01:08:13.206	1.34322	1.34325			6
2025.06.18	01:08:14.121	1.34321	1.34324			6
2025.06.18	01:08:17.776	1.34322	1.34325			6
2025.06.18	01:08:18.685	1.34321	1.34324			6
2025.06.18	01:08:19.290	1.34320	1.34323			6
2025.06.18	01:08:22.930	1.34321	1.34324			6
2025.06.18	01:08:36.319	1.34322	1.34325			6
2025.06.18	01:08:36.624	1.34321	1.34324			6
2025.06.18	01:08:39.994	1.34322	1.34325			6
2025.06.18	01:08:41.514	1.34320	1.34323			6
2025.06.18	01:08:45.806	1.34321				2
2025.06.18	01:08:47.960		1.34324			4
2025.06.18	01:08:48.869		1.34323			4
2025.06.18	01:08:49.476		1.34324			4
2025.06.18	01:08:50.079		1.34323			4
2025.06.18	01:08:51.002		1.34324			4
2025.06.18	01:08:51.307		1.34325			4
2025.06.18	01:08:52.229		1.34324			4
2025.06.18	01:08:56.208		1.34323			4
2025.06.18	01:08:58.648	1.34320				2
2025.06.18	01:08:59.564	1.34328	1.34331			6
2025.06.18	01:09:00.170	1.34324	1.34336			6
2025.06.18	01:09:00.782	1.34319	1.34330			6
2025.06.18	01:09:06.033		1.34329			4
2025.06.18	01:09:06.344	1.34321	1.34331			6
2025.06.18	01:09:08.200	1.34322	1.34330			6
2025.06.18	01:09:09.126		1.34329			4
2025.06.18	01:09:10.357		1.34328			4
2025.06.18	01:09:11.287		1.34327			4
2025.06.18	01:09:12.213	1.34323				2
2025.06.18	01:09:15.299		1.34326			4
2025.06.18	01:09:16.532	1.34322	1.34325			6
2025.06.18	01:09:20.526	1.34321	1.34324			6
2025.06.18	01:09:21.131	1.34323	1.34326			6
2025.06.18	01:09:21.734	1.34324	1.34327			6
2025.06.18	01:09:22.348	1.34322	1.34325			6
2025.06.18	01:09:29.965	1.34323	1.34326			6
2025.06.18	01:09:32.707	1.34325	1.34328			6
2025.06.18	01:09:33.010	1.34324	1.34327			6
2025.06.18	01:09:37.591	1.34325	1.34328			6
2025.06.18	01:09:39.715	1.34324	1.34327			6
2025.06.18	01:09:56.184	1.34325	1.34328			6
2025.06.18	01:09:56.491	1.34324	1.34327			6
2025.06.18	01:09:59.561	1.34322	1.34325			6
2025.06.18	01:10:00.177	1.34322				2
2025.06.18	01:10:01.395	1.34323	1.34326			6
2025.06.18	01:10:02.938	1.34322	1.34325			6
2025.06.18	01:10:06.576	1.34323	1.34326			6
2025.06.18	01:10:19.191	1.34324	1.34327			6
2025.06.18	01:10:20.102	1.34331	1.34334			6
2025.06.18	01:10:21.329	1.34327	1.34336			6
2025.06.18	01:10:21.944	1.34326				2
2025.06.18	01:10:27.183	1.34328				2
2025.06.18	01:10:28.110	1.34327				2
2025.06.18	01:10:30.267	1.34328	1.34335			6
2025.06.18	01:10:31.204	1.34321	1.34327			6
2025.06.18	01:10:31.511	1.34322				2
2025.06.18	01:10:31.820	1.34320	1.34326			6
2025.06.18	01:10:32.134	1.34317	1.34327			6
2025.06.18	01:10:32.440	1.34318				2
2025.06.18	01:10:33.672	1.34311	1.34318			6
2025.06.18	01:10:35.220		1.34317			4
2025.06.18	01:10:35.839		1.34320			4
2025.06.18	01:10:37.072		1.34321			4
2025.06.18	01:10:39.219	1.34312				2
2025.06.18	01:10:41.376	1.34313				2
2025.06.18	01:10:42.313		1.34320			4
2025.06.18	01:10:43.234	1.34314	1.34319			6
2025.06.18	01:10:43.545	1.34315	1.34320			6
2025.06.18	01:10:45.387		1.34319			4
2025.06.18	01:10:47.210	1.34316				2
2025.06.18	01:10:49.346	1.34315	1.34318			6
2025.06.18	01:10:55.148	1.34316	1.34319			6
2025.06.18	01:11:00.053	1.34316				2
2025.06.18	01:11:01.267	1.34315	1.34318			6
2025.06.18	01:11:01.876	1.34314	1.34317			6
2025.06.18	01:11:05.252	1.34321	1.34324			6
2025.06.18	01:11:05.554	1.34323	1.34326			6
2025.06.18	01:11:06.179	1.34319	1.34327			6
2025.06.18	01:11:07.410	1.34317				2
2025.06.18	01:11:09.259	1.34318				2
2025.06.18	01:11:10.185	1.34319	1.34326			6
2025.06.18	01:11:11.101		1.34325			4
2025.06.18	01:11:12.330	1.34320				2
2025.06.18	01:11:13.251		1.34324			4
2025.06.18	01:11:14.158	1.34321				2
2025.06.18	01:11:15.692	1.34320	1.34323			6
2025.06.18	01:11:17.223	1.34321	1.34324			6
2025.06.18	01:11:21.793	1.34320	1.34323			6
2025.06.18	01:11:29.145	1.34321	1.34324			6
2025.06.18	01:11:30.680	1.34320	1.34323			6
2025.06.18	01:11:33.117	1.34319	1.34322			6
2025.06.18	01:11:37.084	1.34320	1.34323			6
2025.06.18	01:11:56.647	1.34321	1.34324			6
2025.06.18	01:11:57.561	1.34320	1.34323			6
2025.06.18	01:12:00.299	1.34319	1.34322			6
2025.06.18	01:12:01.208	1.34320	1.34323			6
2025.06.18	01:12:06.392	1.34315	1.34318			6
2025.06.18	01:12:07.297	1.34312	1.34321			6
2025.06.18	01:12:08.224	1.34313				2
2025.06.18	01:12:09.451	1.34312	1.34320			6
2025.06.18	01:12:10.068	1.34311	1.34319			6
2025.06.18	01:12:10.374		1.34318			4
2025.06.18	01:12:11.304		1.34317			4
2025.06.18	01:12:11.919	1.34310	1.34316			6
2025.06.18	01:12:12.226	1.34311				2
2025.06.18	01:12:13.151	1.34312				2
2025.06.18	01:12:15.314	1.34313				2
2025.06.18	01:12:16.232		1.34317			4
2025.06.18	01:12:17.161		1.34316			4
2025.06.18	01:12:20.808	1.34314	1.34317			6
2025.06.18	01:12:21.116	1.34313	1.34316			6
2025.06.18	01:12:29.668	1.34314	1.34317			6
2025.06.18	01:12:29.983	1.34312	1.34315			6
2025.06.18	01:12:30.293	1.34313	1.34316			6
2025.06.18	01:12:40.390	1.34312	1.34315			6
2025.06.18	01:12:48.055	1.34314	1.34317			6
2025.06.18	01:12:48.363	1.34313	1.34316			6
2025.06.18	01:12:58.537	1.34314	1.34317			6
2025.06.18	01:12:59.461	1.34313	1.34316			6
2025.06.18	01:13:00.082	1.34313				2
2025.06.18	01:13:00.389	1.34314	1.34317			6
2025.06.18	01:13:04.086	1.34313	1.34316			6
2025.06.18	01:13:04.398	1.34314	1.34317			6
2025.06.18	01:13:05.932	1.34321	1.34324			6
2025.06.18	01:13:06.244	1.34318	1.34328			6
2025.06.18	01:13:06.558	1.34316				2
2025.06.18	01:13:06.868	1.34317	1.34329			6
2025.06.18	01:13:07.181	1.34316	1.34328			6
2025.06.18	01:13:07.796	1.34317	1.34329			6
2025.06.18	01:13:11.188		1.34328			4
2025.06.18	01:13:12.108	1.34318				2
2025.06.18	01:13:13.340	1.34320				2
2025.06.18	01:13:14.272	1.34319	1.34326			6
2025.06.18	01:13:16.124	1.34320				2
2025.06.18	01:13:17.358		1.34325			4
2025.06.18	01:13:18.276	1.34321				2
2025.06.18	01:13:20.111	1.34322				2
2025.06.18	01:13:38.090	1.34313	1.34316			6
2025.06.18	01:13:39.316	1.34309	1.34321			6
2025.06.18	01:13:43.331		1.34320			4
2025.06.18	01:13:44.251	1.34310				2
2025.06.18	01:13:45.173		1.34319			4
2025.06.18	01:13:46.412	1.34311				2
2025.06.18	01:13:47.336	1.34312	1.34318			6
2025.06.18	01:13:48.264	1.34313				2
2025.06.18	01:13:48.570	1.34312	1.34317			6
2025.06.18	01:13:49.188	1.34313				2
2025.06.18	01:13:51.038	1.34314	1.34318			6
2025.06.18	01:13:51.342		1.34317			4
2025.06.18	01:14:00.234	1.34314				2
2025.06.18	01:14:05.118	1.34315	1.34318			6
2025.06.18	01:14:07.254	1.34314	1.34317			6
2025.06.18	01:14:14.588	1.34315	1.34318			6
2025.06.18	01:14:17.317	1.34314	1.34317			6
2025.06.18	01:14:22.208	1.34313	1.34316			6
2025.06.18	01:14:24.333	1.34314	1.34317			6
2025.06.18	01:14:25.249	1.34313	1.34316			6
2025.06.18	01:14:25.559	1.34314	1.34317			6
2025.06.18	01:14:29.231	1.34313	1.34316			6
2025.06.18	01:14:30.137	1.34314	1.34317			6
2025.06.18	01:14:35.948	1.34315	1.34318			6
2025.06.18	01:14:37.474	1.34314	1.34317			6
2025.06.18	01:14:37.783	1.34315	1.34318			6
2025.06.18	01:14:38.089	1.34314	1.34317			6
2025.06.18	01:14:45.408	1.34313	1.34316			6
2025.06.18	01:14:52.144	1.34312	1.34315			6
2025.06.18	01:14:52.450	1.34313	1.34316			6
2025.06.18	01:15:00.162	1.34313				2
2025.06.18	01:15:00.470	1.34314	1.34317			6
2025.06.18	01:15:02.934	1.34313	1.34316			6
2025.06.18	01:15:08.181	1.34314	1.34317			6
2025.06.18	01:15:09.415	1.34313	1.34316			6
2025.06.18	01:15:12.197	1.34312	1.34315			6
2025.06.18	01:15:12.508	1.34313	1.34316			6
2025.06.18	01:15:19.303	1.34312	1.34315			6
2025.06.18	01:15:21.156	1.34313	1.34316			6
2025.06.18	01:15:23.018	1.34312	1.34315			6
2025.06.18	01:15:23.320		1.34316			4
2025.06.18	01:15:25.171	1.34313				2
2025.06.18	01:15:37.217	1.34312	1.34315			6
2025.06.18	01:15:40.910	1.34313	1.34316			6
2025.06.18	01:15:43.681	1.34312	1.34315			6
2025.06.18	01:15:45.842	1.34313	1.34316			6
2025.06.18	01:16:00.023	1.34313				2
2025.06.18	01:16:04.967	1.34315	1.34318			6
2025.06.18	01:16:05.269	1.34310	1.34322			6
2025.06.18	01:16:06.198	1.34311				2
2025.06.18	01:16:07.125	1.34309	1.34321			6
2025.06.18	01:16:08.977	1.34308	1.34320			6
2025.06.18	01:16:10.209	1.34309				2
2025.06.18	01:16:11.138		1.34319			4
2025.06.18	01:16:12.369	1.34310				2
2025.06.18	01:16:13.293	1.34312				2
2025.06.18	01:16:14.219	1.34310	1.34320			6
2025.06.18	01:16:15.137		1.34319			4
2025.06.18	01:16:15.444	1.34304	1.34313			6
2025.06.18	01:16:16.368	1.34305	1.34312			6
2025.06.18	01:16:17.293		1.34316			4
2025.06.18	01:16:18.523	1.34307	1.34319			6
2025.06.18	01:16:18.831	1.34309	1.34320			6
2025.06.18	01:16:20.678	1.34308				2
2025.06.18	01:16:23.156	1.34309				2
2025.06.18	01:16:24.390		1.34319			4
2025.06.18	01:16:24.694	1.34310	1.34320			6
2025.06.18	01:16:25.308		1.34319			4
2025.06.18	01:16:26.235	1.34311	1.34318			6
2025.06.18	01:16:26.538	1.34310	1.34317			6
2025.06.18	01:16:27.158	1.34311				2
2025.06.18	01:16:28.388		1.34316			4
2025.06.18	01:16:28.693	1.34312	1.34317			6
2025.06.18	01:16:30.227	1.34313				2
2025.06.18	01:16:32.369		1.34316			4
2025.06.18	01:16:33.906	1.34312	1.34315			6
2025.06.18	01:16:37.577	1.34311	1.34314			6
2025.06.18	01:16:38.805	1.34312	1.34315			6
2025.06.18	01:16:39.414	1.34313	1.34316			6
2025.06.18	01:16:41.541	1.34312	1.34315			6
2025.06.18	01:16:50.078	1.34311	1.34314			6
2025.06.18	01:16:56.498	1.34312	1.34315			6
2025.06.18	01:17:00.170	1.34312				2
2025.06.18	01:17:00.777	1.34313	1.34316			6
2025.06.18	01:17:01.078	1.34312	1.34315			6
2025.06.18	01:17:01.988	1.34314	1.34317			6
2025.06.18	01:17:11.123	1.34313	1.34316			6
2025.06.18	01:17:11.429	1.34311	1.34314			6
2025.06.18	01:17:20.268	1.34312	1.34315			6
2025.06.18	01:17:21.500	1.34311	1.34314			6
2025.06.18	01:17:23.956	1.34313	1.34316			6
2025.06.18	01:17:28.827	1.34312	1.34315			6
2025.06.18	01:17:29.748	1.34313	1.34316			6
2025.06.18	01:17:35.218	1.34314	1.34317			6
2025.06.18	01:17:37.663	1.34313	1.34316			6
2025.06.18	01:17:38.282	1.34314	1.34317			6
2025.06.18	01:17:38.589	1.34313	1.34316			6
2025.06.18	01:17:39.517	1.34312	1.34315			6
2025.06.18	01:17:39.826	1.34313	1.34316			6
2025.06.18	01:17:41.640	1.34312	1.34315			6
2025.06.18	01:17:46.852	1.34311	1.34314			6
2025.06.18	01:17:48.704	1.34312	1.34315			6
2025.06.18	01:17:49.010	1.34313	1.34316			6
2025.06.18	01:17:50.245	1.34312				2
2025.06.18	01:17:51.176	1.34313				2
2025.06.18	01:17:53.339	1.34314	1.34317			6
2025.06.18	01:17:56.427	1.34313	1.34316			6
2025.06.18	01:17:58.272	1.34314	1.34317			6
2025.06.18	01:17:59.198	1.34313	1.34316			6
2025.06.18	01:18:00.123	1.34313				2
2025.06.18	01:18:26.288	1.34312	1.34315			6
2025.06.18	01:18:28.126	1.34313	1.34316			6
2025.06.18	01:18:29.659	1.34312	1.34315			6
2025.06.18	01:18:30.892	1.34313	1.34316			6
2025.06.18	01:18:33.956	1.34312	1.34315			6
2025.06.18	01:18:34.871	1.34313	1.34316			6
2025.06.18	01:18:44.114	1.34312	1.34315			6
2025.06.18	01:18:46.582	1.34313	1.34316			6
2025.06.18	01:18:47.506	1.34312	1.34315			6
2025.06.18	01:18:52.435	1.34313	1.34316			6
2025.06.18	01:18:53.358		1.34317			4
2025.06.18	01:18:54.280		1.34316			4
2025.06.18	01:19:00.137	1.34313				2
2025.06.18	01:19:10.614	1.34312	1.34315			6
2025.06.18	01:19:11.841	1.34313	1.34316			6
2025.06.18	01:19:14.929	1.34312	1.34315			6
2025.06.18	01:19:15.237	1.34313	1.34316			6
2025.06.18	01:19:20.180	1.34312	1.34315			6
2025.06.18	01:19:21.104	1.34311				2
2025.06.18	01:19:23.263	1.34312				2
2025.06.18	01:19:27.278	1.34311	1.34314			6
2025.06.18	01:19:28.204	1.34309	1.34315			6
2025.06.18	01:19:29.130	1.34310				2
2025.06.18	01:19:30.359	1.34309	1.34316			6
2025.06.18	01:19:31.289	1.34310				2
2025.06.18	01:19:32.207	1.34311	1.34315			6
2025.06.18	01:19:33.744	1.34310	1.34314			6
2025.06.18	01:19:34.359	1.34308	1.34316			6
2025.06.18	01:19:34.670		1.34317			4
2025.06.18	01:19:35.288		1.34318			4
2025.06.18	01:19:40.214	1.34309				2
2025.06.18	01:19:41.139	1.34310				2
2025.06.18	01:19:43.300	1.34309				2
2025.06.18	01:19:43.605	1.34308	1.34317			6
2025.06.18	01:19:44.222	1.34307	1.34318			6
2025.06.18	01:19:45.759		1.34317			4
2025.06.18	01:19:46.376	1.34308				2
2025.06.18	01:19:47.299		1.34316			4
2025.06.18	01:19:48.224	1.34309	1.34315			6
2025.06.18	01:19:49.151	1.34310				2
2025.06.18	01:19:50.387	1.34311				2
2025.06.18	01:19:51.312	1.34310	1.34314			6
2025.06.18	01:19:53.164	1.34311				2
2025.06.18	01:19:55.908	1.34310	1.34313			6
2025.06.18	01:20:00.165	1.34310				2
2025.06.18	01:20:00.468	1.34311	1.34314			6
2025.06.18	01:20:01.075	1.34312	1.34315			6
2025.06.18	01:20:01.387	1.34310				2
2025.06.18	01:20:02.323	1.34309				2
2025.06.18	01:20:03.244	1.34310	1.34314			6
2025.06.18	01:20:04.183	1.34311				2
2025.06.18	01:20:16.387	1.34312	1.34315			6
2025.06.18	01:20:20.357	1.34311	1.34314			6
2025.06.18	01:20:38.979	1.34310	1.34313			6
2025.06.18	01:20:39.280	1.34307	1.34315			6
2025.06.18	01:20:40.201	1.34308	1.34314			6
2025.06.18	01:20:41.125	1.34309				2
2025.06.18	01:20:42.356	1.34311				2
2025.06.18	01:20:43.286	1.34307				2
2025.06.18	01:20:47.601	1.34306				2
2025.06.18	01:20:49.133	1.34307				2
2025.06.18	01:20:50.363	1.34308				2
2025.06.18	01:20:51.291	1.34309				2
2025.06.18	01:20:52.216	1.34310				2
2025.06.18	01:20:52.522	1.34311				2
2025.06.18	01:20:53.134	1.34309				2
2025.06.18	01:20:54.364	1.34305				2
2025.06.18	01:20:57.123	1.34306				2
2025.06.18	01:20:59.263	1.34308				2
2025.06.18	01:21:00.176	1.34308				2
2025.06.18	01:21:00.489	1.34309				2
2025.06.18	01:21:01.101	1.34310				2
2025.06.18	01:21:01.404	1.34307				2
2025.06.18	01:21:05.395	1.34306				2
2025.06.18	01:21:07.233	1.34307				2
2025.06.18	01:21:08.160	1.34308				2
2025.06.18	01:21:10.315	1.34309				2
2025.06.18	01:21:12.154	1.34310				2
2025.06.18	01:21:13.984	1.34312				2
2025.06.18	01:21:14.288	1.34309				2
2025.06.18	01:21:14.597		1.34315			4
2025.06.18	01:21:15.219	1.34310				2
2025.06.18	01:21:17.376	1.34311				2
2025.06.18	01:21:19.227	1.34312				2
2025.06.18	01:21:21.986	1.34316	1.34318			6
2025.06.18	01:21:22.900	1.34315				2
2025.06.18	01:21:23.205	1.34311				2
2025.06.18	01:21:24.122	1.34312				2
2025.06.18	01:21:26.277	1.34313				2
2025.06.18	01:21:26.887	1.34311				2
2025.06.18	01:21:27.192	1.34312				2
2025.06.18	01:21:28.130	1.34310				2
2025.06.18	01:21:29.350	1.34311				2
2025.06.18	01:21:30.272	1.34312				2
2025.06.18	01:21:32.113	1.34313				2
2025.06.18	01:21:33.343		1.34317			4
2025.06.18	01:21:34.258	1.34314				2
2025.06.18	01:21:38.519	1.34313	1.34316			6
2025.06.18	01:21:38.819	1.34314	1.34317			6
2025.06.18	01:21:39.126	1.34315	1.34318			6
2025.06.18	01:21:43.990	1.34316	1.34319			6
2025.06.18	01:22:00.167	1.34317	1.34320			6
2025.06.18	01:22:00.473	1.34315	1.34318			6
2025.06.18	01:22:01.695	1.34314	1.34317			6
2025.06.18	01:22:04.466	1.34315	1.34318			6
2025.06.18	01:22:06.002	1.34316	1.34319			6
2025.06.18	01:22:10.561	1.34315	1.34318			6
2025.06.18	01:22:11.467	1.34316	1.34319			6
2025.06.18	01:22:14.528	1.34315	1.34318			6
2025.06.18	01:22:14.830	1.34316	1.34319			6
2025.06.18	01:22:40.137	1.34317				2
2025.06.18	01:22:43.183	1.34316				2
2025.06.18	01:22:47.452	1.34315	1.34318			6
2025.06.18	01:22:53.252	1.34316	1.34319			6
2025.06.18	01:22:53.554	1.34315	1.34318			6
2025.06.18	01:22:56.299		1.34319			4
2025.06.18	01:22:57.828	1.34316				2
2025.06.18	01:22:59.343	1.34315				2
2025.06.18	01:23:00.264	1.34316				2
2025.06.18	01:23:00.566	1.34315				2
2025.06.18	01:23:01.183	1.34316				2
2025.06.18	01:23:04.551	1.34315	1.34318			6
2025.06.18	01:23:10.353	1.34314	1.34317			6
2025.06.18	01:23:11.569	1.34315	1.34318			6
2025.06.18	01:23:13.417	1.34314	1.34317			6
2025.06.18	01:23:13.721	1.34316	1.34319			6
2025.06.18	01:23:15.263	1.34313	1.34322			6
2025.06.18	01:23:20.186		1.34321			4
2025.06.18	01:23:22.346	1.34315	1.34322			6
2025.06.18	01:23:23.265		1.34323			4
2025.06.18	01:23:26.338		1.34322			4
2025.06.18	01:23:27.874	1.34312	1.34320			6
2025.06.18	01:23:28.186	1.34313	1.34319			6
2025.06.18	01:23:28.799	1.34314	1.34320			6
2025.06.18	01:23:29.114	1.34313				2
2025.06.18	01:23:30.340		1.34322			4
2025.06.18	01:23:30.958		1.34323			4
2025.06.18	01:23:31.263		1.34322			4
2025.06.18	01:23:35.267	1.34314				2
2025.06.18	01:23:37.109	1.34315				2
2025.06.18	01:23:38.343	1.34316	1.34321			6
2025.06.18	01:23:39.268	1.34317				2
2025.06.18	01:23:41.106		1.34320			4
2025.06.18	01:23:42.939	1.34316	1.34319			6
2025.06.18	01:23:47.831	1.34317	1.34320			6
2025.06.18	01:23:48.135	1.34316	1.34319			6
2025.06.18	01:23:51.491	1.34315	1.34318			6
2025.06.18	01:23:52.111	1.34316	1.34319			6
2025.06.18	01:23:54.868	1.34315	1.34318			6
2025.06.18	01:23:55.168	1.34316	1.34319			6
2025.06.18	01:24:00.053	1.34316				2
2025.06.18	01:24:02.479	1.34315	1.34318			6
2025.06.18	01:24:02.783	1.34316	1.34319			6
2025.06.18	01:24:07.354	1.34315	1.34318			6
2025.06.18	01:24:08.275	1.34316	1.34319			6
2025.06.18	01:24:10.418	1.34315	1.34318			6
2025.06.18	01:24:22.008	1.34316	1.34319			6
2025.06.18	01:24:22.311	1.34317	1.34320			6
2025.06.18	01:24:23.222	1.34316	1.34323			6
2025.06.18	01:24:27.217		1.34322			4
2025.06.18	01:24:28.138		1.34321			4
2025.06.18	01:24:29.371		1.34320			4
2025.06.18	01:24:30.289	1.34317				2
2025.06.18	01:24:39.452	1.34318	1.34321			6
2025.06.18	01:24:40.666	1.34317	1.34320			6
2025.06.18	01:24:45.277		1.34319			4
2025.06.18	01:24:50.486	1.34323	1.34326			6
2025.06.18	01:24:50.794	1.34326	1.34329			6
2025.06.18	01:24:51.101	1.34323	1.34332			6
2025.06.18	01:24:51.725	1.34327	1.34331			6
2025.06.18	01:24:56.337		1.34330			4
2025.06.18	01:24:56.953	1.34326				2
2025.06.18	01:24:57.575	1.34331	1.34332			6
2025.06.18	01:24:59.113	1.34330	1.34331			6
2025.06.18	01:25:00.039	1.34330				2
2025.06.18	01:25:00.344	1.34329	1.34330			6
2025.06.18	01:25:02.489	1.34324	1.34329			6
2025.06.18	01:25:03.101		1.34328			4
2025.06.18	01:25:04.029	1.34325				2
2025.06.18	01:25:08.907		1.34327			4
2025.06.18	01:25:09.823		1.34328			4
2025.06.18	01:25:15.013	1.34324	1.34327			6
2025.06.18	01:25:15.929	1.34323	1.34326			6
2025.06.18	01:25:17.156	1.34324	1.34327			6
2025.06.18	01:25:49.780	1.34323	1.34326			6
2025.06.18	01:25:58.959	1.34325	1.34328			6
2025.06.18	01:26:00.174	1.34324	1.34327			6
2025.06.18	01:26:00.476	1.34323	1.34326			6
2025.06.18	01:26:01.394		1.34327			4
2025.06.18	01:26:01.709	1.34322	1.34326			6
2025.06.18	01:26:03.244	1.34323				2
2025.06.18	01:26:04.469	1.34322	1.34325			6
2025.06.18	01:26:05.375		1.34326			4
2025.06.18	01:26:06.291		1.34325			4
2025.06.18	01:26:09.348	1.34323	1.34326			6
2025.06.18	01:26:09.649	1.34322	1.34325			6
2025.06.18	01:26:11.180	1.34323	1.34326			6
2025.06.18	01:26:12.407	1.34324	1.34327			6
2025.06.18	01:26:15.170	1.34323	1.34326			6
2025.06.18	01:26:17.028	1.34324	1.34327			6
2025.06.18	01:26:18.268	1.34323	1.34326			6
2025.06.18	01:26:19.805	1.34324	1.34327			6
2025.06.18	01:26:23.214	1.34323	1.34326			6
2025.06.18	01:26:23.516	1.34324	1.34327			6
2025.06.18	01:26:24.135	1.34323	1.34326			6
2025.06.18	01:26:25.378	1.34322	1.34325			6
2025.06.18	01:26:31.251	1.34323	1.34326			6
2025.06.18	01:26:32.813	1.34322	1.34325			6
2025.06.18	01:26:33.116		1.34326			4
2025.06.18	01:26:34.348	1.34323				2
2025.06.18	01:26:34.654	1.34322				2
2025.06.18	01:26:36.202		1.34325			4
2025.06.18	01:26:36.515	1.34321	1.34324			6
2025.06.18	01:26:37.132		1.34325			4
2025.06.18	01:26:37.438	1.34322	1.34326			6
2025.06.18	01:26:37.756		1.34325			4
2025.06.18	01:26:38.370	1.34321				2
2025.06.18	01:26:38.990		1.34326			4
2025.06.18	01:26:40.235	1.34322				2
2025.06.18	01:26:41.165		1.34325			4
2025.06.18	01:26:43.641	1.34331	1.34334			6
2025.06.18	01:26:44.261		1.34335			4
2025.06.18	01:26:49.201	1.34322	1.34329			6
2025.06.18	01:26:49.517		1.34328			4
2025.06.18	01:26:51.372	1.34325	1.34331			6
2025.06.18	01:26:51.677		1.34332			4
2025.06.18	01:26:57.230	1.34326				2
2025.06.18	01:26:58.156		1.34331			4
2025.06.18	01:26:59.388	1.34327				2
2025.06.18	01:27:00.002	1.34327				2
2025.06.18	01:27:01.224	1.34328				2
2025.06.18	01:27:01.530	1.34327	1.34330			6
2025.06.18	01:27:18.319	1.34328	1.34331			6
2025.06.18	01:27:25.016	1.34327	1.34330			6
2025.06.18	01:27:29.297	1.34329	1.34332			6
2025.06.18	01:27:33.912	1.34328	1.34331			6
2025.06.18	01:27:34.219	1.34329	1.34332			6
2025.06.18	01:27:35.432	1.34328	1.34331			6
2025.06.18	01:27:36.354	1.34326	1.34329			6
2025.06.18	01:27:37.271	1.34329	1.34332			6
2025.06.18	01:27:38.191	1.34328	1.34331			6
2025.06.18	01:27:38.495	1.34327	1.34330			6
2025.06.18	01:27:44.902	1.34326	1.34329			6
2025.06.18	01:27:47.353	1.34327	1.34330			6
2025.06.18	01:27:48.884	1.34326	1.34329			6
2025.06.18	01:27:52.539	1.34327	1.34330			6
2025.06.18	01:27:53.765	1.34325	1.34328			6
2025.06.18	01:28:00.215	1.34325				2
2025.06.18	01:28:19.716	1.34323	1.34326			6
2025.06.18	01:28:21.266	1.34322				2
2025.06.18	01:28:23.122	1.34323				2
2025.06.18	01:28:26.527	1.34324				2
2025.06.18	01:28:28.687		1.34327			4
2025.06.18	01:28:29.615	1.34323	1.34326			6
2025.06.18	01:28:31.163	1.34322				2
2025.06.18	01:28:31.469	1.34323	1.34327			6
2025.06.18	01:28:33.325		1.34326			4
2025.06.18	01:28:42.294	1.34324	1.34327			6
2025.06.18	01:28:42.608	1.34322	1.34325			6
2025.06.18	01:28:42.916	1.34321	1.34324			6
2025.06.18	01:28:43.536	1.34322	1.34325			6
2025.06.18	01:28:44.163	1.34321	1.34326			6
2025.06.18	01:28:45.400		1.34325			4
2025.06.18	01:28:46.324	1.34322				2
2025.06.18	01:28:49.122	1.34321	1.34324			6
2025.06.18	01:28:49.434	1.34322	1.34325			6
2025.06.18	01:29:00.274	1.34322				2
2025.06.18	01:29:00.579	1.34321	1.34324			6
2025.06.18	01:29:01.813	1.34322	1.34325			6
2025.06.18	01:29:08.001	1.34323	1.34326			6
2025.06.18	01:29:11.096	1.34322	1.34325			6
2025.06.18	01:29:16.658	1.34323	1.34326			6
2025.06.18	01:29:16.979	1.34322	1.34325			6
2025.06.18	01:29:21.593	1.34323	1.34326			6
2025.06.18	01:29:37.955	1.34322	1.34325			6
2025.06.18	01:29:39.187		1.34327			4
2025.06.18	01:29:40.110		1.34329			4
2025.06.18	01:29:41.339		1.34328			4
2025.06.18	01:29:42.258		1.34327			4
2025.06.18	01:29:45.333		1.34326			4
2025.06.18	01:29:46.255	1.34323				2
2025.06.18	01:30:00.164	1.34323				2
2025.06.18	01:30:00.783	1.34330	1.34331			6
2025.06.18	01:30:01.086	1.34333	1.34336			6
2025.06.18	01:30:01.712	1.34334	1.34337			6
2025.06.18	01:30:02.021	1.34324	1.34327			6
2025.06.18	01:30:02.334	1.34318	1.34330			6
2025.06.18	01:30:03.262	1.34317	1.34329			6
2025.06.18	01:30:04.802	1.34320	1.34327			6
2025.06.18	01:30:10.361		1.34326			4
2025.06.18	01:30:10.980	1.34319				2
2025.06.18	01:30:11.294	1.34320				2
2025.06.18	01:30:12.232	1.34319	1.34325			6
2025.06.18	01:30:12.846	1.34320	1.34326			6
2025.06.18	01:30:13.164	1.34321				2
2025.06.18	01:30:13.470	1.34319	1.34324			6
2025.06.18	01:30:14.394		1.34323			4
2025.06.18	01:30:17.178	1.34320				2
2025.06.18	01:30:17.797	1.34319	1.34322			6
2025.06.18	01:30:22.396	1.34320	1.34323			6
2025.06.18	01:30:23.005	1.34319	1.34322			6
2025.06.18	01:30:26.071	1.34318	1.34321			6
2025.06.18	01:30:28.211	1.34323	1.34326			6
2025.06.18	01:30:29.123	1.34324	1.34327			6
2025.06.18	01:30:31.577	1.34323	1.34326			6
2025.06.18	01:30:35.539	1.34324	1.34327			6
2025.06.18	01:30:37.669	1.34325	1.34328			6
2025.06.18	01:30:38.585	1.34324	1.34327			6
2025.06.18	01:30:40.731	1.34323	1.34326			6
2025.06.18	01:30:41.649	1.34325	1.34328			6
2025.06.18	01:30:44.399	1.34324	1.34327			6
2025.06.18	01:30:45.624	1.34325	1.34328			6
2025.06.18	01:30:50.824	1.34324	1.34327			6
2025.06.18	01:30:51.135	1.34325	1.34328			6
2025.06.18	01:30:52.044	1.34324	1.34327			6
2025.06.18	01:30:52.346	1.34325	1.34328			6
2025.06.18	01:30:52.960	1.34324	1.34327			6
2025.06.18	01:30:53.264	1.34325	1.34328			6
2025.06.18	01:30:54.482	1.34323	1.34326			6
2025.06.18	01:30:55.704	1.34324	1.34327			6
2025.06.18	01:30:58.461	1.34323	1.34326			6
2025.06.18	01:30:59.380	1.34324	1.34327			6
2025.06.18	01:31:00.298	1.34321	1.34324			6
2025.06.18	01:31:00.603	1.34318	1.34321			6
2025.06.18	01:31:00.910	1.34319	1.34322			6
2025.06.18	01:31:01.222	1.34318	1.34323			6
2025.06.18	01:31:02.135		1.34322			4
2025.06.18	01:31:02.436	1.34320	1.34324			6
2025.06.18	01:31:02.745	1.34321	1.34325			6
2025.06.18	01:31:03.360	1.34317	1.34322			6
2025.06.18	01:31:04.276		1.34323			4
2025.06.18	01:31:04.585		1.34322			4
2025.06.18	01:31:05.503		1.34321			4
2025.06.18	01:31:05.810		1.34322			4
2025.06.18	01:31:06.114	1.34318				2
2025.06.18	01:31:07.657	1.34317	1.34321			6
2025.06.18	01:31:08.265	1.34318				2
2025.06.18	01:31:10.095	1.34317	1.34320			6
2025.06.18	01:31:11.631	1.34316	1.34319			6
2025.06.18	01:31:12.859	1.34318	1.34321			6
2025.06.18	01:31:13.469	1.34317	1.34320			6
2025.06.18	01:31:17.758	1.34315	1.34318			6
2025.06.18	01:31:18.694	1.34314	1.34317			6
2025.06.18	01:31:19.616	1.34316	1.34319			6
2025.06.18	01:31:19.928	1.34317	1.34320			6
2025.06.18	01:31:20.234	1.34316				2
2025.06.18	01:31:21.157	1.34317				2
2025.06.18	01:31:21.770	1.34316	1.34319			6
2025.06.18	01:31:22.697	1.34317				2
2025.06.18	01:31:23.009		1.34320			4
2025.06.18	01:31:25.473	1.34318	1.34321			6
2025.06.18	01:31:25.784	1.34317	1.34320			6
2025.06.18	01:31:32.256	1.34318	1.34321			6
2025.06.18	01:31:33.183	1.34317	1.34320			6
2025.06.18	01:31:37.179	1.34318	1.34321			6
2025.06.18	01:31:38.422	1.34317	1.34320			6
2025.06.18	01:31:43.370	1.34318	1.34321			6
2025.06.18	01:32:00.030	1.34318				2
2025.06.18	01:32:01.563	1.34320	1.34323			6
2025.06.18	01:32:01.868	1.34314	1.34317			6
2025.06.18	01:32:02.172	1.34312	1.34319			6
2025.06.18	01:32:02.794		1.34318			4
2025.06.18	01:32:03.109		1.34317			4
2025.06.18	01:32:03.719		1.34316			4
2025.06.18	01:32:04.337		1.34315			4
2025.06.18	01:32:05.871		1.34316			4
2025.06.18	01:32:06.179		1.34315			4
2025.06.18	01:32:08.952	1.34315	1.34316			6
2025.06.18	01:32:09.256		1.34317			4
2025.06.18	01:32:10.192		1.34316			4
2025.06.18	01:32:15.426	1.34312	1.34315			6
2025.06.18	01:32:15.738		1.34314			4
2025.06.18	01:32:16.662	1.34311				2
2025.06.18	01:32:18.514	1.34312				2
2025.06.18	01:32:23.143		1.34315			4
2025.06.18	01:32:33.283	1.34313	1.34316			6
2025.06.18	01:32:35.136		1.34315			4
2025.06.18	01:32:35.440	1.34311	1.34314			6
2025.06.18	01:32:35.752	1.34312	1.34315			6
2025.06.18	01:32:36.377	1.34311	1.34314			6
2025.06.18	01:32:38.238	1.34312	1.34315			6
2025.06.18	01:32:40.405		1.34314			4
2025.06.18	01:32:40.713		1.34315			4
2025.06.18	01:32:45.957		1.34314			4
2025.06.18	01:32:46.262		1.34315			4
2025.06.18	01:32:56.426		1.34314			4
2025.06.18	01:32:57.036		1.34315			4
2025.06.18	01:32:57.338		1.34314			4
2025.06.18	01:32:59.191		1.34315			4
2025.06.18	01:32:59.813	1.34311	1.34314			6
2025.06.18	01:33:00.115	1.34312	1.34315			6
2025.06.18	01:33:00.419	1.34311	1.34314			6
2025.06.18	01:33:30.688	1.34310	1.34313			6
2025.06.18	01:33:31.311	1.34311	1.34314			6
2025.06.18	01:33:35.657	1.34313	1.34316			6
2025.06.18	01:33:36.581	1.34312	1.34315			6
2025.06.18	01:33:37.202	1.34310	1.34316			6
2025.06.18	01:33:37.822	1.34312	1.34318			6
2025.06.18	01:33:38.131	1.34310				2
2025.06.18	01:33:43.391	1.34311				2
2025.06.18	01:33:44.928	1.34317	1.34323			6
2025.06.18	01:33:45.237	1.34315	1.34321			6
2025.06.18	01:33:46.164	1.34312				2
2025.06.18	01:33:51.121		1.34320			4
2025.06.18	01:33:52.663		1.34319			4
2025.06.18	01:33:55.744		1.34318			4
2025.06.18	01:33:56.994		1.34317			4
2025.06.18	01:33:57.298		1.34316			4
2025.06.18	01:34:00.079	1.34312				2
2025.06.18	01:34:01.326		1.34315			4
2025.06.18	01:34:01.940	1.34313	1.34316			6
2025.06.18	01:34:03.159	1.34312	1.34315			6
2025.06.18	01:34:04.696	1.34313	1.34316			6
2025.06.18	01:34:05.904	1.34314	1.34317			6
2025.06.18	01:34:07.119	1.34313	1.34316			6
2025.06.18	01:34:12.291	1.34312	1.34315			6
2025.06.18	01:34:24.150	1.34313	1.34316			6
2025.06.18	01:34:24.454	1.34312	1.34315			6
2025.06.18	01:34:30.231	1.34311	1.34314			6
2025.06.18	01:34:30.536	1.34310	1.34313			6
2025.06.18	01:34:42.153	1.34304	1.34307			6
2025.06.18	01:34:42.760	1.34303	1.34306			6
2025.06.18	01:34:43.373	1.34302	1.34310			6
2025.06.18	01:34:44.913		1.34309			4
2025.06.18	01:34:46.145		1.34308			4
2025.06.18	01:34:46.451		1.34309			4
2025.06.18	01:34:48.311		1.34308			4
2025.06.18	01:34:49.234		1.34307			4
2025.06.18	01:34:51.091		1.34306			4
2025.06.18	01:34:51.396		1.34307			4
2025.06.18	01:34:51.710		1.34306			4
2025.06.18	01:34:52.638		1.34305			4
2025.06.18	01:34:54.793	1.34294	1.34299			6
2025.06.18	01:34:55.112	1.34296	1.34300			6
2025.06.18	01:34:56.044	1.34293	1.34297			6
2025.06.18	01:34:56.349	1.34292	1.34301			6
2025.06.18	01:34:57.266		1.34300			4
2025.06.18	01:34:58.186		1.34299			4
2025.06.18	01:35:00.030	1.34292				2
2025.06.18	01:35:00.333		1.34298			4
2025.06.18	01:35:00.649		1.34297			4
2025.06.18	01:35:00.957		1.34298			4
2025.06.18	01:35:01.258	1.34291	1.34296			6
2025.06.18	01:35:01.563	1.34290	1.34295			6
2025.06.18	01:35:02.168	1.34285	1.34289			6
2025.06.18	01:35:02.792	1.34283	1.34287			6
2025.06.18	01:35:03.093	1.34281	1.34290			6
2025.06.18	01:35:03.398	1.34282				2
2025.06.18	01:35:03.705		1.34289			4
2025.06.18	01:35:06.155		1.34288			4
2025.06.18	01:35:08.314		1.34287			4
2025.06.18	01:35:10.175		1.34286			4
2025.06.18	01:35:10.482		1.34287			4
2025.06.18	01:35:11.107		1.34286			4
2025.06.18	01:35:14.170		1.34285			4
2025.06.18	01:35:20.916	1.34283	1.34286			6
2025.06.18	01:35:21.221	1.34282	1.34285			6
2025.06.18	01:35:22.140	1.34281	1.34284			6
2025.06.18	01:35:27.025	1.34282	1.34285			6
2025.06.18	01:35:30.995	1.34283	1.34286			6
2025.06.18	01:35:32.219	1.34282	1.34285			6
2025.06.18	01:35:32.525	1.34283	1.34286			6
2025.06.18	01:35:38.648	1.34282	1.34285			6
2025.06.18	01:35:41.408	1.34281	1.34284			6
2025.06.18	01:35:44.457	1.34277	1.34280			6
2025.06.18	01:35:45.061	1.34275	1.34278			6
2025.06.18	01:35:45.373	1.34274	1.34279			6
2025.06.18	01:35:49.392	1.34275				2
2025.06.18	01:35:49.697	1.34277	1.34281			6
2025.06.18	01:35:50.319	1.34275	1.34284			6
2025.06.18	01:35:50.628	1.34277	1.34286			6
2025.06.18	01:35:51.558	1.34276				2
2025.06.18	01:35:52.169		1.34285			4
2025.06.18	01:35:54.327		1.34284			4
2025.06.18	01:35:55.257		1.34283			4
2025.06.18	01:35:56.180		1.34282			4
2025.06.18	01:35:57.106	1.34277				2
2025.06.18	01:35:58.347		1.34281			4
2025.06.18	01:35:59.255	1.34278				2
2025.06.18	01:36:00.171	1.34277	1.34280			6
2025.06.18	01:36:01.998	1.34276	1.34279			6
2025.06.18	01:36:02.301	1.34272	1.34275			6
2025.06.18	01:36:02.603	1.34271	1.34274			6
2025.06.18	01:36:03.224	1.34268	1.34277			6
2025.06.18	01:36:04.452	1.34272	1.34281			6
2025.06.18	01:36:10.931	1.34273				2
2025.06.18	01:36:11.239	1.34272	1.34280			6
2025.06.18	01:36:11.548	1.34271	1.34279			6
2025.06.18	01:36:11.859	1.34272	1.34280			6
2025.06.18	01:36:12.169		1.34278			4
2025.06.18	01:36:13.405		1.34277			4
2025.06.18	01:36:14.333	1.34273				2
2025.06.18	01:36:14.640	1.34272	1.34276			6
2025.06.18	01:36:15.253	1.34273				2
2025.06.18	01:36:15.859	1.34274	1.34277			6
2025.06.18	01:36:17.071	1.34275	1.34278			6
2025.06.18	01:36:19.208	1.34274	1.34277			6
2025.06.18	01:36:21.970	1.34275	1.34278			6
2025.06.18	01:36:23.502	1.34274	1.34277			6
2025.06.18	01:36:24.413	1.34273	1.34276			6
2025.06.18	01:36:24.715	1.34272	1.34275			6
2025.06.18	01:36:26.240	1.34273	1.34276			6
2025.06.18	01:36:29.608	1.34272	1.34275			6
2025.06.18	01:36:30.223	1.34280	1.34283			6
2025.06.18	01:36:30.524	1.34281	1.34284			6
2025.06.18	01:36:31.132	1.34276	1.34287			6
2025.06.18	01:36:32.986	1.34279	1.34288			6
2025.06.18	01:36:34.221	1.34284	1.34295			6
2025.06.18	01:36:34.524	1.34288	1.34297			6
2025.06.18	01:36:34.842	1.34286	1.34296			6
2025.06.18	01:36:35.769	1.34285				2
2025.06.18	01:36:38.232	1.34287	1.34297			6
2025.06.18	01:36:39.152		1.34296			4
2025.06.18	01:36:40.397	1.34288				2
2025.06.18	01:36:41.322	1.34289	1.34295			6
2025.06.18	01:36:42.247	1.34290				2
2025.06.18	01:36:43.162	1.34291				2
2025.06.18	01:36:44.373	1.34292				2
2025.06.18	01:36:44.688	1.34293	1.34296			6
2025.06.18	01:36:45.300	1.34292	1.34295			6
2025.06.18	01:36:48.365	1.34293	1.34296			6
2025.06.18	01:36:49.589	1.34292	1.34295			6
2025.06.18	01:36:50.198	1.34293	1.34296			6
2025.06.18	01:36:52.637	1.34292	1.34295			6
2025.06.18	01:36:52.940	1.34290	1.34293			6
2025.06.18	01:36:53.244	1.34289	1.34292			6
2025.06.18	01:36:53.561	1.34290	1.34293			6
2025.06.18	01:36:54.181	1.34289	1.34292			6
2025.06.18	01:36:58.465	1.34290	1.34293			6
2025.06.18	01:37:00.000	1.34290				2
2025.06.18	01:37:11.004	1.34289	1.34292			6
2025.06.18	01:37:11.311	1.34290	1.34293			6
2025.06.18	01:37:21.066	1.34291	1.34294			6
2025.06.18	01:37:25.656	1.34290	1.34293			6
2025.06.18	01:37:28.097	1.34289	1.34292			6
2025.06.18	01:37:33.610	1.34290	1.34293			6
2025.06.18	01:37:41.555	1.34289	1.34292			6
2025.06.18	01:37:46.747	1.34290	1.34293			6
2025.06.18	01:37:58.375	1.34289	1.34292			6
2025.06.18	01:38:00.194	1.34289				2
2025.06.18	01:38:05.713	1.34290	1.34293			6
2025.06.18	01:38:12.448	1.34292	1.34295			6
2025.06.18	01:38:13.067	1.34290	1.34293			6
2025.06.18	01:38:17.366	1.34289	1.34292			6
2025.06.18	01:38:32.495	1.34290	1.34293			6
2025.06.18	01:38:35.569	1.34289	1.34292			6
2025.06.18	01:38:35.881	1.34290	1.34293			6
2025.06.18	01:38:38.966	1.34289	1.34292			6
2025.06.18	01:38:47.288	1.34290	1.34293			6
2025.06.18	01:38:48.226	1.34289	1.34292			6
2025.06.18	01:38:52.530	1.34290	1.34293			6
2025.06.18	01:38:52.837	1.34289	1.34292			6
2025.06.18	01:38:53.464	1.34290	1.34293			6
2025.06.18	01:38:58.093	1.34289	1.34292			6
2025.06.18	01:39:00.251	1.34289				2
2025.06.18	01:39:01.485	1.34288	1.34291			6
2025.06.18	01:39:03.332	1.34287				2
2025.06.18	01:39:03.642	1.34288	1.34292			6
2025.06.18	01:39:05.181	1.34287	1.34293			6
2025.06.18	01:39:07.347	1.34288				2
2025.06.18	01:39:09.194	1.34285	1.34289			6
2025.06.18	01:39:10.123	1.34281	1.34291			6
2025.06.18	01:39:12.278	1.34282				2
2025.06.18	01:39:14.128	1.34273	1.34277			6
2025.06.18	01:39:14.436	1.34270	1.34276			6
2025.06.18	01:39:15.353	1.34271	1.34277			6
2025.06.18	01:39:15.662	1.34274	1.34284			6
2025.06.18	01:39:19.365	1.34283	1.34294			6
2025.06.18	01:39:19.680	1.34284				2
2025.06.18	01:39:20.295	1.34283	1.34293			6
2025.06.18	01:39:20.597	1.34282				2
2025.06.18	01:39:21.221	1.34283				2
2025.06.18	01:39:23.375	1.34284				2
2025.06.18	01:39:24.296		1.34292			4
2025.06.18	01:39:24.602	1.34283	1.34291			6
2025.06.18	01:39:25.214	1.34284				2
2025.06.18	01:39:26.146		1.34290			4
2025.06.18	01:39:27.385	1.34285				2
2025.06.18	01:39:27.690	1.34284	1.34289			6
2025.06.18	01:39:27.998	1.34281	1.34286			6
2025.06.18	01:39:28.302		1.34285			4
2025.06.18	01:39:28.918	1.34282	1.34286			6
2025.06.18	01:39:29.220		1.34287			4
2025.06.18	01:39:29.830	1.34281	1.34286			6
2025.06.18	01:39:30.134		1.34285			4
2025.06.18	01:39:33.191	1.34282				2
2025.06.18	01:39:35.641	1.34279	1.34282			6
2025.06.18	01:39:36.859	1.34278	1.34281			6
2025.06.18	01:39:37.164	1.34277	1.34280			6
2025.06.18	01:39:37.468	1.34278	1.34281			6
2025.06.18	01:39:38.383	1.34281	1.34284			6
2025.06.18	01:39:38.684	1.34282	1.34285			6
2025.06.18	01:39:42.674	1.34281	1.34284			6
2025.06.18	01:39:51.519	1.34282	1.34285			6
2025.06.18	01:39:57.300	1.34283	1.34286			6
2025.06.18	01:39:58.220	1.34282	1.34285			6
2025.06.18	01:40:00.052	1.34282				2
2025.06.18	01:40:02.500	1.34281	1.34284			6
2025.06.18	01:40:03.417	1.34280	1.34283			6
2025.06.18	01:40:05.537	1.34281	1.34284			6
2025.06.18	01:40:26.031	1.34274	1.34277			6
2025.06.18	01:40:26.339	1.34272	1.34275			6
2025.06.18	01:40:27.248	1.34268	1.34277			6
2025.06.18	01:40:29.403	1.34269				2
2025.06.18	01:40:30.635		1.34276			4
2025.06.18	01:40:30.942	1.34268				2
2025.06.18	01:40:31.248	1.34269				2
2025.06.18	01:40:32.170		1.34275			4
2025.06.18	01:40:33.392	1.34270				2
2025.06.18	01:40:34.329		1.34274			4
2025.06.18	01:40:37.097	1.34271				2
2025.06.18	01:40:38.313	1.34255	1.34258			6
2025.06.18	01:40:38.618	1.34256	1.34259			6
2025.06.18	01:40:38.920	1.34250	1.34253			6
2025.06.18	01:40:39.224	1.34243	1.34251			6
2025.06.18	01:40:39.535		1.34252			4
2025.06.18	01:40:39.837	1.34238	1.34250			6
2025.06.18	01:40:42.000	1.34239	1.34251			6
2025.06.18	01:40:44.153	1.34240				2
2025.06.18	01:40:45.071	1.34241				2
2025.06.18	01:40:45.380	1.34240	1.34250			6
2025.06.18	01:40:46.304	1.34241				2
2025.06.18	01:40:46.918	1.34242	1.34251			6
2025.06.18	01:40:47.227		1.34249			4
2025.06.18	01:40:48.149		1.34248			4
2025.06.18	01:40:49.379	1.34243				2
2025.06.18	01:40:51.223		1.34247			4
2025.06.18	01:40:53.358	1.34244				2
2025.06.18	01:41:00.102	1.34244				2
2025.06.18	01:41:06.820	1.34243	1.34246			6
2025.06.18	01:41:10.195	1.34244	1.34247			6
2025.06.18	01:41:12.027	1.34242	1.34245			6
2025.06.18	01:41:12.944	1.34241	1.34244			6
2025.06.18	01:41:15.381	1.34242	1.34245			6
2025.06.18	01:41:18.428	1.34241	1.34244			6
2025.06.18	01:41:22.702	1.34244	1.34247			6
2025.06.18	01:41:23.012	1.34240	1.34243			6
2025.06.18	01:41:23.918	1.34238	1.34241			6
2025.06.18	01:41:24.842	1.34237	1.34240			6
2025.06.18	01:41:29.728	1.34238	1.34241			6
2025.06.18	01:41:30.946	1.34240	1.34243			6
2025.06.18	01:41:35.846	1.34239	1.34242			6
2025.06.18	01:41:42.263	1.34240	1.34243			6
2025.06.18	01:41:42.884	1.34239	1.34242			6
2025.06.18	01:41:44.095	1.34241	1.34244			6
2025.06.18	01:41:45.609	1.34240	1.34243			6
2025.06.18	01:41:46.216	1.34242	1.34245			6
2025.06.18	01:41:54.425	1.34241	1.34244			6
2025.06.18	01:41:55.335	1.34242	1.34245			6
2025.06.18	01:42:00.264	1.34242				2
2025.06.18	01:42:01.496	1.34247	1.34250			6
2025.06.18	01:42:02.116	1.34246	1.34251			6
2025.06.18	01:42:02.733		1.34250			4
2025.06.18	01:42:03.047		1.34251			4
2025.06.18	01:42:03.668		1.34250			4
2025.06.18	01:42:04.279		1.34249			4
2025.06.18	01:42:06.132	1.34247	1.34250			6
2025.06.18	01:42:10.416	1.34246	1.34249			6
2025.06.18	01:42:11.340		1.34248			4
2025.06.18	01:42:11.950		1.34249			4
2025.06.18	01:42:14.103		1.34248			4
2025.06.18	01:42:14.414		1.34249			4
2025.06.18	01:42:18.397	1.34245	1.34248			6
2025.06.18	01:42:18.703	1.34246	1.34249			6
2025.06.18	01:42:19.009	1.34245	1.34248			6
2025.06.18	01:42:29.441	1.34246	1.34249			6
2025.06.18	01:42:30.060	1.34245	1.34248			6
2025.06.18	01:42:34.362	1.34246	1.34249			6
2025.06.18	01:42:37.737	1.34245	1.34248			6
2025.06.18	01:42:38.357	1.34246	1.34249			6
2025.06.18	01:42:42.965	1.34247	1.34250			6
2025.06.18	01:42:45.117	1.34246	1.34249			6
2025.06.18	01:42:45.736	1.34247	1.34250			6
2025.06.18	01:42:47.878	1.34249	1.34252			6
2025.06.18	01:42:48.184	1.34248	1.34251			6
2025.06.18	01:42:54.338	1.34250	1.34252			6
2025.06.18	01:42:58.030		1.34253			4
2025.06.18	01:43:00.173	1.34250				2
2025.06.18	01:43:03.555	1.34251				2
2025.06.18	01:43:04.477	1.34250				2
2025.06.18	01:43:20.838	1.34251				2
2025.06.18	01:43:21.145		1.34252			4
2025.06.18	01:43:21.764		1.34253			4
2025.06.18	01:43:24.538		1.34254			4
2025.06.18	01:43:25.465		1.34253			4
2025.06.18	01:43:32.276	1.34249	1.34252			6
2025.06.18	01:43:33.206	1.34247	1.34251			6
2025.06.18	01:43:35.367	1.34248				2
2025.06.18	01:43:35.980	1.34249				2
2025.06.18	01:43:36.601		1.34252			4
2025.06.18	01:43:37.851	1.34248	1.34251			6
2025.06.18	01:43:39.386	1.34249				2
2025.06.18	01:43:40.621	1.34248				2
2025.06.18	01:43:41.863	1.34249				2
2025.06.18	01:43:45.256		1.34252			4
2025.06.18	01:43:45.561	1.34250	1.34253			6
2025.06.18	01:43:57.912	1.34249	1.34251			6
2025.06.18	01:43:58.220	1.34248				2
2025.06.18	01:43:59.145	1.34247				2
2025.06.18	01:44:00.086	1.34248				2
2025.06.18	01:44:01.623	1.34247				2
2025.06.18	01:44:02.245	1.34248				2
2025.06.18	01:44:03.158	1.34249				2
2025.06.18	01:44:08.419	1.34248				2
2025.06.18	01:44:10.281	1.34249				2
2025.06.18	01:44:10.903	1.34248				2
2025.06.18	01:44:11.208	1.34249				2
2025.06.18	01:44:15.540	1.34248				2
2025.06.18	01:44:15.847	1.34247	1.34250			6
2025.06.18	01:44:16.775	1.34249	1.34251			6
2025.06.18	01:44:17.396	1.34246				2
2025.06.18	01:44:21.419	1.34245	1.34250			6
2025.06.18	01:44:22.040	1.34246	1.34251			6
2025.06.18	01:44:28.233	1.34247				2
2025.06.18	01:44:30.381	1.34248				2
2025.06.18	01:44:39.223	1.34249	1.34250			6
2025.06.18	01:44:39.530	1.34248	1.34249			6
2025.06.18	01:44:39.837	1.34247	1.34250			6
2025.06.18	01:44:40.150	1.34248				2
2025.06.18	01:44:40.455	1.34247				2
2025.06.18	01:44:41.371	1.34248				2
2025.06.18	01:44:41.678		1.34251			4
2025.06.18	01:44:44.426	1.34249				2
2025.06.18	01:44:45.036	1.34248				2
2025.06.18	01:44:45.337	1.34249				2
2025.06.18	01:44:51.749	1.34248				2
2025.06.18	01:44:52.059	1.34249				2
2025.06.18	01:44:52.365	1.34248				2
2025.06.18	01:44:55.748	1.34249				2
2025.06.18	01:44:56.051	1.34248				2
2025.06.18	01:45:00.006	1.34248				2
2025.06.18	01:45:00.916	1.34247	1.34250			6
2025.06.18	01:45:01.219	1.34248	1.34251			6
2025.06.18	01:45:03.658	1.34249	1.34252			6
2025.06.18	01:45:03.963	1.34250				2
2025.06.18	01:45:05.170	1.34248				2
2025.06.18	01:45:06.402	1.34249				2
2025.06.18	01:45:08.886	1.34248				2
2025.06.18	01:45:09.189	1.34249				2
2025.06.18	01:45:10.104	1.34248				2
2025.06.18	01:45:11.331	1.34249				2
2025.06.18	01:45:12.858	1.34254	1.34255			6
2025.06.18	01:45:13.476	1.34255	1.34256			6
2025.06.18	01:45:14.393	1.34252	1.34255			6
2025.06.18	01:45:17.178	1.34250				2
2025.06.18	01:45:17.486	1.34249	1.34252			6
2025.06.18	01:45:25.253	1.34250				2
2025.06.18	01:45:26.792	1.34252	1.34255			6
2025.06.18	01:45:27.729	1.34253				2
2025.06.18	01:45:29.274	1.34251	1.34252			6
2025.06.18	01:45:30.202	1.34250				2
2025.06.18	01:45:30.818	1.34249	1.34253			6
2025.06.18	01:45:31.125	1.34250				2
2025.06.18	01:45:31.433	1.34249	1.34252			6
2025.06.18	01:45:31.742	1.34241	1.34246			6
2025.06.18	01:45:32.048		1.34245			4
2025.06.18	01:45:32.355	1.34238				2
2025.06.18	01:45:37.297	1.34239				2
2025.06.18	01:45:38.529	1.34240				2
2025.06.18	01:45:38.837	1.34239				2
2025.06.18	01:45:39.150	1.34240				2
2025.06.18	01:45:41.319	1.34241				2
2025.06.18	01:45:45.283	1.34242				2
2025.06.18	01:45:51.365	1.34248	1.34251			6
2025.06.18	01:45:52.283	1.34246				2
2025.06.18	01:45:52.896		1.34252			4
2025.06.18	01:45:53.201		1.34251			4
2025.06.18	01:45:54.137	1.34247				2
2025.06.18	01:45:57.208	1.34248				2
2025.06.18	01:45:57.813	1.34249				2
2025.06.18	01:45:58.116	1.34248				2
2025.06.18	01:46:00.248	1.34250	1.34253			6
2025.06.18	01:46:00.551	1.34251	1.34254			6
2025.06.18	01:46:02.376		1.34253			4
2025.06.18	01:46:03.300		1.34254			4
2025.06.18	01:46:03.605	1.34253				2
2025.06.18	01:46:05.135	1.34252				2
2025.06.18	01:46:05.438	1.34251				2
2025.06.18	01:46:05.743		1.34252			4
2025.06.18	01:46:06.656	1.34250				2
2025.06.18	01:46:07.272	1.34252	1.34253			6
2025.06.18	01:46:07.578		1.34254			4
2025.06.18	01:46:10.318	1.34251	1.34252			6
2025.06.18	01:46:10.623	1.34245	1.34246			6
2025.06.18	01:46:10.928	1.34246	1.34247			6
2025.06.18	01:46:11.238	1.34243	1.34246			6
2025.06.18	01:46:11.555		1.34245			4
2025.06.18	01:46:11.856		1.34246			4
2025.06.18	01:46:13.696		1.34245			4
2025.06.18	01:46:14.000		1.34246			4
2025.06.18	01:46:14.306	1.34244				2
2025.06.18	01:46:15.230		1.34245			4
2025.06.18	01:46:15.535		1.34246			4
2025.06.18	01:46:16.464		1.34247			4
2025.06.18	01:46:17.381	1.34243				2
2025.06.18	01:46:17.692	1.34244				2
2025.06.18	01:46:18.302	1.34245				2
2025.06.18	01:46:19.524	1.34244	1.34246			6
2025.06.18	01:46:19.832	1.34245				2
2025.06.18	01:46:20.454	1.34244				2
2025.06.18	01:46:20.757	1.34242	1.34245			6
2025.06.18	01:46:25.038	1.34243				2
2025.06.18	01:46:25.644	1.34242				2
2025.06.18	01:46:25.947	1.34246	1.34247			6
2025.06.18	01:46:26.251		1.34249			4
2025.06.18	01:46:27.472	1.34247	1.34250			6
2025.06.18	01:46:28.394	1.34246	1.34249			6
2025.06.18	01:46:28.712	1.34247	1.34250			6
2025.06.18	01:46:29.316	1.34246	1.34249			6
2025.06.18	01:46:30.224	1.34247	1.34250			6
2025.06.18	01:46:32.040	1.34246	1.34249			6
2025.06.18	01:46:32.346	1.34247	1.34250			6
2025.06.18	01:46:32.651	1.34246	1.34249			6
2025.06.18	01:46:33.271		1.34247			4
2025.06.18	01:46:39.391		1.34249			4
2025.06.18	01:46:41.533		1.34247			4
2025.06.18	01:46:45.510		1.34249			4
2025.06.18	01:46:51.017		1.34247			4
2025.06.18	01:46:54.368	1.34247	1.34248			6
2025.06.18	01:46:55.276	1.34245	1.34246			6
2025.06.18	01:46:55.578	1.34246	1.34247			6
2025.06.18	01:46:58.043	1.34248	1.34251			6
2025.06.18	01:46:58.345	1.34249	1.34252			6
2025.06.18	01:46:58.651	1.34248	1.34251			6
2025.06.18	01:46:59.264	1.34249				2
2025.06.18	01:47:00.193	1.34249				2
2025.06.18	01:47:04.468		1.34252			4
2025.06.18	01:47:05.381		1.34251			4
2025.06.18	01:47:05.687	1.34258	1.34260			6
2025.06.18	01:47:05.990		1.34261			4
2025.06.18	01:47:06.293	1.34256	1.34260			6
2025.06.18	01:47:07.209		1.34261			4
2025.06.18	01:47:09.356		1.34263			4
2025.06.18	01:47:14.584		1.34257			4
2025.06.18	01:47:14.887	1.34255				2
2025.06.18	01:47:15.200	1.34256	1.34258			6
2025.06.18	01:47:17.979		1.34257			4
2025.06.18	01:47:18.281	1.34258	1.34262			6
2025.06.18	01:47:18.593		1.34260			4
2025.06.18	01:47:18.908	1.34256	1.34258			6
2025.06.18	01:47:19.209		1.34257			4
2025.06.18	01:47:19.817		1.34258			4
2025.06.18	01:47:25.044		1.34257			4
2025.06.18	01:47:25.350	1.34258	1.34261			6
2025.06.18	01:47:30.244		1.34260			4
2025.06.18	01:47:30.553		1.34261			4
2025.06.18	01:47:35.423		1.34260			4
2025.06.18	01:47:35.735	1.34256	1.34259			6
2025.06.18	01:47:36.038	1.34257	1.34260			6
2025.06.18	01:47:39.412	1.34258	1.34261			6
2025.06.18	01:47:39.717	1.34257	1.34260			6
2025.06.18	01:47:45.521	1.34272	1.34273			6
2025.06.18	01:47:45.830	1.34275	1.34278			6
2025.06.18	01:47:46.138	1.34271	1.34272			6
2025.06.18	01:47:46.753	1.34270	1.34271			6
2025.06.18	01:47:47.058	1.34269	1.34270			6
2025.06.18	01:47:47.359	1.34264	1.34266			6
2025.06.18	01:47:47.664	1.34261				2
2025.06.18	01:47:47.970	1.34260	1.34267			6
2025.06.18	01:47:51.038		1.34265			4
2025.06.18	01:47:51.355		1.34266			4
2025.06.18	01:47:53.822		1.34267			4
2025.06.18	01:47:54.749		1.34266			4
2025.06.18	01:47:57.219	1.34261				2
2025.06.18	01:47:59.371		1.34265			4
2025.06.18	01:48:00.286	1.34261				2
2025.06.18	01:48:01.209	1.34262				2
2025.06.18	01:48:03.060	1.34263	1.34266			6
2025.06.18	01:48:03.368	1.34264	1.34267			6
2025.06.18	01:48:03.671	1.34267	1.34270			6
2025.06.18	01:48:05.827		1.34269			4
2025.06.18	01:48:08.570	1.34268	1.34271			6
2025.06.18	01:48:14.703	1.34271	1.34273			6
2025.06.18	01:48:15.007	1.34270				2
2025.06.18	01:48:15.621		1.34272			4
2025.06.18	01:48:15.929	1.34268	1.34271			6
2025.06.18	01:48:20.513	1.34267	1.34270			6
2025.06.18	01:48:20.818	1.34268	1.34271			6
2025.06.18	01:48:21.422	1.34269				2
2025.06.18	01:48:21.730	1.34268				2
2025.06.18	01:48:24.184	1.34272	1.34274			6
2025.06.18	01:48:24.485	1.34271	1.34272			6
2025.06.18	01:48:25.094	1.34270				2
2025.06.18	01:48:25.400		1.34273			4
2025.06.18	01:48:25.705	1.34269	1.34272			6
2025.06.18	01:48:26.312	1.34273	1.34276			6
2025.06.18	01:48:26.618	1.34275				2
2025.06.18	01:48:27.236	1.34273				2
2025.06.18	01:48:30.608	1.34274				2
2025.06.18	01:48:31.517	1.34273				2
2025.06.18	01:48:31.820	1.34272	1.34274			6
2025.06.18	01:48:33.969		1.34275			4
2025.06.18	01:48:34.279	1.34273	1.34276			6
2025.06.18	01:48:36.105		1.34275			4
2025.06.18	01:48:36.408		1.34276			4
2025.06.18	01:48:40.388		1.34275			4
2025.06.18	01:48:40.693		1.34276			4
2025.06.18	01:48:41.300		1.34275			4
2025.06.18	01:48:41.614		1.34276			4
2025.06.18	01:48:48.962	1.34272	1.34273			6
2025.06.18	01:48:49.886	1.34271				2
2025.06.18	01:48:50.192	1.34272				2
2025.06.18	01:48:50.501	1.34271				2
2025.06.18	01:48:50.809	1.34272				2
2025.06.18	01:48:52.653	1.34271	1.34274			6
2025.06.18	01:48:53.874		1.34273			4
2025.06.18	01:48:55.100	1.34269	1.34272			6
2025.06.18	01:48:56.315	1.34270	1.34271			6
2025.06.18	01:48:56.623	1.34269	1.34270			6
2025.06.18	01:48:57.227	1.34268				2
2025.06.18	01:48:57.529		1.34269			4
2025.06.18	01:48:57.833	1.34267	1.34270			6
2025.06.18	01:48:59.362	1.34268	1.34271			6
2025.06.18	01:48:59.970	1.34269	1.34272			6
2025.06.18	01:49:00.276	1.34269				2
2025.06.18	01:49:02.106	1.34272	1.34275			6
2025.06.18	01:49:02.415	1.34271	1.34273			6
2025.06.18	01:49:02.719		1.34274			4
2025.06.18	01:49:03.029	1.34272				2
2025.06.18	01:49:03.337	1.34271				2
2025.06.18	01:49:08.250	1.34272				2
2025.06.18	01:49:09.179	1.34271				2
2025.06.18	01:49:15.077		1.34273			4
2025.06.18	01:49:16.933	1.34270				2
2025.06.18	01:49:20.961	1.34271	1.34274			6
2025.06.18	01:49:28.082	1.34267	1.34268			6
2025.06.18	01:49:28.396	1.34269	1.34271			6
2025.06.18	01:49:28.703	1.34266	1.34268			6
2025.06.18	01:49:29.325	1.34265				2
2025.06.18	01:49:32.111	1.34266				2
2025.06.18	01:49:44.165	1.34267	1.34270			6
2025.06.18	01:49:45.400		1.34269			4
2025.06.18	01:49:45.703		1.34270			4
2025.06.18	01:49:46.004	1.34268	1.34271			6
2025.06.18	01:49:48.487	1.34267	1.34270			6
2025.06.18	01:49:51.577	1.34268	1.34271			6
2025.06.18	01:49:52.203	1.34267	1.34269			6
2025.06.18	01:49:52.507		1.34270			4
2025.06.18	01:49:53.140	1.34268	1.34271			6
2025.06.18	01:50:00.222	1.34268				2
2025.06.18	01:50:02.382	1.34267	1.34270			6
2025.06.18	01:50:04.842	1.34265	1.34268			6
2025.06.18	01:50:05.148	1.34266				2
2025.06.18	01:50:07.300	1.34265				2
2025.06.18	01:50:10.978	1.34264	1.34266			6
2025.06.18	01:50:11.284	1.34262	1.34265			6
2025.06.18	01:50:12.211	1.34261	1.34266			6
2025.06.18	01:50:12.516	1.34262	1.34265			6
2025.06.18	01:50:12.829		1.34267			4
2025.06.18	01:50:13.439		1.34265			4
2025.06.18	01:50:13.746	1.34261	1.34266			6
2025.06.18	01:50:14.370		1.34265			4
2025.06.18	01:50:14.676	1.34262	1.34266			6
2025.06.18	01:50:14.986	1.34261	1.34265			6
2025.06.18	01:50:15.292	1.34262	1.34267			6
2025.06.18	01:50:15.601		1.34266			4
2025.06.18	01:50:15.906	1.34261				2
2025.06.18	01:50:16.206		1.34265			4
2025.06.18	01:50:16.517	1.34262	1.34266			6
2025.06.18	01:50:17.439	1.34261	1.34265			6
2025.06.18	01:50:17.745	1.34260	1.34264			6
2025.06.18	01:50:19.293	1.34261				2
2025.06.18	01:50:21.453	1.34260	1.34263			6
2025.06.18	01:50:21.761	1.34261	1.34264			6
2025.06.18	01:50:29.451		1.34263			4
2025.06.18	01:50:30.691	1.34260				2
2025.06.18	01:50:30.996	1.34261	1.34264			6
2025.06.18	01:50:33.161	1.34260	1.34263			6
2025.06.18	01:50:33.466	1.34261				2
2025.06.18	01:50:34.404	1.34260				2
2025.06.18	01:50:35.012	1.34261				2
2025.06.18	01:50:35.936	1.34260				2
2025.06.18	01:50:36.241	1.34261				2
2025.06.18	01:50:37.157	1.34260				2
2025.06.18	01:50:39.615	1.34261				2
2025.06.18	01:50:41.153	1.34260				2
2025.06.18	01:50:42.683	1.34261	1.34264			6
2025.06.18	01:50:42.988	1.34260	1.34262			6
2025.06.18	01:50:43.291	1.34259				2
2025.06.18	01:50:43.899	1.34258	1.34261			6
2025.06.18	01:50:44.209	1.34256	1.34263			6
2025.06.18	01:50:45.132	1.34254				2
2025.06.18	01:50:45.434	1.34256				2
2025.06.18	01:50:46.966	1.34255	1.34262			6
2025.06.18	01:50:47.581		1.34263			4
2025.06.18	01:50:48.194	1.34252	1.34257			6
2025.06.18	01:50:48.500	1.34251				2
2025.06.18	01:50:48.810		1.34258			4
2025.06.18	01:50:50.032		1.34257			4
2025.06.18	01:50:53.740		1.34256			4
2025.06.18	01:50:54.669		1.34255			4
2025.06.18	01:50:54.969		1.34256			4
2025.06.18	01:50:55.286	1.34250	1.34257			6
2025.06.18	01:50:55.601		1.34256			4
2025.06.18	01:50:56.525		1.34258			4
2025.06.18	01:50:58.365	1.34251				2
2025.06.18	01:50:59.285	1.34252	1.34257			6
2025.06.18	01:51:00.203	1.34252	1.34256			6
2025.06.18	01:51:02.344	1.34253				2
2025.06.18	01:51:02.958	1.34252	1.34255			6
2025.06.18	01:51:03.264	1.34251	1.34253			6
2025.06.18	01:51:04.500		1.34254			4
2025.06.18	01:51:10.251	1.34253	1.34255			6
2025.06.18	01:51:10.552	1.34252	1.34254			6
2025.06.18	01:51:12.081	1.34251				2
2025.06.18	01:51:21.845	1.34252	1.34255			6
2025.06.18	01:51:22.150		1.34254			4
2025.06.18	01:51:22.452	1.34251				2
2025.06.18	01:51:23.370		1.34253			4
2025.06.18	01:51:23.679	1.34250				2
2025.06.18	01:51:25.522		1.34252			4
2025.06.18	01:51:26.432	1.34249				2
2025.06.18	01:51:30.090	1.34250	1.34253			6
2025.06.18	01:51:32.841	1.34249	1.34252			6
2025.06.18	01:51:33.147	1.34250	1.34253			6
2025.06.18	01:51:33.455	1.34251				2
2025.06.18	01:51:34.688	1.34250				2
2025.06.18	01:51:34.998	1.34251				2
2025.06.18	01:51:35.615		1.34254			4
2025.06.18	01:51:42.030	1.34252	1.34255			6
2025.06.18	01:51:48.173	1.34253	1.34256			6
2025.06.18	01:51:48.483	1.34252	1.34255			6
2025.06.18	01:51:52.438	1.34253	1.34256			6
2025.06.18	01:51:52.741	1.34260	1.34263			6
2025.06.18	01:51:53.358	1.34255				2
2025.06.18	01:51:56.436	1.34256				2
2025.06.18	01:51:59.514	1.34254	1.34261			6
2025.06.18	01:52:00.135	1.34254				2
2025.06.18	01:52:00.439		1.34262			4
2025.06.18	01:52:02.296	1.34256				2
2025.06.18	01:52:02.915		1.34263			4
2025.06.18	01:52:03.218	1.34257				2
2025.06.18	01:52:04.147	1.34258				2
2025.06.18	01:52:04.759	1.34257				2
2025.06.18	01:52:05.068	1.34258				2
2025.06.18	01:52:05.374		1.34264			4
2025.06.18	01:52:06.298	1.34259				2
2025.06.18	01:52:06.914	1.34260	1.34263			6
2025.06.18	01:52:09.352	1.34261				2
2025.06.18	01:52:12.414	1.34262				2
2025.06.18	01:52:14.569	1.34261				2
2025.06.18	01:52:29.840		1.34264			4
2025.06.18	01:52:32.279	1.34260	1.34263			6
2025.06.18	01:52:33.491	1.34261				2
2025.06.18	01:52:39.577	1.34262				2
2025.06.18	01:52:39.881	1.34261				2
2025.06.18	01:52:42.627	1.34260				2
2025.06.18	01:52:42.931	1.34261				2
2025.06.18	01:52:46.585	1.34263	1.34266			6
2025.06.18	01:52:46.890	1.34271	1.34273			6
2025.06.18	01:52:47.191	1.34266	1.34274			6
2025.06.18	01:52:47.492	1.34268	1.34275			6
2025.06.18	01:52:52.409	1.34279	1.34283			6
2025.06.18	01:52:52.715	1.34276				2
2025.06.18	01:52:54.249	1.34275				2
2025.06.18	01:52:55.481		1.34282			4
2025.06.18	01:52:56.396	1.34276				2
2025.06.18	01:52:56.700	1.34274	1.34278			6
2025.06.18	01:52:57.626		1.34280			4
2025.06.18	01:52:57.942		1.34281			4
2025.06.18	01:52:58.549	1.34279	1.34280			6
2025.06.18	01:52:59.772	1.34275	1.34279			6
2025.06.18	01:53:00.083	1.34275				2
2025.06.18	01:53:01.920	1.34273				2
2025.06.18	01:53:02.847	1.34272				2
2025.06.18	01:53:03.152		1.34278			4
2025.06.18	01:53:03.460	1.34278	1.34284			6
2025.06.18	01:53:04.379	1.34279				2
2025.06.18	01:53:05.302	1.34278	1.34285			6
2025.06.18	01:53:07.128		1.34284			4
2025.06.18	01:53:08.353	1.34279				2
2025.06.18	01:53:09.270		1.34283			4
2025.06.18	01:53:09.876	1.34280	1.34284			6
2025.06.18	01:53:11.112	1.34281				2
2025.06.18	01:53:13.243	1.34278	1.34281			6
2025.06.18	01:53:15.068	1.34279	1.34282			6
2025.06.18	01:53:15.370	1.34280	1.34283			6
2025.06.18	01:53:15.677	1.34281				2
2025.06.18	01:53:17.494	1.34280				2
2025.06.18	01:53:18.099		1.34282			4
2025.06.18	01:53:18.409	1.34281	1.34283			6
2025.06.18	01:53:18.714	1.34279	1.34282			6
2025.06.18	01:53:19.021	1.34277	1.34280			6
2025.06.18	01:53:19.935	1.34279	1.34281			6
2025.06.18	01:53:20.238	1.34277	1.34280			6
2025.06.18	01:53:20.543	1.34276	1.34279			6
2025.06.18	01:53:21.447	1.34277	1.34280			6
2025.06.18	01:53:23.288	1.34276	1.34279			6
2025.06.18	01:53:27.260	1.34277				2
2025.06.18	01:53:27.867	1.34276				2
2025.06.18	01:53:29.395	1.34274	1.34277			6
2025.06.18	01:53:30.007	1.34264	1.34267			6
2025.06.18	01:53:30.310	1.34271	1.34274			6
2025.06.18	01:53:30.611	1.34270	1.34273			6
2025.06.18	01:53:31.227	1.34272	1.34275			6
2025.06.18	01:53:31.533	1.34271	1.34274			6
2025.06.18	01:53:31.837	1.34272	1.34275			6
2025.06.18	01:53:32.444	1.34271	1.34274			6
2025.06.18	01:53:33.996	1.34272	1.34275			6
2025.06.18	01:53:34.296	1.34271	1.34274			6
2025.06.18	01:53:34.913	1.34272	1.34275			6
2025.06.18	01:53:42.257	1.34271	1.34274			6
2025.06.18	01:53:53.845	1.34272	1.34275			6
2025.06.18	01:54:00.238	1.34272				2
2025.06.18	01:54:04.530	1.34273	1.34276			6
2025.06.18	01:54:31.414	1.34272	1.34275			6
2025.06.18	01:54:36.344	1.34273	1.34276			6
2025.06.18	01:54:38.193	1.34271	1.34274			6
2025.06.18	01:54:41.281	1.34269	1.34272			6
2025.06.18	01:54:42.200	1.34268				2
2025.06.18	01:54:42.819		1.34271			4
2025.06.18	01:54:46.204	1.34269	1.34272			6
2025.06.18	01:54:47.125	1.34270	1.34274			6
2025.06.18	01:54:48.360	1.34269	1.34275			6
