<DATE>	<TIME>	<BID>	<ASK>	<LAST>	<VOLUME>	<FLAGS>
2025.09.15	00:03:30.858	1.35561	1.35614			6
2025.09.15	00:06:14.674	1.35460	1.35694			6
2025.09.15	00:06:16.520	1.35459	1.35693			6
2025.09.15	00:06:31.929	1.35458	1.35692			6
2025.09.15	00:06:53.850	1.35456	1.35690			6
2025.09.15	00:07:00.026	1.35456				2
2025.09.15	00:07:02.499	1.35458	1.35692			6
2025.09.15	00:07:12.713	1.35457	1.35691			6
2025.09.15	00:07:28.777	1.35456	1.35690			6
2025.09.15	00:07:38.966	1.35422	1.35656			6
2025.09.15	00:07:40.198	1.35420	1.35654			6
2025.09.15	00:08:00.037	1.35420				2
2025.09.15	00:08:01.583	1.35418	1.35652			6
2025.09.15	00:08:03.745	1.35419	1.35653			6
2025.09.15	00:08:07.437	1.35418	1.35652			6
2025.09.15	00:08:07.749	1.35419	1.35653			6
2025.09.15	00:08:13.607	1.35418	1.35652			6
2025.09.15	00:08:18.556	1.35419	1.35653			6
2025.09.15	00:08:20.708	1.35418	1.35652			6
2025.09.15	00:08:45.408	1.35420	1.35654			6
2025.09.15	00:09:00.181	1.35420				2
2025.09.15	00:09:00.795	1.35418	1.35652			6
2025.09.15	00:09:19.892	1.35423	1.35657			6
2025.09.15	00:09:21.128	1.35424	1.35658			6
2025.09.15	00:09:31.608	1.35396	1.35630			6
2025.09.15	00:09:34.699	1.35395	1.35629			6
2025.09.15	00:09:37.786	1.35394	1.35628			6
2025.09.15	00:09:50.750	1.35393	1.35627			6
2025.09.15	00:09:55.686	1.35392	1.35626			6
2025.09.15	00:10:00.015	1.35392				2
2025.09.15	00:10:07.714	1.35388	1.35622			6
2025.09.15	00:10:08.336	1.35398	1.35632			6
2025.09.15	00:10:13.270	1.35397	1.35631			6
2025.09.15	00:10:18.518	1.35396	1.35630			6
2025.09.15	00:10:19.133	1.35412	1.35646			6
2025.09.15	00:10:20.990	1.35413	1.35647			6
2025.09.15	00:10:24.388	1.35412	1.35646			6
2025.09.15	00:10:26.235	1.35414	1.35648			6
2025.09.15	00:10:31.179	1.35413	1.35647			6
2025.09.15	00:10:33.951	1.35412	1.35646			6
2025.09.15	00:10:46.913	1.35411	1.35645			6
2025.09.15	00:10:52.169	1.35410	1.35644			6
2025.09.15	00:11:00.196	1.35410				2
2025.09.15	00:11:03.893	1.35409	1.35643			6
2025.09.15	00:11:08.517	1.35408	1.35642			6
2025.09.15	00:11:20.834	1.35407	1.35641			6
2025.09.15	00:11:25.800	1.35406	1.35640			6
2025.09.15	00:11:52.995	1.35405	1.35639			6
2025.09.15	00:11:57.614	1.35424	1.35658			6
2025.09.15	00:11:59.764	1.35423	1.35657			6
2025.09.15	00:12:00.074	1.35423				2
2025.09.15	00:12:02.234	1.35424	1.35658			6
2025.09.15	00:12:07.488	1.35423	1.35657			6
2025.09.15	00:12:12.126	1.35424	1.35658			6
2025.09.15	00:12:31.273	1.35403	1.35637			6
2025.09.15	00:12:42.083	1.35404	1.35638			6
2025.09.15	00:12:43.321	1.35403	1.35637			6
2025.09.15	00:12:48.868	1.35404	1.35638			6
2025.09.15	00:12:49.478	1.35406	1.35640			6
2025.09.15	00:13:00.265	1.35400	1.35634			6
2025.09.15	00:13:09.157	1.35401	1.35635			6
2025.09.15	00:13:20.522	1.35400	1.35634			6
2025.09.15	00:13:30.674	1.35401	1.35635			6
2025.09.15	00:13:40.220	1.35402	1.35636			6
2025.09.15	00:13:44.534	1.35403	1.35637			6
2025.09.15	00:13:54.099	1.35409	1.35643			6
2025.09.15	00:13:57.184	1.35406	1.35640			6
2025.09.15	00:14:00.268	1.35406				2
2025.09.15	00:14:07.680	1.35407	1.35641			6
2025.09.15	00:14:12.612	1.35406	1.35640			6
2025.09.15	00:14:15.396	1.35407	1.35641			6
2025.09.15	00:14:27.431	1.35408	1.35642			6
2025.09.15	00:14:33.301	1.35409	1.35643			6
2025.09.15	00:14:37.312	1.35410	1.35644			6
2025.09.15	00:14:42.252	1.35409	1.35643			6
2025.09.15	00:14:54.329	1.35410	1.35644			6
2025.09.15	00:14:55.867	1.35409	1.35643			6
2025.09.15	00:15:00.199	1.35409				2
2025.09.15	00:15:00.514	1.35436	1.35670			6
2025.09.15	00:15:00.819	1.35435	1.35669			6
2025.09.15	00:15:01.443	1.35434	1.35668			6
2025.09.15	00:15:01.752	1.35432	1.35666			6
2025.09.15	00:15:02.071	1.35431	1.35665			6
2025.09.15	00:15:03.926	1.35430	1.35664			6
2025.09.15	00:15:10.105	1.35431	1.35665			6
2025.09.15	00:15:11.034	1.35432	1.35666			6
2025.09.15	00:15:15.031	1.35431	1.35665			6
2025.09.15	00:15:19.046	1.35423	1.35657			6
2025.09.15	00:15:23.678	1.35422	1.35656			6
2025.09.15	00:15:27.384	1.35408	1.35642			6
2025.09.15	00:15:31.709	1.35407	1.35641			6
2025.09.15	00:15:34.483	1.35408	1.35642			6
2025.09.15	00:15:39.728	1.35407	1.35641			6
2025.09.15	00:15:40.032	1.35408	1.35642			6
2025.09.15	00:15:54.547	1.35410	1.35644			6
2025.09.15	00:15:56.717	1.35409	1.35643			6
2025.09.15	00:16:00.117	1.35409				2
2025.09.15	00:16:01.672	1.35410	1.35644			6
2025.09.15	00:16:06.944	1.35409	1.35643			6
2025.09.15	00:16:07.870	1.35412	1.35646			6
2025.09.15	00:16:08.176	1.35409	1.35643			6
2025.09.15	00:16:10.942	1.35410	1.35644			6
2025.09.15	00:16:16.510	1.35409	1.35643			6
2025.09.15	00:16:22.391	1.35410	1.35644			6
2025.09.15	00:16:27.629	1.35400	1.35634			6
2025.09.15	00:16:32.588	1.35401	1.35635			6
2025.09.15	00:16:54.837	1.35400	1.35634			6
2025.09.15	00:16:56.074	1.35401	1.35635			6
2025.09.15	00:17:00.076	1.35401				2
2025.09.15	00:17:01.919	1.35402	1.35636			6
2025.09.15	00:17:10.874	1.35393	1.35627			6
2025.09.15	00:17:17.055	1.35394	1.35628			6
2025.09.15	00:17:18.278	1.35393	1.35627			6
2025.09.15	00:17:22.287	1.35394	1.35628			6
2025.09.15	00:17:23.526	1.35393	1.35627			6
2025.09.15	00:17:28.153	1.35394	1.35628			6
2025.09.15	00:17:29.388	1.35393	1.35627			6
2025.09.15	00:17:35.253	1.35392	1.35626			6
2025.09.15	00:17:36.799	1.35393	1.35627			6
2025.09.15	00:17:39.586	1.35392	1.35626			6
2025.09.15	00:18:00.240	1.35392				2
2025.09.15	00:18:30.492	1.35393				2
2025.09.15	00:18:39.751		1.35626			4
2025.09.15	00:18:43.452	1.35394				2
2025.09.15	00:18:58.872	1.35395				2
2025.09.15	00:19:00.102	1.35395				2
2025.09.15	00:19:06.578		1.35627			4
2025.09.15	00:19:08.737	1.35396				2
2025.09.15	00:19:09.044		1.35626			4
2025.09.15	00:19:12.755	1.35395				2
2025.09.15	00:19:15.223	1.35396				2
2025.09.15	00:19:33.111	1.35397				2
2025.09.15	00:19:54.679	1.35398				2
2025.09.15	00:20:00.232	1.35398				2
2025.09.15	00:20:09.186		1.35626			4
2025.09.15	00:20:18.760	1.35399				2
2025.09.15	00:20:20.607		1.35627			4
2025.09.15	00:20:23.081		1.35626			4
2025.09.15	00:20:34.492		1.35627			4
2025.09.15	00:20:40.660		1.35626			4
2025.09.15	00:20:41.283	1.35400				2
2025.09.15	00:20:56.397		1.35627			4
2025.09.15	00:21:00.105	1.35400				2
2025.09.15	00:21:01.963		1.35626			4
2025.09.15	00:21:17.419	1.35401				2
2025.09.15	00:21:20.504		1.35627			4
2025.09.15	00:21:26.982		1.35626			4
2025.09.15	00:21:49.511		1.35627			4
2025.09.15	00:21:53.831		1.35626			4
2025.09.15	00:22:00.000	1.35401				2
2025.09.15	00:22:53.987		1.35626			4
2025.09.15	00:23:00.156	1.35401				2
2025.09.15	00:23:04.480	1.35402	1.35628			6
2025.09.15	00:23:43.683		1.35634			4
2025.09.15	00:23:44.608		1.35628			4
2025.09.15	00:23:51.403		1.35634			4
2025.09.15	00:23:52.346		1.35628			4
2025.09.15	00:23:52.654		1.35634			4
2025.09.15	00:23:53.580		1.35628			4
2025.09.15	00:23:53.884		1.35634			4
2025.09.15	00:23:54.818		1.35628			4
2025.09.15	00:23:55.743		1.35634			4
2025.09.15	00:23:56.674		1.35628			4
2025.09.15	00:23:57.595		1.35634			4
2025.09.15	00:23:58.526		1.35628			4
2025.09.15	00:23:59.750		1.35634			4
2025.09.15	00:24:00.062	1.35402				2
2025.09.15	00:24:00.676		1.35628			4
2025.09.15	00:24:01.297		1.35634			4
2025.09.15	00:24:03.451		1.35628			4
2025.09.15	00:24:03.758		1.35634			4
2025.09.15	00:24:05.619		1.35628			4
2025.09.15	00:24:05.934		1.35634			4
2025.09.15	00:24:06.856		1.35628			4
2025.09.15	00:24:07.471		1.35634			4
2025.09.15	00:24:08.716		1.35628			4
2025.09.15	00:24:09.329		1.35634			4
2025.09.15	00:24:12.725		1.35628			4
2025.09.15	00:24:13.649		1.35634			4
2025.09.15	00:24:14.574		1.35628			4
2025.09.15	00:24:15.497		1.35634			4
2025.09.15	00:24:16.731		1.35628			4
2025.09.15	00:24:17.349		1.35634			4
2025.09.15	00:24:21.363		1.35628			4
2025.09.15	00:24:21.666		1.35634			4
2025.09.15	00:24:22.595		1.35628			4
2025.09.15	00:24:23.525		1.35634			4
2025.09.15	00:24:24.456		1.35628			4
2025.09.15	00:24:25.692		1.35634			4
2025.09.15	00:24:27.540		1.35628			4
2025.09.15	00:24:30.624		1.35634			4
2025.09.15	00:24:32.483		1.35628			4
2025.09.15	00:24:35.252		1.35634			4
2025.09.15	00:24:38.642		1.35628			4
2025.09.15	00:24:42.658		1.35634			4
2025.09.15	00:24:43.587		1.35628			4
2025.09.15	00:24:44.516		1.35634			4
2025.09.15	00:24:45.452		1.35628			4
2025.09.15	00:24:46.685		1.35634			4
2025.09.15	00:24:47.612		1.35628			4
2025.09.15	00:24:51.620		1.35634			4
2025.09.15	00:24:52.551		1.35628			4
2025.09.15	00:24:54.710		1.35634			4
2025.09.15	00:24:55.635		1.35628			4
2025.09.15	00:24:58.717		1.35634			4
2025.09.15	00:24:59.641		1.35628			4
2025.09.15	00:25:00.267	1.35402				2
2025.09.15	00:25:03.352	1.35399	1.35632			6
2025.09.15	00:25:04.276		1.35626			4
2025.09.15	00:25:08.613		1.35632			4
2025.09.15	00:25:09.540		1.35626			4
2025.09.15	00:25:11.398		1.35632			4
2025.09.15	00:25:12.321		1.35626			4
2025.09.15	00:25:17.572	1.35403	1.35632			6
2025.09.15	00:25:19.741		1.35626			4
2025.09.15	00:25:20.365		1.35632			4
2025.09.15	00:25:21.288		1.35626			4
2025.09.15	00:25:26.848		1.35623			4
2025.09.15	00:25:27.472	1.35400				2
2025.09.15	00:25:27.779	1.35399	1.35628			6
2025.09.15	00:25:29.634		1.35622			4
2025.09.15	00:25:36.736		1.35628			4
2025.09.15	00:25:37.656		1.35622			4
2025.09.15	00:25:48.449		1.35628			4
2025.09.15	00:25:49.376		1.35622			4
2025.09.15	00:25:49.690		1.35628			4
2025.09.15	00:25:51.534		1.35622			4
2025.09.15	00:25:57.383		1.35628			4
2025.09.15	00:25:58.312		1.35622			4
2025.09.15	00:26:00.153	1.35399				2
2025.09.15	00:26:01.699		1.35628			4
2025.09.15	00:26:02.624		1.35622			4
2025.09.15	00:26:05.398		1.35628			4
2025.09.15	00:26:06.324		1.35622			4
2025.09.15	00:26:12.515		1.35628			4
2025.09.15	00:26:13.743		1.35622			4
2025.09.15	00:26:14.358		1.35628			4
2025.09.15	00:26:15.595		1.35622			4
2025.09.15	00:26:22.710		1.35628			4
2025.09.15	00:26:23.638		1.35622			4
2025.09.15	00:26:25.486		1.35628			4
2025.09.15	00:26:26.416		1.35622			4
2025.09.15	00:26:32.598		1.35628			4
2025.09.15	00:26:33.519		1.35622			4
2025.09.15	00:26:36.605		1.35628			4
2025.09.15	00:26:37.530		1.35622			4
2025.09.15	00:26:44.325		1.35628			4
2025.09.15	00:26:46.490		1.35622			4
2025.09.15	00:26:53.285		1.35628			4
2025.09.15	00:26:54.517		1.35622			4
2025.09.15	00:26:57.912		1.35628			4
2025.09.15	00:26:58.847		1.35622			4
2025.09.15	00:27:00.077	1.35399				2
2025.09.15	00:27:02.540		1.35628			4
2025.09.15	00:27:03.468		1.35622			4
2025.09.15	00:27:04.085	1.35398				2
2025.09.15	00:27:07.779		1.35628			4
2025.09.15	00:27:08.706		1.35622			4
2025.09.15	00:27:10.557		1.35628			4
2025.09.15	00:27:11.477		1.35622			4
2025.09.15	00:27:18.594		1.35628			4
2025.09.15	00:27:19.518		1.35622			4
2025.09.15	00:27:20.441		1.35628			4
2025.09.15	00:27:21.367		1.35622			4
2025.09.15	00:27:28.783		1.35628			4
2025.09.15	00:27:30.636		1.35622			4
2025.09.15	00:27:38.346		1.35628			4
2025.09.15	00:27:40.516		1.35622			4
2025.09.15	00:27:47.306		1.35628			4
2025.09.15	00:27:48.556		1.35622			4
2025.09.15	00:27:50.716		1.35628			4
2025.09.15	00:27:51.639		1.35622			4
2025.09.15	00:27:57.518		1.35627			4
2025.09.15	00:27:58.447		1.35622			4
2025.09.15	00:28:00.312	1.35398				2
2025.09.15	00:28:03.700		1.35627			4
2025.09.15	00:28:05.563		1.35622			4
2025.09.15	00:28:05.874	1.35397				2
2025.09.15	00:28:06.498		1.35627			4
2025.09.15	00:28:07.415		1.35622			4
2025.09.15	00:28:14.531		1.35627			4
2025.09.15	00:28:15.456		1.35622			4
2025.09.15	00:28:15.760	1.35398				2
2025.09.15	00:28:17.618		1.35627			4
2025.09.15	00:28:18.535		1.35622			4
2025.09.15	00:28:24.701	1.35401	1.35628			6
2025.09.15	00:28:25.630		1.35622			4
2025.09.15	00:28:27.792	1.35398	1.35627			6
2025.09.15	00:28:28.719	1.35401	1.35622			6
2025.09.15	00:28:32.413		1.35628			4
2025.09.15	00:28:33.340		1.35622			4
2025.09.15	00:28:40.737		1.35628			4
2025.09.15	00:28:43.519		1.35622			4
2025.09.15	00:28:50.306		1.35628			4
2025.09.15	00:28:51.549		1.35622			4
2025.09.15	00:28:54.627		1.35628			4
2025.09.15	00:28:56.477		1.35622			4
2025.09.15	00:29:00.189	1.35401				2
2025.09.15	00:29:00.501		1.35628			4
2025.09.15	00:29:01.426		1.35622			4
2025.09.15	00:29:05.438		1.35620			4
2025.09.15	00:29:08.216	1.35400				2
2025.09.15	00:29:08.516	1.35395	1.35614			6
2025.09.15	00:29:08.837	1.35393				2
2025.09.15	00:29:11.300	1.35394	1.35620			6
2025.09.15	00:29:17.464	1.35393	1.35614			6
2025.09.15	00:29:18.387	1.35394	1.35620			6
2025.09.15	00:29:25.482	1.35393	1.35614			6
2025.09.15	00:29:26.720	1.35392				2
2025.09.15	00:29:27.330	1.35393	1.35620			6
2025.09.15	00:29:36.590	1.35392	1.35614			6
2025.09.15	00:29:38.438	1.35393	1.35620			6
2025.09.15	00:29:43.379	1.35392	1.35614			6
2025.09.15	00:29:44.303	1.35393	1.35620			6
2025.09.15	00:29:48.631	1.35392	1.35614			6
2025.09.15	00:29:49.560	1.35393	1.35620			6
2025.09.15	00:29:54.490		1.35614			4
2025.09.15	00:29:55.418		1.35620			4
2025.09.15	00:29:56.965	1.35399				2
2025.09.15	00:29:57.582	1.35396	1.35614			6
2025.09.15	00:29:58.819	1.35399	1.35620			6
2025.09.15	00:30:00.049	1.35399				2
2025.09.15	00:30:00.361	1.35407	1.35606			6
2025.09.15	00:30:00.673	1.35404	1.35612			6
2025.09.15	00:30:01.042	1.35412				2
2025.09.15	00:30:01.364	1.35409				2
2025.09.15	00:30:01.689	1.35417				2
2025.09.15	00:30:03.526	1.35425	1.35606			6
2025.09.15	00:30:03.970	1.35423				2
2025.09.15	00:30:04.515	1.35426				2
2025.09.15	00:30:05.016	1.35424				2
2025.09.15	00:30:05.524	1.35426				2
2025.09.15	00:30:06.305	1.35425				2
2025.09.15	00:30:10.420	1.35432				2
2025.09.15	00:30:10.837	1.35427				2
2025.09.15	00:30:11.283	1.35429				2
2025.09.15	00:30:11.991	1.35427				2
2025.09.15	00:30:14.316	1.35432				2
2025.09.15	00:30:18.815	1.35433				2
2025.09.15	00:30:22.205	1.35429				2
2025.09.15	00:30:22.706	1.35433				2
2025.09.15	00:30:27.815	1.35434				2
2025.09.15	00:30:28.612	1.35430				2
2025.09.15	00:30:29.110	1.35434				2
2025.09.15	00:30:30.832	1.35435				2
2025.09.15	00:30:33.952	1.35425				2
2025.09.15	00:30:34.521	1.35426				2
2025.09.15	00:30:34.986	1.35428				2
2025.09.15	00:30:36.216	1.35427				2
2025.09.15	00:30:38.218	1.35426				2
2025.09.15	00:30:38.702	1.35432				2
2025.09.15	00:30:39.021	1.35433				2
2025.09.15	00:30:39.702	1.35414				2
2025.09.15	00:30:40.226	1.35417				2
2025.09.15	00:30:40.567	1.35433				2
2025.09.15	00:30:45.827	1.35428				2
2025.09.15	00:30:47.961	1.35430				2
2025.09.15	00:30:48.421	1.35436				2
2025.09.15	00:30:49.015	1.35434				2
2025.09.15	00:30:50.222	1.35437				2
2025.09.15	00:30:52.671	1.35431	1.35615			6
2025.09.15	00:30:53.170	1.35417	1.35614			6
2025.09.15	00:30:53.762	1.35420	1.35606			6
2025.09.15	00:30:54.073	1.35431				2
2025.09.15	00:30:54.851	1.35428				2
2025.09.15	00:30:55.286	1.35431				2
2025.09.15	00:30:56.615	1.35432				2
2025.09.15	00:31:00.216	1.35432				2
2025.09.15	00:31:02.583	1.35434				2
2025.09.15	00:31:04.751	1.35427				2
2025.09.15	00:31:05.252	1.35434				2
2025.09.15	00:31:05.753	1.35431				2
2025.09.15	00:31:09.034	1.35432				2
2025.09.15	00:31:14.757	1.35435				2
2025.09.15	00:31:15.445	1.35437				2
2025.09.15	00:31:15.947	1.35436				2
2025.09.15	00:31:18.204	1.35431				2
2025.09.15	00:31:18.710	1.35435				2
2025.09.15	00:31:19.399	1.35432				2
2025.09.15	00:31:23.133	1.35435				2
2025.09.15	00:31:23.776	1.35433				2
2025.09.15	00:31:27.515	1.35432				2
2025.09.15	00:31:28.090	1.35437				2
2025.09.15	00:31:29.797	1.35435				2
2025.09.15	00:31:35.015	1.35436				2
2025.09.15	00:31:36.472	1.35432				2
2025.09.15	00:31:36.797	1.35434				2
2025.09.15	00:31:37.503	1.35433				2
2025.09.15	00:31:38.299	1.35435				2
2025.09.15	00:31:38.934	1.35437				2
2025.09.15	00:31:39.423		1.35610			4
2025.09.15	00:31:39.963	1.35436				2
2025.09.15	00:31:40.378	1.35421				2
2025.09.15	00:31:40.916	1.35422	1.35609			6
2025.09.15	00:31:41.425	1.35425	1.35607			6
2025.09.15	00:31:41.915	1.35429	1.35610			6
2025.09.15	00:31:42.513	1.35427				2
2025.09.15	00:31:42.996	1.35434				2
2025.09.15	00:31:43.506	1.35431				2
2025.09.15	00:31:44.003	1.35429				2
2025.09.15	00:31:44.501	1.35421				2
2025.09.15	00:31:44.833	1.35434	1.35622			6
2025.09.15	00:31:45.145	1.35436	1.35610			6
2025.09.15	00:31:45.615	1.35433				2
2025.09.15	00:31:48.515	1.35434				2
2025.09.15	00:31:49.367	1.35435				2
2025.09.15	00:31:50.368	1.35434				2
2025.09.15	00:31:50.688	1.35427	1.35605			6
2025.09.15	00:31:51.692	1.35440	1.35610			6
2025.09.15	00:31:53.655	1.35441				2
2025.09.15	00:31:54.654	1.35440				2
2025.09.15	00:31:58.346	1.35474	1.35620			6
2025.09.15	00:31:59.919	1.35475	1.35611			6
2025.09.15	00:32:00.298	1.35475				2
2025.09.15	00:32:00.836	1.35476				2
2025.09.15	00:32:06.180	1.35463	1.35616			6
2025.09.15	00:32:10.285	1.35458				2
2025.09.15	00:32:10.987	1.35459				2
2025.09.15	00:32:13.714	1.35458	1.35611			6
2025.09.15	00:32:14.017	1.35451				2
2025.09.15	00:32:14.990	1.35455				2
2025.09.15	00:32:15.515	1.35454				2
2025.09.15	00:32:16.487	1.35451	1.35593			6
2025.09.15	00:32:17.015	1.35450				2
2025.09.15	00:32:19.498	1.35438				2
2025.09.15	00:32:25.601	1.35449				2
2025.09.15	00:32:29.988	1.35448				2
2025.09.15	00:32:37.487	1.35450				2
2025.09.15	00:32:40.313	1.35451				2
2025.09.15	00:32:41.316	1.35452				2
2025.09.15	00:32:44.918	1.35449				2
2025.09.15	00:32:52.478	1.35448				2
2025.09.15	00:32:55.127	1.35451				2
2025.09.15	00:32:56.313	1.35450				2
2025.09.15	00:32:57.015	1.35452				2
2025.09.15	00:32:59.616	1.35451				2
2025.09.15	00:32:59.987	1.35449				2
2025.09.15	00:33:01.895	1.35449				2
2025.09.15	00:33:07.115	1.35430				2
2025.09.15	00:33:07.651	1.35431				2
2025.09.15	00:33:08.016	1.35430				2
2025.09.15	00:33:08.614	1.35432				2
2025.09.15	00:33:10.114	1.35431				2
2025.09.15	00:33:11.318	1.35432				2
2025.09.15	00:33:12.588	1.35443				2
2025.09.15	00:33:13.716	1.35444				2
2025.09.15	00:33:14.306	1.35448	1.35610			6
2025.09.15	00:33:17.947	1.35449				2
2025.09.15	00:33:22.418	1.35450				2
2025.09.15	00:33:25.137	1.35454				2
2025.09.15	00:33:25.496	1.35452				2
2025.09.15	00:33:35.476	1.35454				2
2025.09.15	00:33:35.963	1.35458				2
2025.09.15	00:33:36.513	1.35457				2
2025.09.15	00:33:36.815	1.35458				2
2025.09.15	00:33:37.793	1.35457				2
2025.09.15	00:33:42.922	1.35458				2
2025.09.15	00:33:43.854	1.35457				2
2025.09.15	00:33:44.907	1.35486	1.35616			6
2025.09.15	00:33:45.299	1.35458	1.35627			6
2025.09.15	00:33:46.306	1.35465	1.35617			6
2025.09.15	00:33:47.301	1.35468				2
2025.09.15	00:33:48.516	1.35473				2
2025.09.15	00:33:52.967	1.35475				2
2025.09.15	00:33:55.578	1.35478	1.35619			6
2025.09.15	00:33:59.224	1.35466				2
2025.09.15	00:34:00.737	1.35465	1.35611			6
2025.09.15	00:34:01.243	1.35466				2
2025.09.15	00:34:01.975	1.35463				2
2025.09.15	00:34:02.297	1.35461				2
2025.09.15	00:34:03.819	1.35462				2
2025.09.15	00:34:06.515	1.35461				2
2025.09.15	00:34:11.527	1.35462				2
2025.09.15	00:34:13.373	1.35481	1.35620			6
2025.09.15	00:34:21.275	1.35474	1.35616			6
2025.09.15	00:34:31.201	1.35477				2
2025.09.15	00:34:41.226	1.35486				2
2025.09.15	00:34:46.117	1.35474				2
2025.09.15	00:34:52.722	1.35486				2
2025.09.15	00:34:53.268		1.35611			4
2025.09.15	00:34:56.362	1.35485	1.35616			6
2025.09.15	00:34:56.727	1.35488	1.35620			6
2025.09.15	00:34:57.092	1.35499	1.35613			6
2025.09.15	00:34:58.016	1.35505	1.35614			6
2025.09.15	00:35:00.516	1.35505				2
2025.09.15	00:35:20.216	1.35509	1.35619			6
2025.09.15	00:35:38.009	1.35511	1.35613			6
2025.09.15	00:35:43.116	1.35515				2
2025.09.15	00:35:49.795	1.35514	1.35611			6
2025.09.15	00:36:00.555	1.35515	1.35619			6
2025.09.15	00:36:36.377	1.35507				2
2025.09.15	00:36:41.229		1.35615			4
2025.09.15	00:36:41.532		1.35614			4
2025.09.15	00:36:42.145		1.35613			4
2025.09.15	00:36:46.418	1.35516	1.35618			6
2025.09.15	00:36:52.622		1.35615			4
2025.09.15	00:36:54.216		1.35614			4
2025.09.15	00:36:57.814		1.35615			4
2025.09.15	00:37:00.814	1.35516				2
2025.09.15	00:37:02.631		1.35617			4
2025.09.15	00:37:05.316		1.35618			4
2025.09.15	00:37:12.516		1.35617			4
2025.09.15	00:37:13.006	1.35513	1.35615			6
2025.09.15	00:37:14.008	1.35515				2
2025.09.15	00:37:18.386		1.35616			4
2025.09.15	00:37:32.911		1.35619			4
2025.09.15	00:37:42.815		1.35617			4
2025.09.15	00:37:43.118	1.35522	1.35698			6
2025.09.15	00:37:43.613		1.35700			4
2025.09.15	00:37:44.299		1.35701			4
2025.09.15	00:37:45.520	1.35526				2
2025.09.15	00:37:46.173		1.35699			4
2025.09.15	00:37:46.663		1.35701			4
2025.09.15	00:37:47.175		1.35699			4
2025.09.15	00:37:50.809	1.35534	1.35704			6
2025.09.15	00:37:52.116		1.35703			4
2025.09.15	00:38:00.448	1.35534				2
2025.09.15	00:38:10.115	1.35540	1.35706			6
2025.09.15	00:38:12.897		1.35705			4
2025.09.15	00:38:13.203	1.35537	1.35703			6
2025.09.15	00:38:15.060	1.35530	1.35670			6
2025.09.15	00:38:16.223	1.35535				2
2025.09.15	00:38:16.717		1.35669			4
2025.09.15	00:38:23.718		1.35671			4
2025.09.15	00:38:25.480		1.35667			4
2025.09.15	00:38:30.233		1.35665			4
2025.09.15	00:38:35.008		1.35664			4
2025.09.15	00:38:35.516		1.35667			4
2025.09.15	00:38:40.414		1.35664			4
2025.09.15	00:38:46.415		1.35663			4
2025.09.15	00:38:50.729		1.35667			4
2025.09.15	00:38:55.515		1.35663			4
2025.09.15	00:38:57.816		1.35662			4
2025.09.15	00:39:00.235	1.35535	1.35663			6
2025.09.15	00:39:04.891	1.35508	1.35664			6
2025.09.15	00:39:05.204	1.35496	1.35655			6
2025.09.15	00:39:05.513	1.35531	1.35654			6
2025.09.15	00:39:12.514		1.35653			4
2025.09.15	00:39:15.950	1.35537	1.35654			6
2025.09.15	00:39:20.596	1.35535	1.35653			6
2025.09.15	00:39:30.516		1.35652			4
2025.09.15	00:39:35.707		1.35651			4
2025.09.15	00:39:40.779		1.35649			4
2025.09.15	00:39:45.762		1.35653			4
2025.09.15	00:39:50.707		1.35652			4
2025.09.15	00:39:51.816		1.35651			4
2025.09.15	00:39:55.992		1.35649			4
2025.09.15	00:40:00.214	1.35535				2
2025.09.15	00:40:00.763	1.35543	1.35653			6
2025.09.15	00:40:04.108	1.35529	1.35647			6
2025.09.15	00:40:05.616	1.35511				2
2025.09.15	00:40:06.978	1.35505	1.35649			6
2025.09.15	00:40:15.818	1.35504	1.35639			6
2025.09.15	00:40:17.997	1.35497	1.35625			6
2025.09.15	00:40:18.817	1.35510	1.35635			6
2025.09.15	00:40:20.616		1.35636			4
2025.09.15	00:40:22.131	1.35511	1.35624			6
2025.09.15	00:40:22.716	1.35515	1.35625			6
2025.09.15	00:40:24.604	1.35509	1.35624			6
2025.09.15	00:40:26.684	1.35515	1.35625			6
2025.09.15	00:40:28.814	1.35517	1.35629			6
2025.09.15	00:40:33.812	1.35522				2
2025.09.15	00:40:35.964	1.35521	1.35626			6
2025.09.15	00:40:46.922	1.35539				2
2025.09.15	00:40:48.444	1.35520	1.35619			6
2025.09.15	00:40:48.758	1.35535	1.35617			6
2025.09.15	00:40:49.061	1.35529	1.35618			6
2025.09.15	00:40:49.544	1.35536	1.35619			6
2025.09.15	00:40:49.860	1.35535				2
2025.09.15	00:40:54.940	1.35533				2
2025.09.15	00:40:55.597	1.35534				2
2025.09.15	00:40:55.914	1.35533				2
2025.09.15	00:40:59.640	1.35535				2
2025.09.15	00:41:01.118	1.35535				2
2025.09.15	00:41:09.199	1.35541				2
2025.09.15	00:41:09.500	1.35535				2
2025.09.15	00:41:14.345	1.35540				2
2025.09.15	00:41:15.269	1.35535	1.35633			6
2025.09.15	00:41:15.874	1.35537				2
2025.09.15	00:41:16.186	1.35535				2
2025.09.15	00:41:19.662	1.35546	1.35635			6
2025.09.15	00:41:19.967	1.35542				2
2025.09.15	00:41:20.269	1.35539				2
2025.09.15	00:41:20.577	1.35535				2
2025.09.15	00:41:21.686	1.35541				2
2025.09.15	00:41:22.308	1.35535				2
2025.09.15	00:41:28.887	1.35540	1.35633			6
2025.09.15	00:41:29.195	1.35535				2
2025.09.15	00:41:29.900	1.35538				2
2025.09.15	00:41:30.204	1.35535	1.35634			6
2025.09.15	00:41:30.573	1.35540				2
2025.09.15	00:41:30.877	1.35535	1.35635			6
2025.09.15	00:41:31.185		1.35628			4
2025.09.15	00:41:31.839	1.35539	1.35627			6
2025.09.15	00:41:32.155	1.35537				2
2025.09.15	00:41:32.778	1.35539				2
2025.09.15	00:41:37.346	1.35549	1.35636			6
2025.09.15	00:41:37.649	1.35546	1.35638			6
2025.09.15	00:41:38.144	1.35545	1.35637			6
2025.09.15	00:41:38.576	1.35549	1.35638			6
2025.09.15	00:41:39.082	1.35546	1.35639			6
2025.09.15	00:41:40.776		1.35640			4
2025.09.15	00:41:42.177	1.35548				2
2025.09.15	00:41:44.014		1.35653			4
2025.09.15	00:41:44.315	1.35555	1.35662			6
2025.09.15	00:41:44.648		1.35656			4
2025.09.15	00:41:45.085	1.35554	1.35654			6
2025.09.15	00:41:45.407	1.35552				2
2025.09.15	00:41:45.864	1.35547	1.35645			6
2025.09.15	00:41:46.169	1.35546				2
2025.09.15	00:41:46.478	1.35545				2
2025.09.15	00:41:47.277	1.35546				2
2025.09.15	00:41:48.277	1.35544				2
2025.09.15	00:41:49.891	1.35547				2
2025.09.15	00:41:50.807		1.35643			4
2025.09.15	00:41:51.109		1.35642			4
2025.09.15	00:41:51.425	1.35544				2
2025.09.15	00:41:54.171		1.35641			4
2025.09.15	00:41:58.129		1.35640			4
2025.09.15	00:42:00.515	1.35544				2
2025.09.15	00:42:00.890	1.35547				2
2025.09.15	00:42:01.204	1.35548				2
2025.09.15	00:42:01.506	1.35545				2
2025.09.15	00:42:01.862		1.35641			4
2025.09.15	00:42:09.806	1.35551				2
2025.09.15	00:42:12.550	1.35552				2
2025.09.15	00:42:15.005	1.35551				2
2025.09.15	00:42:15.306	1.35552				2
2025.09.15	00:42:15.610		1.35640			4
2025.09.15	00:42:15.918	1.35553				2
2025.09.15	00:42:18.063	1.35547				2
2025.09.15	00:42:18.725	1.35553				2
2025.09.15	00:42:22.701	1.35559	1.35643			6
2025.09.15	00:42:23.015	1.35555	1.35642			6
2025.09.15	00:42:26.616		1.35641			4
2025.09.15	00:42:29.891	1.35557				2
2025.09.15	00:42:30.212	1.35550	1.35646			6
2025.09.15	00:42:30.540	1.35554				2
2025.09.15	00:42:31.685		1.35645			4
2025.09.15	00:42:32.900		1.35646			4
2025.09.15	00:42:33.734	1.35557				2
2025.09.15	00:42:34.820	1.35550				2
2025.09.15	00:42:37.721	1.35553	1.35645			6
2025.09.15	00:42:38.331	1.35556				2
2025.09.15	00:42:38.636	1.35551	1.35647			6
2025.09.15	00:42:39.068	1.35554				2
2025.09.15	00:42:41.916	1.35558				2
2025.09.15	00:42:42.221	1.35552	1.35646			6
2025.09.15	00:42:42.656	1.35551	1.35645			6
2025.09.15	00:42:42.995	1.35556				2
2025.09.15	00:42:43.386	1.35553				2
2025.09.15	00:42:45.026	1.35550				2
2025.09.15	00:42:45.516	1.35545	1.35644			6
2025.09.15	00:42:45.945	1.35550	1.35643			6
2025.09.15	00:42:46.452	1.35553				2
2025.09.15	00:42:46.767	1.35550				2
2025.09.15	00:42:47.252	1.35552				2
2025.09.15	00:42:47.566	1.35549				2
2025.09.15	00:42:48.516	1.35554				2
2025.09.15	00:42:49.120	1.35555				2
2025.09.15	00:42:49.428	1.35556				2
2025.09.15	00:42:49.781		1.35644			4
2025.09.15	00:42:50.276	1.35554				2
2025.09.15	00:42:50.619		1.35643			4
2025.09.15	00:42:51.143	1.35555				2
2025.09.15	00:42:51.456	1.35553	1.35642			6
2025.09.15	00:42:51.899		1.35648			4
2025.09.15	00:42:53.187	1.35560				2
2025.09.15	00:43:00.260	1.35560				2
2025.09.15	00:43:03.969	1.35543	1.35647			6
2025.09.15	00:43:04.271	1.35553				2
2025.09.15	00:43:18.568	1.35560	1.35649			6
2025.09.15	00:43:18.878	1.35559				2
2025.09.15	00:43:20.425	1.35560	1.35647			6
2025.09.15	00:43:20.925	1.35563	1.35656			6
2025.09.15	00:43:21.430	1.35558				2
2025.09.15	00:43:21.739	1.35561				2
2025.09.15	00:43:22.431	1.35556				2
2025.09.15	00:43:24.657	1.35551				2
2025.09.15	00:43:25.099	1.35555				2
2025.09.15	00:43:26.978	1.35550				2
2025.09.15	00:43:29.323	1.35545				2
2025.09.15	00:43:29.676		1.35655			4
2025.09.15	00:43:30.702	1.35544				2
2025.09.15	00:43:31.022	1.35545				2
2025.09.15	00:43:31.331	1.35553	1.35656			6
2025.09.15	00:43:31.637	1.35555	1.35658			6
2025.09.15	00:43:32.564	1.35552				2
2025.09.15	00:43:33.179		1.35659			4
2025.09.15	00:43:33.486	1.35550	1.35660			6
2025.09.15	00:43:34.211	1.35552				2
2025.09.15	00:43:34.514	1.35551				2
2025.09.15	00:43:34.821		1.35659			4
2025.09.15	00:43:35.130	1.35550				2
2025.09.15	00:43:36.165	1.35553	1.35657			6
2025.09.15	00:43:36.470	1.35546	1.35656			6
2025.09.15	00:43:36.776	1.35551				2
2025.09.15	00:43:37.082	1.35550	1.35655			6
2025.09.15	00:43:37.698	1.35549				2
2025.09.15	00:43:38.006	1.35541	1.35654			6
2025.09.15	00:43:38.319	1.35539	1.35650			6
2025.09.15	00:43:38.645	1.35543	1.35652			6
2025.09.15	00:43:38.954	1.35555				2
2025.09.15	00:43:39.259	1.35548	1.35653			6
2025.09.15	00:43:39.570	1.35557	1.35654			6
2025.09.15	00:43:39.874	1.35559				2
2025.09.15	00:43:42.036		1.35655			4
2025.09.15	00:43:48.828	1.35555				2
2025.09.15	00:43:49.151	1.35563				2
2025.09.15	00:43:49.451	1.35561				2
2025.09.15	00:43:49.763	1.35562	1.35656			6
2025.09.15	00:43:50.067		1.35657			4
2025.09.15	00:43:55.357	1.35563				2
2025.09.15	00:43:56.596	1.35564	1.35656			6
2025.09.15	00:43:59.000	1.35574	1.35658			6
2025.09.15	00:43:59.311	1.35566	1.35656			6
2025.09.15	00:43:59.615	1.35563				2
2025.09.15	00:43:59.933	1.35560	1.35659			6
2025.09.15	00:44:00.238	1.35561	1.35656			6
2025.09.15	00:44:00.549	1.35559				2
2025.09.15	00:44:01.165	1.35558				2
2025.09.15	00:44:01.476	1.35561				2
2025.09.15	00:44:03.326	1.35562				2
2025.09.15	00:44:09.195	1.35572				2
2025.09.15	00:44:09.497		1.35659			4
2025.09.15	00:44:09.815	1.35573				2
2025.09.15	00:44:11.053	1.35566	1.35655			6
2025.09.15	00:44:12.113	1.35563	1.35656			6
2025.09.15	00:44:12.736	1.35564				2
2025.09.15	00:44:14.278	1.35568	1.35659			6
2025.09.15	00:44:14.587	1.35558	1.35658			6
2025.09.15	00:44:14.895	1.35562				2
2025.09.15	00:44:15.206	1.35567				2
2025.09.15	00:44:17.669	1.35569				2
2025.09.15	00:44:17.984	1.35568				2
2025.09.15	00:44:20.765	1.35570				2
2025.09.15	00:44:21.385	1.35571				2
2025.09.15	00:44:21.693	1.35572				2
2025.09.15	00:44:24.466	1.35575	1.35657			6
2025.09.15	00:44:24.771	1.35566	1.35658			6
2025.09.15	00:44:25.084	1.35567				2
2025.09.15	00:44:25.389	1.35564				2
2025.09.15	00:44:25.714	1.35569				2
2025.09.15	00:44:29.118	1.35566	1.35659			6
2025.09.15	00:44:29.427	1.35565				2
2025.09.15	00:44:29.740	1.35567				2
2025.09.15	00:44:32.524	1.35558				2
2025.09.15	00:44:32.829	1.35560				2
2025.09.15	00:44:33.138	1.35566				2
2025.09.15	00:44:33.451	1.35558				2
2025.09.15	00:44:33.764	1.35564				2
2025.09.15	00:44:34.068	1.35562				2
2025.09.15	00:44:34.380		1.35660			4
2025.09.15	00:44:34.991	1.35561				2
2025.09.15	00:44:35.606	1.35562				2
2025.09.15	00:44:36.221	1.35555	1.35659			6
2025.09.15	00:44:36.568	1.35563	1.35660			6
2025.09.15	00:44:37.187		1.35659			4
2025.09.15	00:44:37.800	1.35560				2
2025.09.15	00:44:38.111	1.35558				2
2025.09.15	00:44:38.548	1.35560				2
2025.09.15	00:44:38.860	1.35556				2
2025.09.15	00:44:39.178		1.35655			4
2025.09.15	00:44:39.487	1.35560				2
2025.09.15	00:44:39.796	1.35568				2
2025.09.15	00:44:41.026	1.35566	1.35652			6
2025.09.15	00:44:41.635	1.35559				2
2025.09.15	00:44:41.956	1.35565	1.35655			6
2025.09.15	00:44:44.111	1.35569	1.35653			6
2025.09.15	00:44:44.421	1.35561				2
2025.09.15	00:44:44.728	1.35566				2
2025.09.15	00:44:45.049	1.35569				2
2025.09.15	00:44:45.659	1.35564				2
2025.09.15	00:44:45.978	1.35568				2
2025.09.15	00:44:46.280	1.35567				2
2025.09.15	00:44:49.047	1.35568				2
2025.09.15	00:44:50.889		1.35654			4
2025.09.15	00:44:51.202	1.35565				2
2025.09.15	00:44:51.510	1.35573				2
2025.09.15	00:44:51.813	1.35569				2
2025.09.15	00:44:52.127	1.35573				2
2025.09.15	00:44:53.352		1.35655			4
2025.09.15	00:44:54.587	1.35578	1.35658			6
2025.09.15	00:44:54.895	1.35575				2
2025.09.15	00:44:55.201	1.35570				2
2025.09.15	00:44:55.511	1.35569				2
2025.09.15	00:44:55.816	1.35571	1.35657			6
2025.09.15	00:44:56.128	1.35569				2
2025.09.15	00:44:56.432	1.35568				2
2025.09.15	00:44:56.739	1.35572	1.35656			6
2025.09.15	00:44:57.041	1.35567				2
2025.09.15	00:44:57.359	1.35572				2
2025.09.15	00:44:57.662	1.35566				2
2025.09.15	00:44:58.277	1.35571				2
2025.09.15	00:44:58.586	1.35568				2
2025.09.15	00:45:00.123	1.35569				2
2025.09.15	00:45:01.046	1.35571				2
2025.09.15	00:45:01.656	1.35572				2
2025.09.15	00:45:02.263	1.35568				2
2025.09.15	00:45:02.577	1.35570				2
2025.09.15	00:45:02.894	1.35566	1.35706			6
2025.09.15	00:45:03.211	1.35570				2
2025.09.15	00:45:03.515	1.35566				2
2025.09.15	00:45:03.819	1.35571	1.35704			6
2025.09.15	00:45:04.134	1.35566	1.35705			6
2025.09.15	00:45:04.753	1.35564	1.35703			6
2025.09.15	00:45:05.062	1.35566				2
2025.09.15	00:45:05.365	1.35571				2
2025.09.15	00:45:06.274		1.35654			4
2025.09.15	00:45:06.887	1.35575				2
2025.09.15	00:45:10.473	1.35591	1.35638			6
2025.09.15	00:45:12.817	1.35553	1.35640			6
2025.09.15	00:45:15.284		1.35635			4
2025.09.15	00:45:15.584		1.35633			4
2025.09.15	00:45:16.833	1.35555				2
2025.09.15	00:45:17.140		1.35631			4
2025.09.15	00:45:21.456	1.35554				2
2025.09.15	00:45:22.384	1.35558				2
2025.09.15	00:45:22.686	1.35557				2
2025.09.15	00:45:22.998	1.35571	1.35630			6
2025.09.15	00:45:23.302	1.35565	1.35629			6
2025.09.15	00:45:23.613	1.35567				2
2025.09.15	00:45:25.771	1.35561	1.35630			6
2025.09.15	00:45:26.080	1.35563				2
2025.09.15	00:45:27.006		1.35628			4
2025.09.15	00:45:31.618		1.35629			4
2025.09.15	00:45:41.799		1.35628			4
2025.09.15	00:45:46.716		1.35629			4
2025.09.15	00:45:51.347		1.35630			4
2025.09.15	00:45:56.589		1.35628			4
2025.09.15	00:46:00.302	1.35563				2
2025.09.15	00:46:01.845		1.35629			4
2025.09.15	00:46:07.706		1.35630			4
2025.09.15	00:46:11.728		1.35629			4
2025.09.15	00:46:12.959		1.35628			4
2025.09.15	00:46:16.051		1.35629			4
2025.09.15	00:46:23.146	1.35569	1.35628			6
2025.09.15	00:46:23.464	1.35573	1.35639			6
2025.09.15	00:46:23.765	1.35574				2
2025.09.15	00:46:24.692	1.35569				2
2025.09.15	00:46:25.003		1.35638			4
2025.09.15	00:46:25.316	1.35566				2
2025.09.15	00:46:25.627	1.35567				2
2025.09.15	00:46:25.930	1.35566				2
2025.09.15	00:46:27.169	1.35567				2
2025.09.15	00:46:29.024		1.35637			4
2025.09.15	00:46:29.641	1.35568				2
2025.09.15	00:46:29.955		1.35636			4
2025.09.15	00:46:32.104	1.35570				2
2025.09.15	00:46:32.718	1.35571				2
2025.09.15	00:46:34.260	1.35570	1.35641			6
2025.09.15	00:46:34.567	1.35579				2
2025.09.15	00:46:34.873	1.35580				2
2025.09.15	00:46:36.417		1.35640			4
2025.09.15	00:46:36.730	1.35581				2
2025.09.15	00:46:39.809	1.35572	1.35641			6
2025.09.15	00:46:40.120	1.35570				2
2025.09.15	00:46:40.736		1.35640			4
2025.09.15	00:46:47.518	1.35573				2
2025.09.15	00:46:47.824	1.35574				2
2025.09.15	00:46:48.449	1.35575				2
2025.09.15	00:46:48.757	1.35578				2
2025.09.15	00:46:49.057	1.35580				2
2025.09.15	00:46:49.360	1.35583				2
2025.09.15	00:46:54.931	1.35577				2
2025.09.15	00:46:55.241	1.35574				2
2025.09.15	00:46:56.166	1.35576	1.35641			6
2025.09.15	00:46:57.715		1.35640			4
2025.09.15	00:46:58.639		1.35641			4
2025.09.15	00:47:00.185	1.35576				2
2025.09.15	00:47:02.971		1.35677			4
2025.09.15	00:47:04.217	1.35585	1.35676			6
2025.09.15	00:47:04.526	1.35588				2
2025.09.15	00:47:06.372		1.35640			4
2025.09.15	00:47:06.677		1.35641			4
2025.09.15	00:47:07.611	1.35580				2
2025.09.15	00:47:07.919		1.35640			4
2025.09.15	00:47:08.226	1.35582				2
2025.09.15	00:47:08.858	1.35583				2
2025.09.15	00:47:09.160	1.35582				2
2025.09.15	00:47:11.336	1.35581				2
2025.09.15	00:47:11.647	1.35582				2
2025.09.15	00:47:13.199	1.35584				2
2025.09.15	00:47:13.808	1.35585				2
2025.09.15	00:47:14.123	1.35584				2
2025.09.15	00:47:19.104	1.35585				2
2025.09.15	00:47:25.287	1.35584				2
2025.09.15	00:47:34.277	1.35588				2
2025.09.15	00:47:34.584	1.35589				2
2025.09.15	00:47:35.819	1.35581				2
2025.09.15	00:47:36.429	1.35575				2
2025.09.15	00:47:36.745	1.35578				2
2025.09.15	00:47:38.283	1.35579				2
2025.09.15	00:47:38.587	1.35580				2
2025.09.15	00:47:39.212		1.35641			4
2025.09.15	00:47:41.990		1.35640			4
2025.09.15	00:47:46.310	1.35581				2
2025.09.15	00:47:48.777	1.35582				2
2025.09.15	00:47:49.083	1.35585				2
2025.09.15	00:47:49.384	1.35587				2
2025.09.15	00:47:50.615		1.35641			4
2025.09.15	00:48:00.216	1.35587				2
2025.09.15	00:48:03.328	1.35569	1.35633			6
2025.09.15	00:48:03.946	1.35568				2
2025.09.15	00:48:04.253	1.35567				2
2025.09.15	00:48:04.558	1.35561				2
2025.09.15	00:48:07.964	1.35564				2
2025.09.15	00:48:12.902	1.35566				2
2025.09.15	00:48:16.620		1.35634			4
2025.09.15	00:48:17.851		1.35633			4
2025.09.15	00:48:23.409	1.35568				2
2025.09.15	00:48:24.027	1.35567				2
2025.09.15	00:48:24.953	1.35566	1.35634			6
2025.09.15	00:48:26.807		1.35632			4
2025.09.15	00:48:27.425	1.35567				2
2025.09.15	00:48:31.436		1.35633			4
2025.09.15	00:48:37.914	1.35569				2
2025.09.15	00:48:41.934		1.35632			4
2025.09.15	00:48:51.185	1.35578	1.35652			6
2025.09.15	00:48:53.035	1.35579				2
2025.09.15	00:49:00.133	1.35579				2
2025.09.15	00:49:03.226	1.35578				2
2025.09.15	00:49:04.146	1.35579				2
2025.09.15	00:49:06.610	1.35573	1.35636			6
2025.09.15	00:49:06.923		1.35634			4
2025.09.15	00:49:09.703		1.35633			4
2025.09.15	00:49:21.750		1.35631			4
2025.09.15	00:49:24.530		1.35630			4
2025.09.15	00:49:26.067	1.35569				2
2025.09.15	00:49:26.369	1.35530	1.35636			6
2025.09.15	00:49:26.690	1.35526	1.35635			6
2025.09.15	00:49:27.917	1.35552				2
2025.09.15	00:49:28.526	1.35526	1.35637			6
2025.09.15	00:49:28.841		1.35638			4
2025.09.15	00:49:29.142	1.35533	1.35636			6
2025.09.15	00:49:29.458	1.35568				2
2025.09.15	00:49:29.765	1.35573	1.35635			6
2025.09.15	00:49:30.386	1.35576				2
2025.09.15	00:49:34.711		1.35634			4
2025.09.15	00:49:36.876		1.35632			4
2025.09.15	00:49:39.975	1.35582	1.35636			6
2025.09.15	00:49:40.898	1.35578				2
2025.09.15	00:49:41.823		1.35637			4
2025.09.15	00:49:44.612	1.35583	1.35635			6
2025.09.15	00:49:44.920	1.35584				2
2025.09.15	00:49:46.461		1.35634			4
2025.09.15	00:49:49.849		1.35632			4
2025.09.15	00:49:51.090		1.35633			4
2025.09.15	00:49:52.626		1.35632			4
2025.09.15	00:49:53.864	1.35583				2
2025.09.15	00:49:54.796	1.35588	1.35636			6
2025.09.15	00:49:55.100		1.35637			4
2025.09.15	00:49:56.022		1.35638			4
2025.09.15	00:49:57.564		1.35637			4
2025.09.15	00:49:59.736	1.35584	1.35635			6
2025.09.15	00:50:00.044	1.35584				2
2025.09.15	00:50:00.665	1.35575				2
2025.09.15	00:50:00.970		1.35634			4
2025.09.15	00:50:02.206	1.35578				2
2025.09.15	00:50:05.293		1.35633			4
2025.09.15	00:50:09.921	1.35583				2
2025.09.15	00:50:10.227	1.35579				2
2025.09.15	00:50:11.476	1.35574				2
2025.09.15	00:50:11.782	1.35571	1.35634			6
2025.09.15	00:50:12.088	1.35581				2
2025.09.15	00:50:12.405	1.35579				2
2025.09.15	00:50:16.746	1.35537				2
2025.09.15	00:50:17.056	1.35567				2
2025.09.15	00:50:18.625	1.35568				2
2025.09.15	00:50:20.158		1.35632			4
2025.09.15	00:50:21.086	1.35570	1.35633			6
2025.09.15	00:50:22.007	1.35579	1.35638			6
2025.09.15	00:50:24.172	1.35573	1.35637			6
2025.09.15	00:50:24.482	1.35580				2
2025.09.15	00:50:25.103	1.35577				2
2025.09.15	00:50:25.716		1.35638			4
2025.09.15	00:50:26.961	1.35569				2
2025.09.15	00:50:27.267	1.35575				2
2025.09.15	00:50:32.518	1.35576				2
2025.09.15	00:50:34.374	1.35578				2
2025.09.15	00:50:35.300	1.35571	1.35637			6
2025.09.15	00:50:36.859		1.35639			4
2025.09.15	00:50:39.944		1.35640			4
2025.09.15	00:50:41.189	1.35576				2
2025.09.15	00:50:41.807	1.35577				2
2025.09.15	00:50:44.584	1.35589	1.35641			6
2025.09.15	00:50:45.816	1.35576	1.35640			6
2025.09.15	00:50:46.130	1.35571				2
2025.09.15	00:50:49.549		1.35641			4
2025.09.15	00:50:50.169	1.35535	1.35639			6
2025.09.15	00:50:52.018	1.35534				2
2025.09.15	00:50:53.267	1.35535	1.35638			6
2025.09.15	00:50:54.498	1.35533	1.35641			6
2025.09.15	00:50:54.805	1.35579				2
2025.09.15	00:51:00.078	1.35579				2
2025.09.15	00:51:04.416	1.35536	1.35642			6
2025.09.15	00:51:04.724	1.35583				2
2025.09.15	00:51:05.959	1.35577				2
2025.09.15	00:51:06.895		1.35640			4
2025.09.15	00:51:07.201	1.35566				2
2025.09.15	00:51:07.815	1.35529				2
2025.09.15	00:51:08.123	1.35563				2
2025.09.15	00:51:08.751		1.35639			4
2025.09.15	00:51:11.515		1.35640			4
2025.09.15	00:51:14.604	1.35526	1.35641			6
2025.09.15	00:51:15.229	1.35553				2
2025.09.15	00:51:15.543		1.35643			4
2025.09.15	00:51:15.849		1.35641			4
2025.09.15	00:51:16.474	1.35526	1.35642			6
2025.09.15	00:51:17.085		1.35640			4
2025.09.15	00:51:17.395		1.35642			4
2025.09.15	00:51:18.637		1.35641			4
2025.09.15	00:51:18.944	1.35553				2
2025.09.15	00:51:19.261	1.35526	1.35643			6
2025.09.15	00:51:19.875	1.35553	1.35641			6
2025.09.15	00:51:20.189		1.35643			4
2025.09.15	00:51:20.804		1.35641			4
2025.09.15	00:51:21.117		1.35643			4
2025.09.15	00:51:21.424	1.35526				2
2025.09.15	00:51:21.732		1.35641			4
2025.09.15	00:51:22.355		1.35642			4
2025.09.15	00:51:24.507	1.35539	1.35639			6
2025.09.15	00:51:24.811	1.35562	1.35638			6
2025.09.15	00:51:25.723		1.35637			4
2025.09.15	00:51:26.036	1.35537				2
2025.09.15	00:51:26.651	1.35562				2
2025.09.15	00:51:27.270		1.35635			4
2025.09.15	00:51:29.431	1.35526	1.35641			6
2025.09.15	00:51:39.629	1.35560	1.35638			6
2025.09.15	00:51:39.936	1.35561				2
2025.09.15	00:51:40.244	1.35539				2
2025.09.15	00:51:41.173	1.35540				2
2025.09.15	00:51:41.491	1.35561	1.35637			6
2025.09.15	00:51:42.421		1.35635			4
2025.09.15	00:51:43.042	1.35568	1.35643			6
2025.09.15	00:51:44.287	1.35526	1.35644			6
2025.09.15	00:51:44.923		1.35646			4
2025.09.15	00:51:50.482		1.35645			4
2025.09.15	00:51:51.407		1.35644			4
2025.09.15	00:51:53.572		1.35643			4
2025.09.15	00:51:54.500	1.35538	1.35644			6
2025.09.15	00:51:56.356		1.35643			4
2025.09.15	00:51:59.442	1.35526	1.35644			6
2025.09.15	00:52:00.068	1.35526				2
2025.09.15	00:52:09.326	1.35538	1.35643			6
2025.09.15	00:52:09.637	1.35537				2
2025.09.15	00:52:10.564		1.35642			4
2025.09.15	00:52:11.184	1.35538				2
2025.09.15	00:52:12.108	1.35537				2
2025.09.15	00:52:13.037		1.35641			4
2025.09.15	00:52:14.270	1.35526	1.35643			6
2025.09.15	00:52:15.519		1.35644			4
2025.09.15	00:52:16.135		1.35643			4
2025.09.15	00:52:19.846		1.35641			4
2025.09.15	00:52:22.329		1.35643			4
2025.09.15	00:52:24.489	1.35538	1.35642			6
2025.09.15	00:52:24.802	1.35560	1.35641			6
2025.09.15	00:52:25.111	1.35536				2
2025.09.15	00:52:26.042	1.35538				2
2025.09.15	00:52:26.971	1.35537				2
2025.09.15	00:52:29.438	1.35526	1.35643			6
2025.09.15	00:52:29.764		1.35644			4
2025.09.15	00:52:30.677		1.35642			4
2025.09.15	00:52:30.993		1.35643			4
2025.09.15	00:52:39.344	1.35538	1.35641			6
2025.09.15	00:52:39.659	1.35559				2
2025.09.15	00:52:42.120		1.35639			4
2025.09.15	00:52:42.430	1.35537				2
2025.09.15	00:52:43.050	1.35534				2
2025.09.15	00:52:43.982	1.35537				2
2025.09.15	00:52:44.298	1.35526	1.35642			6
2025.09.15	00:52:44.915		1.35643			4
2025.09.15	00:52:47.070		1.35642			4
2025.09.15	00:52:48.922		1.35643			4
2025.09.15	00:52:49.541		1.35642			4
2025.09.15	00:52:54.501	1.35538	1.35641			6
2025.09.15	00:52:54.817		1.35640			4
2025.09.15	00:52:55.123	1.35537				2
2025.09.15	00:52:56.049	1.35535				2
2025.09.15	00:52:56.978	1.35537				2
2025.09.15	00:52:59.437	1.35526	1.35643			6
2025.09.15	00:53:00.068	1.35526				2
2025.09.15	00:53:02.542		1.35642			4
2025.09.15	00:53:03.167		1.35643			4
2025.09.15	00:53:03.785		1.35642			4
2025.09.15	00:53:08.128		1.35643			4
2025.09.15	00:53:08.435		1.35642			4
2025.09.15	00:53:09.361	1.35538	1.35641			6
2025.09.15	00:53:09.985	1.35537	1.35640			6
2025.09.15	00:53:13.071	1.35535				2
2025.09.15	00:53:13.387	1.35534				2
2025.09.15	00:53:13.996	1.35537				2
2025.09.15	00:53:14.305	1.35526	1.35643			6
2025.09.15	00:53:16.155		1.35642			4
2025.09.15	00:53:16.475		1.35643			4
2025.09.15	00:53:22.955		1.35642			4
2025.09.15	00:53:24.492	1.35538	1.35641			6
2025.09.15	00:53:25.113	1.35537	1.35640			6
2025.09.15	00:53:25.421	1.35535	1.35641			6
2025.09.15	00:53:26.348	1.35537	1.35640			6
2025.09.15	00:53:28.194	1.35535				2
2025.09.15	00:53:28.810	1.35534				2
2025.09.15	00:53:29.429	1.35537				2
2025.09.15	00:53:30.353		1.35639			4
2025.09.15	00:53:30.970	1.35534				2
2025.09.15	00:53:31.901	1.35537				2
2025.09.15	00:53:32.515		1.35640			4
2025.09.15	00:53:32.823	1.35539				2
2025.09.15	00:53:33.125	1.35549	1.35639			6
2025.09.15	00:53:33.436	1.35550	1.35638			6
2025.09.15	00:53:33.741	1.35557				2
2025.09.15	00:53:34.061	1.35538	1.35637			6
2025.09.15	00:53:34.371	1.35523	1.35639			6
2025.09.15	00:53:35.295		1.35638			4
2025.09.15	00:53:44.245	1.35537				2
2025.09.15	00:53:45.474		1.35639			4
2025.09.15	00:53:46.098	1.35534	1.35637			6
2025.09.15	00:53:46.403	1.35550				2
2025.09.15	00:53:47.327	1.35536				2
2025.09.15	00:53:47.632	1.35553				2
2025.09.15	00:53:48.540	1.35535				2
2025.09.15	00:53:49.156	1.35523	1.35638			6
2025.09.15	00:53:54.092		1.35636			4
2025.09.15	00:53:59.332	1.35537	1.35638			6
2025.09.15	00:54:00.268	1.35537	1.35637			6
2025.09.15	00:54:00.582	1.35536				2
2025.09.15	00:54:00.892	1.35534	1.35638			6
2025.09.15	00:54:02.122	1.35536	1.35637			6
2025.09.15	00:54:03.975	1.35534	1.35639			6
2025.09.15	00:54:04.282	1.35547	1.35638			6
2025.09.15	00:54:04.585	1.35523				2
2025.09.15	00:54:05.825		1.35639			4
2025.09.15	00:54:06.445	1.35547				2
2025.09.15	00:54:10.461		1.35638			4
2025.09.15	00:54:10.765	1.35523	1.35639			6
2025.09.15	00:54:14.153		1.35640			4
2025.09.15	00:54:15.076	1.35537	1.35639			6
2025.09.15	00:54:19.084	1.35523	1.35641			6
2025.09.15	00:54:29.595	1.35537				2
2025.09.15	00:54:29.901	1.35536	1.35640			6
2025.09.15	00:54:30.831		1.35641			4
2025.09.15	00:54:32.073	1.35538				2
2025.09.15	00:54:32.380		1.35640			4
2025.09.15	00:54:34.231	1.35526				2
2025.09.15	00:54:34.534		1.35646			4
2025.09.15	00:54:35.160		1.35645			4
2025.09.15	00:54:35.465		1.35642			4
2025.09.15	00:54:37.012		1.35644			4
2025.09.15	00:54:38.243	1.35556	1.35641			6
2025.09.15	00:54:40.100		1.35644			4
2025.09.15	00:54:41.032		1.35641			4
2025.09.15	00:54:41.951	1.35526				2
2025.09.15	00:54:42.267		1.35642			4
2025.09.15	00:54:44.127		1.35644			4
2025.09.15	00:54:44.741		1.35641			4
2025.09.15	00:54:45.049		1.35639			4
2025.09.15	00:54:46.281		1.35641			4
2025.09.15	00:54:47.206		1.35638			4
2025.09.15	00:54:48.129		1.35637			4
2025.09.15	00:54:49.369		1.35639			4
2025.09.15	00:54:49.985		1.35640			4
2025.09.15	00:54:50.914	1.35557	1.35642			6
2025.09.15	00:54:53.080		1.35639			4
2025.09.15	00:54:54.619		1.35640			4
2025.09.15	00:54:56.165		1.35642			4
2025.09.15	00:54:58.017	1.35558	1.35639			6
2025.09.15	00:54:59.562		1.35638			4
2025.09.15	00:55:00.177	1.35558	1.35640			6
2025.09.15	00:55:01.110		1.35638			4
2025.09.15	00:55:02.343	1.35526				2
2025.09.15	00:55:04.190		1.35640			4
2025.09.15	00:55:04.494		1.35642			4
2025.09.15	00:55:04.806		1.35644			4
2025.09.15	00:55:05.112		1.35641			4
2025.09.15	00:55:06.035	1.35559				2
2025.09.15	00:55:06.959	1.35554	1.35638			6
2025.09.15	00:55:07.269	1.35528				2
2025.09.15	00:55:07.573	1.35531	1.35646			6
2025.09.15	00:55:07.883	1.35532	1.35642			6
2025.09.15	00:55:10.980	1.35533				2
2025.09.15	00:55:14.692	1.35532	1.35641			6
2025.09.15	00:55:15.926	1.35566				2
2025.09.15	00:55:18.064	1.35532				2
2025.09.15	00:55:18.370	1.35565				2
2025.09.15	00:55:18.675	1.35532				2
2025.09.15	00:55:18.983	1.35526	1.35642			6
2025.09.15	00:55:19.284	1.35564	1.35639			6
2025.09.15	00:55:19.592	1.35530				2
2025.09.15	00:55:19.898	1.35531				2
2025.09.15	00:55:22.982	1.35530				2
2025.09.15	00:55:23.905	1.35531				2
2025.09.15	00:55:24.220	1.35530				2
2025.09.15	00:55:25.145	1.35531				2
2025.09.15	00:55:28.229	1.35530				2
2025.09.15	00:55:29.155	1.35531				2
2025.09.15	00:55:31.001	1.35530				2
2025.09.15	00:55:31.934	1.35532				2
2025.09.15	00:55:32.861	1.35531				2
2025.09.15	00:55:33.168	1.35564				2
2025.09.15	00:55:33.470	1.35565				2
2025.09.15	00:55:34.378		1.35641			4
2025.09.15	00:55:34.992	1.35564	1.35642			6
2025.09.15	00:55:37.447		1.35641			4
2025.09.15	00:55:40.805		1.35642			4
2025.09.15	00:55:44.761		1.35641			4
2025.09.15	00:55:47.838	1.35530	1.35640			6
2025.09.15	00:55:48.140	1.35532				2
2025.09.15	00:55:49.065	1.35531				2
2025.09.15	00:55:49.378	1.35533	1.35642			6
2025.09.15	00:55:49.995	1.35535				2
2025.09.15	00:55:50.924	1.35536	1.35643			6
2025.09.15	00:55:51.855	1.35534				2
2025.09.15	00:55:53.087	1.35575	1.35674			6
2025.09.15	00:55:53.398	1.35576				2
2025.09.15	00:55:53.705		1.35667			4
2025.09.15	00:55:54.012		1.35674			4
2025.09.15	00:55:54.629	1.35578	1.35672			6
2025.09.15	00:55:54.937	1.35579				2
2025.09.15	00:55:55.238		1.35671			4
2025.09.15	00:56:00.178	1.35579				2
2025.09.15	00:56:05.731		1.35674			4
2025.09.15	00:56:06.349	1.35578				2
2025.09.15	00:56:06.657	1.35577				2
2025.09.15	00:56:09.133	1.35579				2
2025.09.15	00:56:12.531	1.35580				2
2025.09.15	00:56:19.305	1.35578				2
2025.09.15	00:56:19.625	1.35576				2
2025.09.15	00:56:24.251	1.35577				2
2025.09.15	00:56:31.036		1.35678			4
2025.09.15	00:56:32.268	1.35571	1.35646			6
2025.09.15	00:56:32.571	1.35577				2
2025.09.15	00:56:32.877		1.35678			4
2025.09.15	00:56:33.186	1.35578				2
2025.09.15	00:56:34.111	1.35579				2
2025.09.15	00:56:34.422	1.35577				2
2025.09.15	00:56:36.899		1.35674			4
2025.09.15	00:56:39.373	1.35578				2
2025.09.15	00:56:42.460	1.35579				2
2025.09.15	00:56:44.322	1.35583				2
2025.09.15	00:56:44.624	1.35582				2
2025.09.15	00:56:45.242	1.35583				2
2025.09.15	00:56:52.026	1.35584	1.35682			6
2025.09.15	00:56:52.641	1.35593				2
2025.09.15	00:56:52.951	1.35594				2
2025.09.15	00:56:53.564	1.35595				2
2025.09.15	00:56:54.486		1.35689			4
2025.09.15	00:56:56.028	1.35597	1.35674			6
2025.09.15	00:56:56.955	1.35596				2
2025.09.15	00:56:57.884	1.35594	1.35688			6
2025.09.15	00:56:58.192		1.35682			4
2025.09.15	00:56:58.500		1.35688			4
2025.09.15	00:56:58.802	1.35593	1.35678			6
2025.09.15	00:57:00.041	1.35593				2
2025.09.15	00:57:00.345	1.35594				2
2025.09.15	00:57:06.521	1.35592				2
2025.09.15	00:57:06.832	1.35605	1.35703			6
2025.09.15	00:57:07.140		1.35705			4
2025.09.15	00:57:08.369		1.35703			4
2025.09.15	00:57:08.982	1.35604	1.35705			6
2025.09.15	00:57:09.296	1.35590	1.35675			6
2025.09.15	00:57:09.600	1.35603	1.35693			6
2025.09.15	00:57:09.911	1.35604	1.35704			6
2025.09.15	00:57:10.216	1.35590	1.35675			6
2025.09.15	00:57:10.828	1.35604	1.35705			6
2025.09.15	00:57:11.138	1.35590	1.35675			6
2025.09.15	00:57:11.750	1.35604	1.35702			6
2025.09.15	00:57:15.446	1.35603	1.35718			6
2025.09.15	00:57:15.754	1.35598	1.35698			6
2025.09.15	00:57:16.069	1.35597				2
2025.09.15	00:57:16.372	1.35598				2
2025.09.15	00:57:16.989	1.35597				2
2025.09.15	00:57:30.554	1.35593	1.35682			6
2025.09.15	00:57:30.866	1.35601	1.35708			6
2025.09.15	00:57:32.098	1.35597	1.35680			6
2025.09.15	00:57:33.634	1.35598				2
2025.09.15	00:57:33.940	1.35610	1.35699			6
2025.09.15	00:57:34.253	1.35611	1.35705			6
2025.09.15	00:57:35.477		1.35699			4
2025.09.15	00:57:35.785	1.35616	1.35697			6
2025.09.15	00:57:38.856	1.35614				2
2025.09.15	00:57:40.089	1.35611				2
2025.09.15	00:57:42.545	1.35607	1.35692			6
2025.09.15	00:57:42.855	1.35606				2
2025.09.15	00:57:44.396	1.35607				2
2025.09.15	00:57:56.713	1.35608				2
2025.09.15	00:57:58.262		1.35694			4
2025.09.15	00:58:00.114	1.35608				2
2025.09.15	00:58:00.423	1.35605	1.35687			6
2025.09.15	00:58:00.726	1.35609	1.35686			6
2025.09.15	00:58:01.044	1.35566	1.35695			6
2025.09.15	00:58:01.347	1.35565				2
2025.09.15	00:58:01.963	1.35586	1.35696			6
2025.09.15	00:58:02.277	1.35585				2
2025.09.15	00:58:03.514	1.35583				2
2025.09.15	00:58:09.988	1.35567	1.35697			6
2025.09.15	00:58:10.300		1.35698			4
2025.09.15	00:58:10.910	1.35569				2
2025.09.15	00:58:11.223	1.35568				2
2025.09.15	00:58:11.840	1.35566				2
2025.09.15	00:58:13.687	1.35565	1.35687			6
2025.09.15	00:58:13.997	1.35567				2
2025.09.15	00:58:14.313	1.35569				2
2025.09.15	00:58:15.237		1.35685			4
2025.09.15	00:58:15.548	1.35566				2
2025.09.15	00:58:17.093	1.35559				2
2025.09.15	00:58:17.395	1.35556				2
2025.09.15	00:58:17.710	1.35553				2
2025.09.15	00:58:18.325	1.35552				2
2025.09.15	00:58:21.406	1.35557	1.35697			6
2025.09.15	00:58:22.034	1.35558				2
2025.09.15	00:58:22.652	1.35557	1.35698			6
2025.09.15	00:58:26.369	1.35558	1.35699			6
2025.09.15	00:58:27.295	1.35573	1.35704			6
2025.09.15	00:58:27.601	1.35575	1.35700			6
2025.09.15	00:58:27.912	1.35562	1.35703			6
2025.09.15	00:58:28.219	1.35551	1.35692			6
2025.09.15	00:58:29.771		1.35685			4
2025.09.15	00:58:30.076		1.35684			4
2025.09.15	00:58:30.385		1.35683			4
2025.09.15	00:58:34.411		1.35679			4
2025.09.15	00:58:42.132		1.35686			4
2025.09.15	00:58:43.054		1.35685			4
2025.09.15	00:58:45.533		1.35684			4
2025.09.15	00:58:51.078	1.35591	1.35707			6
2025.09.15	00:58:51.394	1.35590				2
2025.09.15	00:58:51.705	1.35591				2
2025.09.15	00:58:52.628		1.35708			4
2025.09.15	00:58:53.555	1.35592				2
2025.09.15	00:58:54.179	1.35558	1.35698			6
2025.09.15	00:58:54.482	1.35551				2
2025.09.15	00:58:54.791	1.35554	1.35700			6
2025.09.15	00:58:56.021	1.35552				2
2025.09.15	00:58:56.947	1.35551	1.35704			6
2025.09.15	00:59:00.040	1.35551				2
2025.09.15	00:59:01.895	1.35552				2
2025.09.15	00:59:06.844	1.35544	1.35729			6
2025.09.15	00:59:07.150	1.35546	1.35723			6
2025.09.15	00:59:07.460	1.35548				2
2025.09.15	00:59:07.773	1.35549	1.35720			6
2025.09.15	00:59:09.934	1.35548	1.35717			6
2025.09.15	00:59:10.546	1.35549	1.35720			6
2025.09.15	00:59:10.848	1.35548				2
2025.09.15	00:59:13.634	1.35551				2
2025.09.15	00:59:16.717		1.35719			4
2025.09.15	00:59:17.334		1.35716			4
2025.09.15	00:59:17.953		1.35719			4
2025.09.15	00:59:20.121	1.35550	1.35717			6
2025.09.15	00:59:21.974		1.35712			4
2025.09.15	00:59:23.827		1.35711			4
2025.09.15	00:59:24.139	1.35544	1.35707			6
2025.09.15	00:59:24.452	1.35538				2
2025.09.15	00:59:24.760	1.35548	1.35712			6
2025.09.15	00:59:25.068	1.35551				2
2025.09.15	00:59:25.686	1.35552				2
2025.09.15	00:59:26.299		1.35708			4
2025.09.15	00:59:27.839	1.35543	1.35703			6
2025.09.15	00:59:28.148	1.35532	1.35734			6
2025.09.15	00:59:28.461	1.35538				2
2025.09.15	00:59:29.077	1.35532	1.35731			6
2025.09.15	00:59:29.694	1.35534	1.35721			6
2025.09.15	00:59:31.222	1.35530	1.35722			6
2025.09.15	00:59:36.464		1.35720			4
2025.09.15	00:59:36.774		1.35722			4
2025.09.15	00:59:37.699		1.35720			4
2025.09.15	00:59:38.316	1.35542	1.35712			6
2025.09.15	00:59:38.930		1.35720			4
2025.09.15	00:59:39.846		1.35717			4
2025.09.15	00:59:40.158		1.35716			4
2025.09.15	00:59:44.185		1.35715			4
2025.09.15	00:59:44.797		1.35740			4
2025.09.15	00:59:46.032		1.35739			4
2025.09.15	00:59:47.577	1.35568	1.35725			6
2025.09.15	00:59:49.119		1.35726			4
2025.09.15	00:59:57.450		1.35725			4
2025.09.15	00:59:57.762	1.35565	1.35722			6
2025.09.15	00:59:58.378	1.35564	1.35721			6
2025.09.15	01:00:00.228	1.35588	1.35682			6
2025.09.15	01:00:00.531		1.35667			4
2025.09.15	01:00:00.839	1.35558	1.35652			6
2025.09.15	01:00:01.140	1.35556	1.35641			6
2025.09.15	01:00:01.445	1.35546	1.35638			6
2025.09.15	01:00:01.749	1.35549	1.35636			6
2025.09.15	01:00:02.058	1.35554				2
2025.09.15	01:00:02.361	1.35548	1.35634			6
2025.09.15	01:00:02.671	1.35555				2
2025.09.15	01:00:02.982	1.35554				2
2025.09.15	01:00:03.293		1.35631			4
2025.09.15	01:00:03.602		1.35683			4
2025.09.15	01:00:03.914	1.35553	1.35682			6
2025.09.15	01:00:04.219	1.35554	1.35683			6
2025.09.15	01:00:04.532	1.35558	1.35687			6
2025.09.15	01:00:04.845	1.35556	1.35685			6
2025.09.15	01:00:05.462	1.35544	1.35673			6
2025.09.15	01:00:05.767	1.35551	1.35680			6
2025.09.15	01:00:06.373	1.35550	1.35679			6
2025.09.15	01:00:06.989		1.35624			4
2025.09.15	01:00:07.296		1.35620			4
2025.09.15	01:00:08.217		1.35617			4
2025.09.15	01:00:08.527	1.35552				2
2025.09.15	01:00:08.829	1.35560				2
2025.09.15	01:00:09.136	1.35565	1.35615			6
2025.09.15	01:00:10.981	1.35549	1.35614			6
2025.09.15	01:00:11.285	1.35536	1.35607			6
2025.09.15	01:00:12.198	1.35538	1.35605			6
2025.09.15	01:00:12.808	1.35539	1.35607			6
2025.09.15	01:00:14.350		1.35602			4
2025.09.15	01:00:14.661	1.35527	1.35597			6
2025.09.15	01:00:14.970	1.35529	1.35596			6
2025.09.15	01:00:15.277	1.35527				2
2025.09.15	01:00:15.582	1.35531				2
2025.09.15	01:00:15.891	1.35534				2
2025.09.15	01:00:16.193		1.35627			4
2025.09.15	01:00:16.800	1.35535				2
2025.09.15	01:00:18.340	1.35524				2
2025.09.15	01:00:19.868	1.35526				2
2025.09.15	01:00:21.097	1.35530	1.35638			6
2025.09.15	01:00:21.402	1.35528	1.35630			6
2025.09.15	01:00:22.016	1.35525	1.35622			6
2025.09.15	01:00:22.320	1.35528	1.35617			6
2025.09.15	01:00:22.929	1.35521	1.35619			6
2025.09.15	01:00:23.551	1.35522	1.35630			6
2025.09.15	01:00:23.858	1.35527				2
2025.09.15	01:00:24.160		1.35629			4
2025.09.15	01:00:24.780	1.35526	1.35630			6
2025.09.15	01:00:25.087		1.35632			4
2025.09.15	01:00:25.393		1.35628			4
2025.09.15	01:00:25.700	1.35525				2
2025.09.15	01:00:26.002		1.35629			4
2025.09.15	01:00:26.307	1.35524				2
2025.09.15	01:00:26.912	1.35527				2
2025.09.15	01:00:27.518		1.35617			4
2025.09.15	01:00:27.819	1.35522	1.35610			6
2025.09.15	01:00:28.126		1.35609			4
2025.09.15	01:00:28.434	1.35559	1.35608			6
2025.09.15	01:00:28.739		1.35616			4
2025.09.15	01:00:29.047	1.35561	1.35612			6
2025.09.15	01:00:29.353	1.35555	1.35631			6
2025.09.15	01:00:30.272	1.35554				2
2025.09.15	01:00:30.885	1.35559	1.35634			6
2025.09.15	01:00:31.189	1.35552				2
2025.09.15	01:00:32.416	1.35556				2
2025.09.15	01:00:33.654	1.35552				2
2025.09.15	01:00:34.570		1.35631			4
2025.09.15	01:00:35.485		1.35630			4
2025.09.15	01:00:36.096		1.35631			4
2025.09.15	01:00:37.324		1.35633			4
2025.09.15	01:00:37.630	1.35554	1.35627			6
2025.09.15	01:00:37.938	1.35553	1.35630			6
2025.09.15	01:00:38.243	1.35555	1.35628			6
2025.09.15	01:00:38.545	1.35552	1.35632			6
2025.09.15	01:00:38.853		1.35623			4
2025.09.15	01:00:39.156		1.35621			4
2025.09.15	01:00:42.510	1.35559	1.35631			6
2025.09.15	01:00:44.042	1.35555				2
2025.09.15	01:00:44.345		1.35630			4
2025.09.15	01:00:44.649	1.35556	1.35629			6
2025.09.15	01:00:44.963	1.35560	1.35631			6
2025.09.15	01:00:45.271	1.35562	1.35633			6
2025.09.15	01:00:47.736	1.35555	1.35628			6
2025.09.15	01:00:48.038	1.35552				2
2025.09.15	01:00:48.340		1.35621			4
2025.09.15	01:00:48.643	1.35555	1.35627			6
2025.09.15	01:00:48.944	1.35553	1.35628			6
2025.09.15	01:00:49.245	1.35555	1.35627			6
2025.09.15	01:00:50.476	1.35556	1.35625			6
2025.09.15	01:00:51.084		1.35626			4
2025.09.15	01:00:51.389		1.35628			4
2025.09.15	01:00:52.619		1.35626			4
2025.09.15	01:00:52.927	1.35557				2
2025.09.15	01:00:53.534	1.35556	1.35628			6
2025.09.15	01:00:55.992		1.35630			4
2025.09.15	01:00:57.836	1.35555	1.35633			6
2025.09.15	01:00:58.137	1.35556				2
2025.09.15	01:00:58.447		1.35632			4
2025.09.15	01:00:59.054	1.35557	1.35633			6
2025.09.15	01:01:00.280	1.35555	1.35621			6
2025.09.15	01:01:00.582		1.35631			4
2025.09.15	01:01:01.804		1.35629			4
2025.09.15	01:01:03.632	1.35552				2
2025.09.15	01:01:04.543	1.35551				2
2025.09.15	01:01:04.850	1.35553	1.35631			6
2025.09.15	01:01:05.453	1.35554				2
2025.09.15	01:01:11.276		1.35630			4
2025.09.15	01:01:15.266	1.35555				2
2025.09.15	01:01:18.631	1.35578	1.35596			6
2025.09.15	01:01:18.939	1.35593	1.35612			6
2025.09.15	01:01:21.084	1.35589				2
2025.09.15	01:01:29.976	1.35595	1.35615			6
2025.09.15	01:01:30.584	1.35590	1.35613			6
2025.09.15	01:01:31.191	1.35594				2
2025.09.15	01:01:34.269	1.35593				2
2025.09.15	01:01:41.615	1.35590				2
2025.09.15	01:01:42.528	1.35592				2
2025.09.15	01:01:43.743		1.35614			4
2025.09.15	01:01:46.491	1.35594	1.35613			6
2025.09.15	01:01:47.397	1.35590	1.35612			6
2025.09.15	01:01:48.628	1.35589				2
2025.09.15	01:01:50.472	1.35588				2
2025.09.15	01:01:52.313		1.35611			4
2025.09.15	01:01:52.622	1.35584	1.35605			6
2025.09.15	01:01:53.239	1.35586	1.35606			6
2025.09.15	01:01:53.543		1.35604			4
2025.09.15	01:02:00.278	1.35586				2
2025.09.15	01:02:01.811		1.35607			4
2025.09.15	01:02:05.193		1.35604			4
2025.09.15	01:02:14.399	1.35585				2
2025.09.15	01:02:15.326	1.35583				2
2025.09.15	01:02:19.019		1.35605			4
2025.09.15	01:02:19.626		1.35603			4
2025.09.15	01:02:31.841	1.35575	1.35594			6
2025.09.15	01:02:32.146	1.35574				2
2025.09.15	01:02:35.505		1.35593			4
2025.09.15	01:02:35.808	1.35572				2
2025.09.15	01:02:38.545	1.35571	1.35592			6
2025.09.15	01:02:52.952	1.35574	1.35595			6
2025.09.15	01:02:53.260	1.35575				2
2025.09.15	01:02:53.867	1.35570	1.35590			6
2025.09.15	01:02:57.843	1.35568				2
2025.09.15	01:02:58.145	1.35569				2
2025.09.15	01:02:59.066		1.35591			4
2025.09.15	01:02:59.377		1.35590			4
2025.09.15	01:03:00.296	1.35569				2
2025.09.15	01:03:01.828	1.35564	1.35583			6
2025.09.15	01:03:02.131		1.35585			4
2025.09.15	01:03:03.048		1.35583			4
2025.09.15	01:03:03.355		1.35584			4
2025.09.15	01:03:05.500		1.35585			4
2025.09.15	01:03:08.587		1.35586			4
2025.09.15	01:03:14.105		1.35585			4
2025.09.15	01:03:52.685		1.35586			4
2025.09.15	01:04:00.063	1.35564				2
2025.09.15	01:04:17.795	1.35559	1.35583			6
2025.09.15	01:04:18.410		1.35582			4
2025.09.15	01:04:27.298		1.35583			4
2025.09.15	01:04:38.961	1.35564	1.35584			6
2025.09.15	01:04:40.787	1.35569	1.35572			6
2025.09.15	01:05:00.028	1.35569				2
2025.09.15	01:05:00.633	1.35570	1.35573			6
2025.09.15	01:05:03.090	1.35573	1.35576			6
2025.09.15	01:05:03.712	1.35574	1.35577			6
2025.09.15	01:05:04.316	1.35571	1.35580			6
2025.09.15	01:05:04.921	1.35567	1.35592			6
2025.09.15	01:05:06.463	1.35568				2
2025.09.15	01:05:09.249	1.35577	1.35603			6
2025.09.15	01:05:09.862		1.35601			4
2025.09.15	01:05:10.490		1.35596			4
2025.09.15	01:05:16.372	1.35576				2
2025.09.15	01:05:17.303	1.35577				2
2025.09.15	01:05:17.619	1.35576				2
2025.09.15	01:05:22.566	1.35577				2
2025.09.15	01:05:23.796	1.35576				2
2025.09.15	01:05:24.100	1.35577				2
2025.09.15	01:05:29.956	1.35578				2
2025.09.15	01:05:30.262	1.35576				2
2025.09.15	01:05:30.570	1.35577				2
2025.09.15	01:05:30.875	1.35576				2
2025.09.15	01:05:31.797	1.35577	1.35599			6
2025.09.15	01:05:32.098		1.35602			4
2025.09.15	01:05:33.333		1.35601			4
2025.09.15	01:05:37.946	1.35578				2
2025.09.15	01:05:39.804		1.35600			4
2025.09.15	01:05:40.109	1.35576	1.35594			6
2025.09.15	01:05:40.418		1.35597			4
2025.09.15	01:05:42.586	1.35574	1.35594			6
2025.09.15	01:05:42.892	1.35573				2
2025.09.15	01:05:43.819	1.35572				2
2025.09.15	01:05:45.678		1.35595			4
2025.09.15	01:05:55.886	1.35573				2
2025.09.15	01:05:56.491	1.35572				2
2025.09.15	01:05:56.807	1.35573				2
2025.09.15	01:05:59.589		1.35590			4
2025.09.15	01:06:00.203	1.35573				2
2025.09.15	01:06:00.828		1.35589			4
2025.09.15	01:06:02.370		1.35587			4
2025.09.15	01:06:05.136	1.35570				2
2025.09.15	01:06:06.677	1.35571				2
2025.09.15	01:06:07.898	1.35570				2
2025.09.15	01:06:09.129	1.35582	1.35585			6
2025.09.15	01:06:11.591	1.35581	1.35584			6
2025.09.15	01:07:00.259	1.35574	1.35577			6
2025.09.15	01:07:01.182	1.35569	1.35581			6
2025.09.15	01:07:02.416	1.35566	1.35578			6
2025.09.15	01:07:06.084	1.35567				2
2025.09.15	01:07:07.314		1.35577			4
2025.09.15	01:07:08.230	1.35568				2
2025.09.15	01:07:09.147		1.35576			4
2025.09.15	01:07:10.369	1.35569				2
2025.09.15	01:07:11.281		1.35575			4
2025.09.15	01:07:12.201	1.35570				2
2025.09.15	01:07:13.116	1.35571	1.35576			6
2025.09.15	01:07:14.343		1.35575			4
2025.09.15	01:07:17.091	1.35572				2
2025.09.15	01:07:33.353	1.35571	1.35574			6
2025.09.15	01:07:51.686	1.35573	1.35576			6
2025.09.15	01:08:00.227	1.35573				2
2025.09.15	01:08:00.833	1.35572	1.35575			6
2025.09.15	01:08:21.331	1.35571	1.35574			6
2025.09.15	01:08:51.332	1.35581	1.35584			6
2025.09.15	01:08:51.638	1.35589	1.35592			6
2025.09.15	01:08:51.940	1.35590	1.35593			6
2025.09.15	01:08:53.160	1.35585	1.35597			6
2025.09.15	01:08:57.157	1.35586				2
2025.09.15	01:08:58.390		1.35596			4
2025.09.15	01:08:59.006	1.35591	1.35601			6
2025.09.15	01:08:59.309	1.35596	1.35605			6
2025.09.15	01:08:59.612	1.35595	1.35604			6
2025.09.15	01:09:00.237	1.35593	1.35603			6
2025.09.15	01:09:00.541	1.35588	1.35598			6
2025.09.15	01:09:01.166		1.35599			4
2025.09.15	01:09:02.097	1.35587	1.35597			6
2025.09.15	01:09:02.404	1.35588	1.35598			6
2025.09.15	01:09:03.332	1.35589	1.35597			6
2025.09.15	01:09:04.255	1.35590				2
2025.09.15	01:09:05.181		1.35596			4
2025.09.15	01:09:05.800	1.35589	1.35595			6
2025.09.15	01:09:07.351	1.35590				2
2025.09.15	01:09:07.654	1.35591	1.35596			6
2025.09.15	01:09:08.274		1.35595			4
2025.09.15	01:09:10.107	1.35595	1.35599			6
2025.09.15	01:09:11.327	1.35596	1.35600			6
2025.09.15	01:09:12.246	1.35597				2
2025.09.15	01:09:27.215	1.35596	1.35599			6
2025.09.15	01:09:28.427	1.35597	1.35600			6
2025.09.15	01:09:30.879	1.35596	1.35599			6
2025.09.15	01:09:45.540	1.35597	1.35600			6
2025.09.15	01:09:53.489	1.35596	1.35599			6
2025.09.15	01:09:59.314	1.35597	1.35600			6
2025.09.15	01:10:00.235	1.35597				2
2025.09.15	01:10:32.994	1.35598	1.35601			6
2025.09.15	01:10:33.912	1.35597	1.35600			6
2025.09.15	01:10:54.243	1.35599	1.35602			6
2025.09.15	01:10:54.548	1.35598	1.35601			6
2025.09.15	01:10:54.853	1.35599	1.35602			6
2025.09.15	01:10:55.157	1.35598				2
2025.09.15	01:10:57.313		1.35601			4
2025.09.15	01:10:58.241	1.35597				2
2025.09.15	01:11:00.085	1.35597				2
2025.09.15	01:11:00.392	1.35598				2
2025.09.15	01:11:16.123	1.35596	1.35599			6
2025.09.15	01:11:16.741	1.35597	1.35600			6
2025.09.15	01:11:17.972	1.35596	1.35599			6
2025.09.15	01:11:18.593	1.35597	1.35600			6
2025.09.15	01:11:21.085	1.35596	1.35599			6
2025.09.15	01:11:27.624	1.35599	1.35602			6
2025.09.15	01:11:28.238	1.35595	1.35606			6
2025.09.15	01:11:28.859	1.35594	1.35605			6
2025.09.15	01:11:29.163		1.35604			4
2025.09.15	01:11:31.325	1.35595				2
2025.09.15	01:11:32.257		1.35603			4
2025.09.15	01:11:33.204	1.35596				2
2025.09.15	01:11:34.151		1.35602			4
2025.09.15	01:11:35.077	1.35600	1.35605			6
2025.09.15	01:11:36.000	1.35599	1.35604			6
2025.09.15	01:11:36.305		1.35607			4
2025.09.15	01:11:39.395		1.35606			4
2025.09.15	01:11:40.949	1.35601				2
2025.09.15	01:11:41.257		1.35605			4
2025.09.15	01:11:42.171		1.35603			4
2025.09.15	01:11:43.096		1.35604			4
2025.09.15	01:11:44.324		1.35603			4
2025.09.15	01:11:44.935		1.35605			4
2025.09.15	01:11:46.166		1.35606			4
2025.09.15	01:11:47.713	1.35600				2
2025.09.15	01:11:48.323		1.35605			4
2025.09.15	01:11:50.174		1.35604			4
2025.09.15	01:11:51.098	1.35601				2
2025.09.15	01:11:52.630	1.35602	1.35605			6
2025.09.15	01:11:57.828	1.35601	1.35604			6
2025.09.15	01:12:00.276	1.35602	1.35605			6
2025.09.15	01:12:16.488	1.35601	1.35604			6
2025.09.15	01:12:17.714	1.35602	1.35605			6
2025.09.15	01:12:22.013	1.35615	1.35618			6
2025.09.15	01:12:22.316	1.35616	1.35619			6
2025.09.15	01:12:22.620	1.35615	1.35618			6
2025.09.15	01:12:23.242	1.35610	1.35622			6
2025.09.15	01:12:26.328	1.35609	1.35621			6
2025.09.15	01:12:26.952	1.35611	1.35623			6
2025.09.15	01:12:28.190	1.35612				2
2025.09.15	01:12:29.113		1.35622			4
2025.09.15	01:12:30.350	1.35613				2
2025.09.15	01:12:30.657	1.35612	1.35621			6
2025.09.15	01:12:31.280		1.35620			4
2025.09.15	01:12:32.198	1.35613				2
2025.09.15	01:12:33.142		1.35619			4
2025.09.15	01:12:34.378	1.35614				2
2025.09.15	01:12:35.305		1.35618			4
2025.09.15	01:12:36.540	1.35615	1.35619			6
2025.09.15	01:12:38.081	1.35616				2
2025.09.15	01:12:57.037	1.35615	1.35618			6
2025.09.15	01:12:57.650	1.35616	1.35619			6
2025.09.15	01:13:00.111	1.35616				2
2025.09.15	01:13:16.931	1.35615	1.35618			6
2025.09.15	01:13:19.669	1.35616	1.35619			6
2025.09.15	01:13:23.927	1.35615	1.35618			6
2025.09.15	01:13:24.234	1.35614	1.35617			6
2025.09.15	01:13:25.777	1.35615	1.35618			6
2025.09.15	01:13:34.024	1.35613	1.35616			6
2025.09.15	01:13:34.328	1.35612	1.35615			6
2025.09.15	01:13:35.253	1.35606	1.35610			6
2025.09.15	01:13:36.185	1.35603	1.35613			6
2025.09.15	01:13:37.113	1.35604				2
2025.09.15	01:13:38.349		1.35612			4
2025.09.15	01:13:39.272	1.35605				2
2025.09.15	01:13:40.200		1.35611			4
2025.09.15	01:13:41.122	1.35606				2
2025.09.15	01:13:41.428	1.35607	1.35612			6
2025.09.15	01:13:42.367	1.35606				2
2025.09.15	01:13:42.673	1.35605	1.35611			6
2025.09.15	01:13:43.285	1.35606				2
2025.09.15	01:13:44.223		1.35610			4
2025.09.15	01:13:46.388	1.35605	1.35608			6
2025.09.15	01:13:49.448	1.35600	1.35603			6
2025.09.15	01:13:49.756	1.35601	1.35604			6
2025.09.15	01:13:50.360	1.35597	1.35607			6
2025.09.15	01:13:51.298	1.35598				2
2025.09.15	01:13:53.136	1.35599	1.35606			6
2025.09.15	01:13:54.373		1.35605			4
2025.09.15	01:13:55.305	1.35600				2
2025.09.15	01:13:56.232		1.35604			4
2025.09.15	01:13:58.088	1.35601				2
2025.09.15	01:13:59.614	1.35600	1.35603			6
2025.09.15	01:14:00.225	1.35600				2
2025.09.15	01:14:05.744	1.35601	1.35604			6
2025.09.15	01:14:07.890	1.35600	1.35603			6
2025.09.15	01:14:09.728	1.35601	1.35604			6
2025.09.15	01:14:13.078	1.35600	1.35603			6
2025.09.15	01:14:23.499	1.35601	1.35604			6
2025.09.15	01:14:33.576	1.35600	1.35603			6
2025.09.15	01:14:34.806	1.35599	1.35602			6
2025.09.15	01:14:38.497	1.35600	1.35603			6
2025.09.15	01:14:44.052	1.35603	1.35606			6
2025.09.15	01:14:45.277	1.35601	1.35607			6
2025.09.15	01:14:45.900	1.35602	1.35608			6
2025.09.15	01:14:46.202	1.35603				2
2025.09.15	01:14:47.131		1.35607			4
2025.09.15	01:14:48.976	1.35602	1.35606			6
2025.09.15	01:14:49.286	1.35603				2
2025.09.15	01:14:54.543	1.35602	1.35605			6
2025.09.15	01:14:56.093	1.35603	1.35606			6
2025.09.15	01:15:00.106	1.35603				2
2025.09.15	01:15:02.276	1.35602	1.35605			6
2025.09.15	01:15:03.215	1.35601	1.35604			6
2025.09.15	01:15:04.141	1.35599	1.35605			6
2025.09.15	01:15:05.386	1.35600				2
2025.09.15	01:15:06.322		1.35604			4
2025.09.15	01:15:07.258		1.35603			4
2025.09.15	01:15:08.812	1.35601	1.35604			6
2025.09.15	01:15:09.116	1.35602	1.35605			6
2025.09.15	01:15:10.353	1.35600	1.35607			6
2025.09.15	01:15:11.279		1.35606			4
2025.09.15	01:15:12.217	1.35601				2
2025.09.15	01:15:13.146		1.35605			4
2025.09.15	01:15:14.392	1.35602				2
2025.09.15	01:15:18.423	1.35603	1.35606			6
2025.09.15	01:15:18.748	1.35604	1.35607			6
2025.09.15	01:15:48.778	1.35603	1.35606			6
2025.09.15	01:16:00.230	1.35603				2
2025.09.15	01:16:20.651	1.35604	1.35607			6
2025.09.15	01:16:33.952	1.35603	1.35606			6
2025.09.15	01:16:38.885	1.35602	1.35605			6
2025.09.15	01:16:39.187	1.35603	1.35606			6
2025.09.15	01:16:50.027	1.35602	1.35605			6
2025.09.15	01:16:51.264	1.35600	1.35607			6
2025.09.15	01:16:53.105		1.35606			4
2025.09.15	01:16:54.336	1.35602	1.35607			6
2025.09.15	01:16:55.266	1.35599	1.35610			6
2025.09.15	01:16:56.190		1.35609			4
2025.09.15	01:16:57.126	1.35600				2
2025.09.15	01:16:58.365		1.35608			4
2025.09.15	01:16:59.311	1.35601				2
2025.09.15	01:17:00.259	1.35601	1.35607			6
2025.09.15	01:17:02.122	1.35602				2
2025.09.15	01:17:03.354		1.35606			4
2025.09.15	01:17:05.208	1.35603				2
2025.09.15	01:17:30.133	1.35602				2
2025.09.15	01:17:31.367	1.35601	1.35608			6
2025.09.15	01:17:32.286		1.35607			4
2025.09.15	01:17:33.205	1.35602				2
2025.09.15	01:17:34.127		1.35606			4
2025.09.15	01:17:36.292	1.35603				2
2025.09.15	01:17:42.781	1.35598	1.35601			6
2025.09.15	01:17:43.087	1.35595	1.35598			6
2025.09.15	01:17:43.394	1.35594	1.35597			6
2025.09.15	01:17:44.325	1.35589	1.35601			6
2025.09.15	01:17:46.486	1.35590	1.35602			6
2025.09.15	01:17:47.109	1.35589	1.35601			6
2025.09.15	01:17:48.373	1.35590				2
2025.09.15	01:17:50.229	1.35591	1.35600			6
2025.09.15	01:17:51.151		1.35599			4
2025.09.15	01:17:52.389	1.35592				2
2025.09.15	01:17:53.328		1.35598			4
2025.09.15	01:17:55.173	1.35593				2
2025.09.15	01:17:56.104		1.35597			4
2025.09.15	01:17:57.049	1.35592	1.35596			6
2025.09.15	01:17:59.196	1.35593				2
2025.09.15	01:18:00.117	1.35593				2
2025.09.15	01:18:05.616	1.35594	1.35597			6
2025.09.15	01:18:36.708	1.35595	1.35598			6
2025.09.15	01:18:38.542	1.35594	1.35597			6
2025.09.15	01:19:00.070	1.35594				2
2025.09.15	01:19:03.758	1.35593	1.35596			6
2025.09.15	01:19:18.518	1.35591	1.35594			6
2025.09.15	01:19:19.135	1.35589	1.35595			6
2025.09.15	01:19:21.297	1.35590				2
2025.09.15	01:19:23.135		1.35594			4
2025.09.15	01:19:26.212	1.35591				2
2025.09.15	01:20:00.049	1.35591				2
2025.09.15	01:20:08.672	1.35590	1.35593			6
2025.09.15	01:20:14.541	1.35586	1.35589			6
2025.09.15	01:20:15.162	1.35581	1.35593			6
2025.09.15	01:20:20.111	1.35582				2
2025.09.15	01:20:21.350		1.35592			4
2025.09.15	01:20:22.277	1.35583				2
2025.09.15	01:20:23.204		1.35591			4
2025.09.15	01:20:24.128	1.35584				2
2025.09.15	01:20:25.360		1.35590			4
2025.09.15	01:20:27.222	1.35585				2
2025.09.15	01:20:28.136		1.35589			4
2025.09.15	01:20:30.286	1.35586				2
2025.09.15	01:20:33.027	1.35588	1.35591			6
2025.09.15	01:20:33.330	1.35586	1.35589			6
2025.09.15	01:20:49.184	1.35590	1.35593			6
2025.09.15	01:20:49.797	1.35591	1.35594			6
2025.09.15	01:20:50.105	1.35587	1.35598			6
2025.09.15	01:20:52.896		1.35597			4
2025.09.15	01:20:54.131	1.35588	1.35599			6
2025.09.15	01:20:54.436	1.35589	1.35600			6
2025.09.15	01:20:57.232		1.35599			4
2025.09.15	01:20:58.175	1.35590	1.35598			6
2025.09.15	01:20:59.108	1.35591				2
2025.09.15	01:21:00.032	1.35591				2
2025.09.15	01:21:00.339		1.35597			4
2025.09.15	01:21:01.263	1.35592				2
2025.09.15	01:21:01.568	1.35593	1.35598			6
2025.09.15	01:21:02.186		1.35597			4
2025.09.15	01:21:02.491	1.35594	1.35598			6
2025.09.15	01:21:05.259	1.35595				2
2025.09.15	01:21:53.846	1.35594	1.35597			6
2025.09.15	01:22:00.257	1.35594				2
2025.09.15	01:22:03.927	1.35595	1.35598			6
2025.09.15	01:22:06.091	1.35593	1.35596			6
2025.09.15	01:22:06.407	1.35595	1.35598			6
2025.09.15	01:22:10.416	1.35596	1.35599			6
2025.09.15	01:22:11.347	1.35595	1.35598			6
2025.09.15	01:22:11.655	1.35596	1.35599			6
2025.09.15	01:22:13.204	1.35591	1.35594			6
2025.09.15	01:22:13.513	1.35590	1.35593			6
2025.09.15	01:22:14.132	1.35586	1.35597			6
2025.09.15	01:22:15.060	1.35585	1.35596			6
2025.09.15	01:22:16.292	1.35586				2
2025.09.15	01:22:16.603	1.35585				2
2025.09.15	01:22:17.217	1.35586				2
2025.09.15	01:22:17.834	1.35585				2
2025.09.15	01:22:18.456	1.35586				2
2025.09.15	01:22:20.317	1.35587				2
2025.09.15	01:22:20.619	1.35586				2
2025.09.15	01:22:21.238	1.35587				2
2025.09.15	01:22:22.165		1.35595			4
2025.09.15	01:22:22.780	1.35588	1.35596			6
2025.09.15	01:22:23.085	1.35587	1.35595			6
2025.09.15	01:22:23.391	1.35588				2
2025.09.15	01:22:24.314		1.35594			4
2025.09.15	01:22:24.620	1.35589	1.35595			6
2025.09.15	01:22:25.237		1.35594			4
2025.09.15	01:22:25.541	1.35590	1.35595			6
2025.09.15	01:22:25.852	1.35589	1.35594			6
2025.09.15	01:22:26.154		1.35593			4
2025.09.15	01:22:28.310	1.35590				2
2025.09.15	01:22:29.837	1.35591	1.35594			6
2025.09.15	01:22:30.455	1.35590	1.35593			6
2025.09.15	01:22:41.455	1.35591	1.35594			6
2025.09.15	01:23:00.097	1.35591				2
2025.09.15	01:23:32.326	1.35590	1.35593			6
2025.09.15	01:23:33.263	1.35589				2
2025.09.15	01:23:35.110	1.35590				2
2025.09.15	01:24:00.119	1.35590				2
2025.09.15	01:24:32.463		1.35593			4
2025.09.15	01:24:34.909	1.35587	1.35590			6
2025.09.15	01:24:35.216	1.35583	1.35594			6
2025.09.15	01:24:35.835	1.35584				2
2025.09.15	01:24:36.142	1.35582				2
2025.09.15	01:24:36.752	1.35583				2
2025.09.15	01:24:37.058	1.35582	1.35593			6
2025.09.15	01:24:37.976	1.35583	1.35594			6
2025.09.15	01:24:38.283	1.35582	1.35593			6
2025.09.15	01:24:38.893	1.35583	1.35594			6
2025.09.15	01:24:39.202	1.35582	1.35593			6
2025.09.15	01:24:41.042	1.35583	1.35594			6
2025.09.15	01:24:41.351		1.35593			4
2025.09.15	01:24:41.960	1.35584				2
2025.09.15	01:24:42.265	1.35583				2
2025.09.15	01:24:44.108	1.35585				2
2025.09.15	01:24:44.414	1.35584	1.35592			6
2025.09.15	01:24:45.339	1.35585				2
2025.09.15	01:24:45.644	1.35584	1.35591			6
2025.09.15	01:24:45.954	1.35583	1.35590			6
2025.09.15	01:24:47.177	1.35582				2
2025.09.15	01:24:48.103	1.35583				2
2025.09.15	01:24:49.328		1.35589			4
2025.09.15	01:24:50.248	1.35584				2
2025.09.15	01:24:52.403		1.35588			4
2025.09.15	01:24:54.250	1.35585				2
2025.09.15	01:25:00.060	1.35585				2
2025.09.15	01:25:00.667	1.35586	1.35589			6
2025.09.15	01:25:01.271	1.35585				2
2025.09.15	01:25:03.113	1.35586				2
2025.09.15	01:25:06.475	1.35591	1.35594			6
2025.09.15	01:25:07.086	1.35586	1.35596			6
2025.09.15	01:25:07.707		1.35597			4
2025.09.15	01:25:08.016	1.35587	1.35599			6
2025.09.15	01:25:09.874	1.35589				2
2025.09.15	01:25:12.346		1.35598			4
2025.09.15	01:25:14.203		1.35597			4
2025.09.15	01:25:15.132	1.35590				2
2025.09.15	01:25:16.363		1.35596			4
2025.09.15	01:25:17.299	1.35591				2
2025.09.15	01:25:19.148		1.35595			4
2025.09.15	01:25:20.663	1.35592	1.35596			6
2025.09.15	01:25:21.278		1.35595			4
2025.09.15	01:25:32.298	1.35591	1.35594			6
2025.09.15	01:25:32.602	1.35592	1.35595			6
2025.09.15	01:25:36.577	1.35593	1.35596			6
2025.09.15	01:25:42.672	1.35592	1.35595			6
2025.09.15	01:25:57.359	1.35591	1.35594			6
2025.09.15	01:25:58.876	1.35590	1.35593			6
2025.09.15	01:26:00.113	1.35590				2
2025.09.15	01:26:00.730	1.35591	1.35594			6
2025.09.15	01:26:04.412	1.35590	1.35593			6
2025.09.15	01:26:16.018	1.35589	1.35592			6
2025.09.15	01:26:17.230	1.35588	1.35593			6
2025.09.15	01:26:18.144		1.35592			4
2025.09.15	01:26:20.289	1.35589				2
2025.09.15	01:26:23.661	1.35588	1.35591			6
2025.09.15	01:26:23.963	1.35589	1.35592			6
2025.09.15	01:26:24.272	1.35588				2
2025.09.15	01:26:24.590	1.35589	1.35593			6
2025.09.15	01:26:25.202	1.35587	1.35597			6
2025.09.15	01:26:28.285	1.35586				2
2025.09.15	01:26:29.205	1.35587				2
2025.09.15	01:26:31.354	1.35588	1.35596			6
2025.09.15	01:26:32.269	1.35589				2
2025.09.15	01:26:33.185	1.35590	1.35595			6
2025.09.15	01:26:34.108		1.35594			4
2025.09.15	01:26:36.256	1.35591				2
2025.09.15	01:26:37.791	1.35590	1.35593			6
2025.09.15	01:26:41.164	1.35591	1.35594			6
2025.09.15	01:26:41.473	1.35590	1.35593			6
2025.09.15	01:26:45.115	1.35591	1.35594			6
2025.09.15	01:26:45.719	1.35590	1.35593			6
2025.09.15	01:26:59.159	1.35589	1.35592			6
2025.09.15	01:26:59.461	1.35590	1.35593			6
2025.09.15	01:27:00.066	1.35590				2
2025.09.15	01:27:00.683	1.35589	1.35592			6
2025.09.15	01:27:00.987	1.35590	1.35593			6
2025.09.15	01:27:09.831	1.35595	1.35598			6
2025.09.15	01:27:10.138	1.35598	1.35607			6
2025.09.15	01:27:10.761	1.35592	1.35604			6
2025.09.15	01:27:11.384	1.35593	1.35605			6
2025.09.15	01:27:11.693	1.35597	1.35607			6
2025.09.15	01:27:12.009	1.35596				2
2025.09.15	01:27:13.869	1.35595				2
2025.09.15	01:27:14.174	1.35596				2
2025.09.15	01:27:15.726		1.35608			4
2025.09.15	01:27:16.338	1.35597				2
2025.09.15	01:27:17.268		1.35607			4
2025.09.15	01:27:18.197	1.35598				2
2025.09.15	01:27:19.126		1.35606			4
2025.09.15	01:27:20.361	1.35599				2
2025.09.15	01:27:21.289		1.35605			4
2025.09.15	01:27:22.216	1.35600				2
2025.09.15	01:27:23.451	1.35599	1.35604			6
2025.09.15	01:27:24.060	1.35603	1.35608			6
2025.09.15	01:27:24.364	1.35606	1.35610			6
2025.09.15	01:27:25.285	1.35602	1.35614			6
2025.09.15	01:27:25.897	1.35601	1.35613			6
2025.09.15	01:27:26.204	1.35602				2
2025.09.15	01:27:26.519	1.35603	1.35614			6
2025.09.15	01:27:26.827	1.35602	1.35613			6
2025.09.15	01:27:27.447	1.35603	1.35614			6
2025.09.15	01:27:27.754	1.35602	1.35613			6
2025.09.15	01:27:28.369	1.35603	1.35612			6
2025.09.15	01:27:29.291		1.35611			4
2025.09.15	01:27:30.222	1.35604				2
2025.09.15	01:27:31.150		1.35610			4
2025.09.15	01:27:32.376	1.35605				2
2025.09.15	01:27:32.684	1.35604	1.35609			6
2025.09.15	01:27:32.991	1.35601	1.35606			6
2025.09.15	01:27:33.293	1.35599	1.35607			6
2025.09.15	01:27:34.240	1.35600				2
2025.09.15	01:27:35.165		1.35606			4
2025.09.15	01:27:36.086	1.35601				2
2025.09.15	01:27:37.313		1.35605			4
2025.09.15	01:27:39.154	1.35602				2
2025.09.15	01:27:51.709	1.35589	1.35592			6
2025.09.15	01:27:52.320	1.35585	1.35595			6
2025.09.15	01:27:54.788	1.35586	1.35597			6
2025.09.15	01:27:58.171		1.35596			4
2025.09.15	01:27:59.391	1.35587	1.35595			6
2025.09.15	01:28:00.002	1.35589	1.35597			6
2025.09.15	01:28:00.315	1.35588	1.35596			6
2025.09.15	01:28:00.621	1.35589	1.35597			6
2025.09.15	01:28:01.237		1.35595			4
2025.09.15	01:28:02.162	1.35590				2
2025.09.15	01:28:04.308		1.35594			4
2025.09.15	01:28:06.137	1.35591				2
2025.09.15	01:28:08.584	1.35590	1.35593			6
2025.09.15	01:28:16.557	1.35591	1.35594			6
2025.09.15	01:28:16.870	1.35592	1.35595			6
2025.09.15	01:28:23.304	1.35591	1.35594			6
2025.09.15	01:28:23.610	1.35592	1.35595			6
2025.09.15	01:28:23.916	1.35590	1.35593			6
2025.09.15	01:28:24.218	1.35592	1.35595			6
2025.09.15	01:28:24.522	1.35591	1.35594			6
2025.09.15	01:28:28.195	1.35592	1.35595			6
2025.09.15	01:28:28.498	1.35590	1.35593			6
2025.09.15	01:28:29.106	1.35591	1.35594			6
2025.09.15	01:28:30.327	1.35589	1.35592			6
2025.09.15	01:28:34.010	1.35590	1.35593			6
2025.09.15	01:28:40.752	1.35589	1.35592			6
2025.09.15	01:28:41.977	1.35592	1.35595			6
2025.09.15	01:28:53.588	1.35593	1.35596			6
2025.09.15	01:28:54.516	1.35592	1.35595			6
2025.09.15	01:29:00.034	1.35592				2
2025.09.15	01:29:06.745	1.35590	1.35593			6
2025.09.15	01:29:48.814	1.35592	1.35595			6
2025.09.15	01:29:49.123	1.35591	1.35594			6
2025.09.15	01:29:50.056	1.35590	1.35593			6
2025.09.15	01:29:51.295	1.35589				2
2025.09.15	01:29:53.153	1.35590				2
2025.09.15	01:29:53.765	1.35592	1.35595			6
2025.09.15	01:29:55.030	1.35593	1.35596			6
2025.09.15	01:29:55.333	1.35591	1.35597			6
2025.09.15	01:29:56.267	1.35592				2
2025.09.15	01:29:58.116		1.35596			4
2025.09.15	01:30:00.284	1.35592				2
2025.09.15	01:30:02.128	1.35593				2
2025.09.15	01:30:03.676	1.35591	1.35594			6
2025.09.15	01:30:03.984	1.35592	1.35595			6
2025.09.15	01:30:04.903	1.35593	1.35596			6
2025.09.15	01:30:05.221		1.35598			4
2025.09.15	01:30:06.140	1.35591	1.35600			6
2025.09.15	01:30:06.450		1.35599			4
2025.09.15	01:30:08.304	1.35592				2
2025.09.15	01:30:09.235		1.35598			4
2025.09.15	01:30:10.150	1.35593				2
2025.09.15	01:30:12.298		1.35597			4
2025.09.15	01:30:14.128	1.35594				2
2025.09.15	01:30:16.271	1.35598	1.35601			6
2025.09.15	01:30:17.179	1.35594	1.35604			6
2025.09.15	01:30:17.786	1.35593				2
2025.09.15	01:30:18.395	1.35596				2
2025.09.15	01:30:18.707	1.35594				2
2025.09.15	01:30:19.315	1.35593				2
2025.09.15	01:30:19.626	1.35596	1.35605			6
2025.09.15	01:30:19.933	1.35595	1.35606			6
2025.09.15	01:30:20.239	1.35596				2
2025.09.15	01:30:21.164		1.35607			4
2025.09.15	01:30:21.772	1.35595	1.35606			6
2025.09.15	01:30:22.389		1.35605			4
2025.09.15	01:30:24.223	1.35596				2
2025.09.15	01:30:25.149		1.35604			4
2025.09.15	01:30:25.453	1.35597	1.35605			6
2025.09.15	01:30:26.068	1.35596	1.35604			6
2025.09.15	01:30:26.374	1.35598				2
2025.09.15	01:30:27.294	1.35599				2
2025.09.15	01:30:27.605	1.35596	1.35601			6
2025.09.15	01:30:28.224	1.35593	1.35603			6
2025.09.15	01:30:29.457	1.35594				2
2025.09.15	01:30:29.764	1.35593				2
2025.09.15	01:30:30.696	1.35594				2
2025.09.15	01:30:30.999	1.35593				2
2025.09.15	01:30:32.247	1.35594				2
2025.09.15	01:30:33.182		1.35602			4
2025.09.15	01:30:34.124	1.35595	1.35601			6
2025.09.15	01:30:35.367	1.35596				2
2025.09.15	01:30:36.293		1.35600			4
2025.09.15	01:30:36.596	1.35595	1.35599			6
2025.09.15	01:30:37.217	1.35596				2
2025.09.15	01:30:39.054	1.35597	1.35600			6
2025.09.15	01:30:39.359	1.35596	1.35599			6
2025.09.15	01:30:41.191	1.35597	1.35600			6
2025.09.15	01:30:41.495	1.35596	1.35599			6
2025.09.15	01:30:42.701	1.35595	1.35598			6
2025.09.15	01:30:43.010	1.35589	1.35592			6
2025.09.15	01:30:44.231	1.35586	1.35597			6
2025.09.15	01:30:48.287	1.35587				2
2025.09.15	01:30:50.145	1.35588				2
2025.09.15	01:30:50.450	1.35587	1.35596			6
2025.09.15	01:30:51.399	1.35588	1.35595			6
2025.09.15	01:30:52.327		1.35594			4
2025.09.15	01:30:53.257	1.35589				2
2025.09.15	01:30:54.204		1.35593			4
2025.09.15	01:30:56.337	1.35590				2
2025.09.15	01:31:00.011	1.35590				2
2025.09.15	01:31:01.229	1.35592	1.35595			6
2025.09.15	01:31:01.530	1.35593	1.35596			6
2025.09.15	01:31:02.749	1.35594				2
2025.09.15	01:31:03.675	1.35593				2
2025.09.15	01:31:07.620	1.35605	1.35608			6
2025.09.15	01:31:08.225	1.35600	1.35610			6
2025.09.15	01:31:08.835	1.35599				2
2025.09.15	01:31:10.383	1.35600				2
2025.09.15	01:31:11.607	1.35599				2
2025.09.15	01:31:11.915	1.35600	1.35606			6
2025.09.15	01:31:12.236		1.35607			4
2025.09.15	01:31:12.856	1.35601				2
2025.09.15	01:31:13.163	1.35602				2
2025.09.15	01:31:13.472	1.35601				2
2025.09.15	01:31:15.328	1.35602				2
2025.09.15	01:31:15.634	1.35601				2
2025.09.15	01:31:16.256	1.35599	1.35600			6
2025.09.15	01:31:16.557	1.35592	1.35599			6
2025.09.15	01:31:17.180	1.35590				2
2025.09.15	01:31:17.492	1.35591				2
2025.09.15	01:31:17.800	1.35590				2
2025.09.15	01:31:18.107	1.35588	1.35595			6
2025.09.15	01:31:18.418	1.35589				2
2025.09.15	01:31:19.346	1.35590				2
2025.09.15	01:31:21.202	1.35591				2
2025.09.15	01:31:22.131	1.35592				2
2025.09.15	01:31:24.280	1.35593				2
2025.09.15	01:31:27.342	1.35594				2
2025.09.15	01:31:29.168	1.35595	1.35598			6
2025.09.15	01:31:30.700	1.35592	1.35595			6
2025.09.15	01:31:31.002	1.35595	1.35598			6
2025.09.15	01:31:40.780	1.35597	1.35599			6
2025.09.15	01:31:42.617	1.35596				2
2025.09.15	01:31:43.226	1.35594	1.35597			6
2025.09.15	01:31:48.450	1.35587	1.35590			6
2025.09.15	01:31:49.363	1.35585				2
2025.09.15	01:31:50.301		1.35589			4
2025.09.15	01:31:52.134	1.35586				2
2025.09.15	01:31:56.091	1.35587	1.35590			6
2025.09.15	01:31:59.749	1.35586	1.35589			6
2025.09.15	01:32:00.052	1.35586				2
2025.09.15	01:32:03.709	1.35587	1.35590			6
2025.09.15	01:32:04.623	1.35588	1.35591			6
2025.09.15	01:32:05.550	1.35587	1.35590			6
2025.09.15	01:32:05.853	1.35588	1.35591			6
2025.09.15	01:32:06.456	1.35587	1.35590			6
2025.09.15	01:32:11.956	1.35586	1.35589			6
2025.09.15	01:32:13.488	1.35575	1.35578			6
2025.09.15	01:32:13.793	1.35574	1.35577			6
2025.09.15	01:32:14.098	1.35569	1.35578			6
2025.09.15	01:32:15.022	1.35570				2
2025.09.15	01:32:16.559	1.35569				2
2025.09.15	01:32:18.403	1.35570				2
2025.09.15	01:32:18.716	1.35569	1.35576			6
2025.09.15	01:32:19.330	1.35570				2
2025.09.15	01:32:19.636		1.35575			4
2025.09.15	01:32:22.115	1.35573	1.35576			6
2025.09.15	01:32:24.280	1.35574				2
2025.09.15	01:32:26.129	1.35575				2
2025.09.15	01:32:30.698	1.35578	1.35581			6
2025.09.15	01:32:55.547	1.35577	1.35580			6
2025.09.15	01:32:55.849	1.35578	1.35581			6
2025.09.15	01:33:00.118	1.35578				2
2025.09.15	01:33:04.692	1.35587	1.35590			6
2025.09.15	01:33:05.302	1.35582	1.35593			6
2025.09.15	01:33:09.627	1.35583	1.35592			6
2025.09.15	01:33:11.197		1.35586			4
2025.09.15	01:33:11.508		1.35587			4
2025.09.15	01:33:12.134	1.35584				2
2025.09.15	01:33:13.083	1.35582				2
2025.09.15	01:33:13.390	1.35584				2
2025.09.15	01:33:14.941	1.35582	1.35584			6
2025.09.15	01:33:15.248	1.35581				2
2025.09.15	01:33:16.170	1.35582				2
2025.09.15	01:33:18.320	1.35583				2
2025.09.15	01:33:20.147	1.35584	1.35585			6
2025.09.15	01:33:44.016	1.35583	1.35584			6
2025.09.15	01:33:45.227	1.35584	1.35585			6
2025.09.15	01:33:53.197	1.35580	1.35583			6
2025.09.15	01:33:53.506	1.35584	1.35585			6
2025.09.15	01:33:55.323	1.35581				2
2025.09.15	01:33:57.194	1.35582				2
2025.09.15	01:33:58.126	1.35583				2
2025.09.15	01:34:00.289	1.35583				2
2025.09.15	01:34:01.223	1.35584				2
2025.09.15	01:34:01.531	1.35583				2
2025.09.15	01:34:04.287	1.35579	1.35582			6
2025.09.15	01:34:04.900	1.35577	1.35580			6
2025.09.15	01:34:06.113	1.35573	1.35581			6
2025.09.15	01:34:07.355	1.35574				2
2025.09.15	01:34:08.284		1.35580			4
2025.09.15	01:34:09.213	1.35575				2
2025.09.15	01:34:10.138		1.35579			4
2025.09.15	01:34:12.293	1.35576				2
2025.09.15	01:34:38.891		1.35578			4
2025.09.15	01:34:41.345	1.35577				2
2025.09.15	01:34:41.648	1.35576				2
2025.09.15	01:34:50.560		1.35579			4
2025.09.15	01:34:57.637	1.35581	1.35582			6
2025.09.15	01:34:59.192	1.35576				2
2025.09.15	01:35:00.102	1.35576				2
2025.09.15	01:35:02.270	1.35577				2
2025.09.15	01:35:03.515	1.35578				2
2025.09.15	01:35:03.828	1.35577				2
2025.09.15	01:35:04.138	1.35578				2
2025.09.15	01:35:06.312	1.35579				2
2025.09.15	01:35:06.629	1.35578				2
2025.09.15	01:35:09.096	1.35579				2
2025.09.15	01:35:11.261		1.35583			4
2025.09.15	01:35:11.564	1.35577	1.35581			6
2025.09.15	01:35:12.189	1.35575	1.35582			6
2025.09.15	01:35:12.806	1.35574				2
2025.09.15	01:35:13.115	1.35575				2
2025.09.15	01:35:14.345	1.35574				2
2025.09.15	01:35:15.267	1.35575	1.35581			6
2025.09.15	01:35:16.199	1.35576				2
2025.09.15	01:35:17.117		1.35580			4
2025.09.15	01:35:17.423	1.35578	1.35582			6
2025.09.15	01:35:17.731	1.35577	1.35581			6
2025.09.15	01:35:18.351	1.35578	1.35584			6
2025.09.15	01:35:19.266	1.35577				2
2025.09.15	01:35:19.580	1.35576				2
2025.09.15	01:35:21.140	1.35577				2
2025.09.15	01:35:22.377	1.35578				2
2025.09.15	01:35:23.314	1.35579				2
2025.09.15	01:35:24.244		1.35583			4
2025.09.15	01:35:24.859	1.35576	1.35580			6
2025.09.15	01:35:25.170	1.35577				2
2025.09.15	01:35:26.101	1.35573	1.35581			6
2025.09.15	01:35:26.421	1.35572				2
2025.09.15	01:35:28.296	1.35573				2
2025.09.15	01:35:29.217	1.35574	1.35580			6
2025.09.15	01:35:30.152	1.35575	1.35579			6
2025.09.15	01:35:32.293	1.35576				2
2025.09.15	01:36:00.089	1.35576				2
2025.09.15	01:36:13.256	1.35579	1.35582			6
2025.09.15	01:36:14.181	1.35574	1.35580			6
2025.09.15	01:36:15.113	1.35572	1.35582			6
2025.09.15	01:36:19.153	1.35571	1.35580			6
2025.09.15	01:36:20.385	1.35573				2
2025.09.15	01:36:20.697	1.35572				2
2025.09.15	01:36:22.554		1.35579			4
2025.09.15	01:36:22.867	1.35571				2
2025.09.15	01:36:23.175	1.35572				2
2025.09.15	01:36:23.480	1.35573				2
2025.09.15	01:36:23.799	1.35572				2
2025.09.15	01:36:24.107		1.35578			4
2025.09.15	01:36:25.342	1.35573				2
2025.09.15	01:36:25.654	1.35574	1.35579			6
2025.09.15	01:36:25.962	1.35573	1.35578			6
2025.09.15	01:36:26.268	1.35575	1.35580			6
2025.09.15	01:36:26.582	1.35574	1.35579			6
2025.09.15	01:36:27.198		1.35580			4
2025.09.15	01:36:27.514	1.35573	1.35579			6
2025.09.15	01:36:28.126	1.35574				2
2025.09.15	01:36:28.435	1.35572	1.35576			6
2025.09.15	01:36:29.364	1.35570				2
2025.09.15	01:36:31.206	1.35571				2
2025.09.15	01:36:32.131	1.35572				2
2025.09.15	01:36:35.211	1.35573				2
2025.09.15	01:36:41.057	1.35571	1.35574			6
2025.09.15	01:36:42.286	1.35569	1.35576			6
2025.09.15	01:36:43.211	1.35568				2
2025.09.15	01:36:44.443	1.35574	1.35581			6
2025.09.15	01:36:44.745	1.35573				2
2025.09.15	01:36:45.353	1.35572				2
2025.09.15	01:36:47.229	1.35573				2
2025.09.15	01:36:47.530	1.35572				2
2025.09.15	01:36:48.463	1.35573				2
2025.09.15	01:36:48.770	1.35572				2
2025.09.15	01:36:50.319	1.35573				2
2025.09.15	01:36:52.175	1.35574				2
2025.09.15	01:36:53.111	1.35575				2
2025.09.15	01:36:54.350	1.35576				2
2025.09.15	01:36:55.265		1.35580			4
2025.09.15	01:36:56.175	1.35577				2
2025.09.15	01:37:00.143	1.35577				2
2025.09.15	01:37:06.866	1.35580	1.35582			6
2025.09.15	01:37:07.177	1.35577	1.35580			6
2025.09.15	01:37:08.095	1.35573	1.35582			6
2025.09.15	01:37:09.327	1.35574				2
2025.09.15	01:37:09.951	1.35575				2
2025.09.15	01:37:10.261	1.35578	1.35584			6
2025.09.15	01:37:11.182	1.35575				2
2025.09.15	01:37:12.100	1.35576				2
2025.09.15	01:37:14.249	1.35577				2
2025.09.15	01:37:15.170	1.35578				2
2025.09.15	01:37:16.100	1.35579	1.35583			6
2025.09.15	01:37:17.023	1.35578	1.35582			6
2025.09.15	01:37:17.329	1.35579				2
2025.09.15	01:37:18.249	1.35578				2
2025.09.15	01:37:20.108	1.35579				2
2025.09.15	01:37:24.667	1.35577	1.35580			6
2025.09.15	01:37:28.352	1.35579	1.35582			6
2025.09.15	01:37:29.267	1.35577	1.35581			6
2025.09.15	01:37:30.174	1.35578				2
2025.09.15	01:37:31.399	1.35579	1.35582			6
2025.09.15	01:37:42.429	1.35577	1.35580			6
2025.09.15	01:37:43.335	1.35575	1.35578			6
2025.09.15	01:37:46.095	1.35578	1.35581			6
2025.09.15	01:37:46.412	1.35577	1.35580			6
2025.09.15	01:37:47.316	1.35575	1.35578			6
2025.09.15	01:37:48.249		1.35579			4
2025.09.15	01:37:49.186		1.35578			4
2025.09.15	01:37:49.803	1.35577	1.35581			6
2025.09.15	01:37:50.109	1.35575	1.35584			6
2025.09.15	01:37:50.416	1.35576				2
2025.09.15	01:37:50.717	1.35577				2
2025.09.15	01:37:51.022	1.35578	1.35585			6
2025.09.15	01:37:56.329	1.35579				2
2025.09.15	01:37:56.940	1.35581	1.35588			6
2025.09.15	01:37:57.243	1.35580				2
2025.09.15	01:37:58.167	1.35581				2
2025.09.15	01:37:59.081		1.35587			4
2025.09.15	01:38:00.014	1.35581				2
2025.09.15	01:38:00.322	1.35582	1.35586			6
2025.09.15	01:38:01.236	1.35583				2
2025.09.15	01:38:11.952	1.35582	1.35585			6
2025.09.15	01:38:12.560	1.35583	1.35586			6
2025.09.15	01:38:17.752	1.35584				2
2025.09.15	01:38:20.510	1.35583				2
2025.09.15	01:38:31.196	1.35584				2
2025.09.15	01:38:31.499	1.35583				2
2025.09.15	01:38:32.418	1.35584				2
2025.09.15	01:38:33.033	1.35583				2
2025.09.15	01:38:34.874	1.35584				2
2025.09.15	01:38:37.940	1.35582	1.35585			6
2025.09.15	01:38:38.248	1.35580	1.35586			6
2025.09.15	01:38:38.854	1.35578	1.35584			6
2025.09.15	01:38:39.160	1.35576	1.35586			6
2025.09.15	01:38:40.392	1.35577				2
2025.09.15	01:38:41.317	1.35578	1.35585			6
2025.09.15	01:38:41.928	1.35577	1.35584			6
2025.09.15	01:38:42.241	1.35579				2
2025.09.15	01:38:44.400		1.35583			4
2025.09.15	01:38:46.243	1.35580				2
2025.09.15	01:38:48.079	1.35579	1.35582			6
2025.09.15	01:38:49.000	1.35580	1.35583			6
2025.09.15	01:39:00.036	1.35580				2
2025.09.15	01:39:01.253	1.35582	1.35585			6
2025.09.15	01:39:01.567	1.35581	1.35584			6
2025.09.15	01:39:01.870	1.35578	1.35581			6
2025.09.15	01:39:02.786	1.35576	1.35579			6
2025.09.15	01:39:03.093	1.35574	1.35581			6
2025.09.15	01:39:04.326		1.35580			4
2025.09.15	01:39:05.275	1.35575	1.35579			6
2025.09.15	01:39:07.136	1.35576				2
2025.09.15	01:39:34.632	1.35577	1.35580			6
2025.09.15	01:39:34.943	1.35579	1.35581			6
2025.09.15	01:39:35.245	1.35578				2
2025.09.15	01:39:36.164	1.35572				2
2025.09.15	01:39:39.264	1.35573				2
2025.09.15	01:39:41.122	1.35574				2
2025.09.15	01:39:42.355	1.35575				2
2025.09.15	01:39:43.281	1.35576				2
2025.09.15	01:39:44.210		1.35580			4
2025.09.15	01:39:46.364	1.35577				2
2025.09.15	01:39:48.514	1.35580	1.35582			6
2025.09.15	01:39:49.122	1.35577	1.35580			6
2025.09.15	01:39:50.036	1.35576	1.35579			6
2025.09.15	01:39:53.386	1.35577	1.35580			6
2025.09.15	01:40:00.122	1.35577				2
2025.09.15	01:40:02.579	1.35582	1.35583			6
2025.09.15	01:40:04.109	1.35577	1.35582			6
2025.09.15	01:40:04.724	1.35578				2
2025.09.15	01:40:10.265	1.35579	1.35583			6
2025.09.15	01:40:12.126	1.35580				2
2025.09.15	01:40:15.204	1.35581				2
2025.09.15	01:40:17.958	1.35577	1.35581			6
2025.09.15	01:40:18.261	1.35578				2
2025.09.15	01:40:19.179	1.35573	1.35582			6
2025.09.15	01:40:20.097	1.35572				2
2025.09.15	01:40:20.415	1.35571	1.35581			6
2025.09.15	01:40:20.717	1.35572	1.35582			6
2025.09.15	01:40:24.109	1.35573				2
2025.09.15	01:40:25.970	1.35572	1.35581			6
2025.09.15	01:40:26.278	1.35570	1.35575			6
2025.09.15	01:40:26.898	1.35574	1.35583			6
2025.09.15	01:40:27.203	1.35575	1.35584			6
2025.09.15	01:40:27.510	1.35573	1.35583			6
2025.09.15	01:40:28.137	1.35572				2
2025.09.15	01:40:28.778		1.35581			4
2025.09.15	01:40:30.333	1.35573				2
2025.09.15	01:40:32.187	1.35575				2
2025.09.15	01:40:32.496	1.35574				2
2025.09.15	01:40:33.124	1.35575				2
2025.09.15	01:40:35.292	1.35576				2
2025.09.15	01:40:36.213		1.35580			4
2025.09.15	01:40:38.332	1.35577				2
2025.09.15	01:40:45.681	1.35575	1.35578			6
2025.09.15	01:40:45.987	1.35576	1.35579			6
2025.09.15	01:40:46.293	1.35575	1.35578			6
2025.09.15	01:40:50.888	1.35576	1.35579			6
2025.09.15	01:40:51.190	1.35575	1.35578			6
2025.09.15	01:40:53.953	1.35576	1.35579			6
2025.09.15	01:40:54.256	1.35575	1.35578			6
2025.09.15	01:40:56.106	1.35576	1.35579			6
2025.09.15	01:40:56.417	1.35575	1.35578			6
2025.09.15	01:40:59.167	1.35576	1.35579			6
2025.09.15	01:40:59.474	1.35575	1.35578			6
2025.09.15	01:41:00.088	1.35575				2
2025.09.15	01:41:01.310	1.35576	1.35579			6
2025.09.15	01:41:01.618	1.35575	1.35578			6
2025.09.15	01:41:02.233	1.35576	1.35579			6
2025.09.15	01:41:02.535	1.35575	1.35578			6
2025.09.15	01:41:04.371	1.35576	1.35579			6
2025.09.15	01:41:04.682	1.35575	1.35578			6
2025.09.15	01:41:06.513	1.35576	1.35579			6
2025.09.15	01:41:15.077	1.35577	1.35580			6
2025.09.15	01:41:15.992	1.35576	1.35579			6
2025.09.15	01:41:16.911	1.35575	1.35578			6
2025.09.15	01:41:17.214	1.35574	1.35577			6
2025.09.15	01:41:17.830	1.35575	1.35578			6
2025.09.15	01:41:23.030	1.35574	1.35577			6
2025.09.15	01:41:24.263	1.35575	1.35578			6
2025.09.15	01:41:28.854	1.35577	1.35580			6
2025.09.15	01:41:36.227	1.35576	1.35579			6
2025.09.15	01:41:45.758	1.35575	1.35578			6
2025.09.15	01:41:46.666		1.35577			4
2025.09.15	01:41:46.972	1.35576	1.35579			6
2025.09.15	01:41:47.587	1.35575	1.35578			6
2025.09.15	01:41:48.512	1.35576	1.35579			6
2025.09.15	01:41:48.826	1.35575	1.35578			6
2025.09.15	01:41:50.661	1.35576	1.35579			6
2025.09.15	01:41:51.881		1.35578			4
2025.09.15	01:41:53.716		1.35579			4
2025.09.15	01:41:54.027		1.35578			4
2025.09.15	01:41:56.778		1.35579			4
2025.09.15	01:41:57.082		1.35578			4
2025.09.15	01:41:58.931		1.35579			4
2025.09.15	01:41:59.231		1.35578			4
2025.09.15	01:42:00.160	1.35573	1.35576			6
2025.09.15	01:42:01.383	1.35572	1.35577			6
2025.09.15	01:42:02.320		1.35576			4
2025.09.15	01:42:04.479	1.35574	1.35578			6
2025.09.15	01:42:04.785	1.35572	1.35576			6
2025.09.15	01:42:05.089	1.35573				2
2025.09.15	01:42:13.074	1.35572	1.35575			6
2025.09.15	01:42:14.612	1.35573	1.35576			6
2025.09.15	01:42:34.672	1.35574	1.35577			6
2025.09.15	01:42:46.088	1.35572	1.35575			6
2025.09.15	01:42:46.394	1.35574	1.35577			6
2025.09.15	01:42:48.560	1.35575	1.35578			6
2025.09.15	01:42:48.862	1.35574	1.35577			6
2025.09.15	01:42:52.887	1.35575	1.35578			6
2025.09.15	01:42:53.195	1.35576	1.35579			6
2025.09.15	01:42:54.117	1.35574	1.35580			6
2025.09.15	01:42:54.733		1.35579			4
2025.09.15	01:42:55.352		1.35580			4
2025.09.15	01:42:56.264		1.35579			4
2025.09.15	01:42:56.580		1.35580			4
2025.09.15	01:42:56.884	1.35572	1.35578			6
2025.09.15	01:42:57.188	1.35571	1.35577			6
2025.09.15	01:42:58.119		1.35579			4
2025.09.15	01:43:00.274	1.35571				2
2025.09.15	01:43:03.371		1.35578			4
2025.09.15	01:43:07.084		1.35579			4
2025.09.15	01:43:07.394	1.35572				2
2025.09.15	01:43:07.700		1.35578			4
2025.09.15	01:43:09.252	1.35573				2
2025.09.15	01:43:10.182		1.35577			4
2025.09.15	01:43:11.114	1.35574				2
2025.09.15	01:43:39.866	1.35575	1.35578			6
2025.09.15	01:43:40.170	1.35574	1.35577			6
