<DATE>	<TIME>	<BID>	<ASK>	<LAST>	<VOLUME>	<FLAGS>
2025.11.05	00:03:30.858	1.30191	1.30306			6
2025.11.05	00:03:35.161	1.30188				2
2025.11.05	00:04:00.147	1.30188				2
2025.11.05	00:04:30.983		1.30306			4
2025.11.05	00:05:00.297	1.30188				2
2025.11.05	00:05:04.018	1.30164	1.30254			6
2025.11.05	00:05:05.246	1.30188	1.30306			6
2025.11.05	00:05:06.801	1.30168	1.30258			6
2025.11.05	00:05:08.032	1.30188	1.30306			6
2025.11.05	00:05:09.884		1.30237			4
2025.11.05	00:05:10.194		1.30236			4
2025.11.05	00:05:10.814		1.30240			4
2025.11.05	00:05:11.739		1.30272			4
2025.11.05	00:05:12.351		1.30286			4
2025.11.05	00:05:19.749		1.30285			4
2025.11.05	00:05:20.368		1.30283			4
2025.11.05	00:05:22.218		1.30276			4
2025.11.05	00:05:24.991		1.30278			4
2025.11.05	00:05:29.930		1.30281			4
2025.11.05	00:05:30.235		1.30278			4
2025.11.05	00:05:34.884		1.30306			4
2025.11.05	00:06:00.155	1.30188				2
2025.11.05	00:06:10.965		1.30285			4
2025.11.05	00:06:12.190	1.30180	1.30270			6
2025.11.05	00:06:13.113	1.30179	1.30269			6
2025.11.05	00:07:00.055	1.30179				2
2025.11.05	00:07:10.936	1.30174	1.30264			6
2025.11.05	00:08:00.136	1.30174				2
2025.11.05	00:08:10.964		1.30264			4
2025.11.05	00:09:00.110	1.30174				2
2025.11.05	00:09:11.204		1.30264			4
2025.11.05	00:10:00.268	1.30174				2
2025.11.05	00:10:11.405		1.30264			4
2025.11.05	00:11:00.293	1.30174				2
2025.11.05	00:11:11.707		1.30264			4
2025.11.05	00:11:37.065	1.30148	1.30311			6
2025.11.05	00:11:37.682	1.30174	1.30264			6
2025.11.05	00:11:58.111	1.30172	1.30262			6
2025.11.05	00:12:00.267	1.30172				2
2025.11.05	00:12:04.304	1.30174	1.30264			6
2025.11.05	00:13:00.013	1.30174				2
2025.11.05	00:13:04.333		1.30264			4
2025.11.05	00:14:00.010	1.30174				2
2025.11.05	00:14:04.380		1.30264			4
2025.11.05	00:15:00.045	1.30174				2
2025.11.05	00:15:03.132	1.30188				2
2025.11.05	00:15:03.440	1.30189				2
2025.11.05	00:15:04.679		1.30264			4
2025.11.05	00:15:53.207	1.30199				2
2025.11.05	00:16:00.270	1.30199				2
2025.11.05	00:16:04.887		1.30264			4
2025.11.05	00:16:42.949		1.30265			4
2025.11.05	00:16:43.561		1.30266			4
2025.11.05	00:16:45.714		1.30267			4
2025.11.05	00:16:51.224		1.30264			4
2025.11.05	00:16:55.537	1.30192	1.30265			6
2025.11.05	00:16:55.840	1.30191	1.30264			6
2025.11.05	00:16:56.142	1.30187				2
2025.11.05	00:16:58.896		1.30266			4
2025.11.05	00:17:00.119	1.30187				2
2025.11.05	00:17:02.244		1.30267			4
2025.11.05	00:17:03.155	1.30191				2
2025.11.05	00:17:06.820		1.30266			4
2025.11.05	00:17:08.360		1.30267			4
2025.11.05	00:17:13.891	1.30188	1.30264			6
2025.11.05	00:17:16.350		1.30267			4
2025.11.05	00:17:16.659		1.30269			4
2025.11.05	00:17:17.266		1.30274			4
2025.11.05	00:17:17.570		1.30275			4
2025.11.05	00:17:18.788		1.30274			4
2025.11.05	00:17:21.251		1.30275			4
2025.11.05	00:17:23.101	1.30235	1.30276			6
2025.11.05	00:17:23.409	1.30232	1.30275			6
2025.11.05	00:17:23.718		1.30276			4
2025.11.05	00:17:24.019	1.30211				2
2025.11.05	00:17:24.320		1.30275			4
2025.11.05	00:17:30.147		1.30274			4
2025.11.05	00:17:30.762		1.30275			4
2025.11.05	00:17:34.445		1.30268			4
2025.11.05	00:17:34.759		1.30269			4
2025.11.05	00:17:38.777		1.30270			4
2025.11.05	00:17:39.395		1.30268			4
2025.11.05	00:17:43.379	1.30225	1.30264			6
2025.11.05	00:17:43.991	1.30227				2
2025.11.05	00:17:44.602	1.30224				2
2025.11.05	00:17:55.957		1.30271			4
2025.11.05	00:17:56.259	1.30193				2
2025.11.05	00:18:00.283	1.30193				2
2025.11.05	00:18:19.210	1.30181				2
2025.11.05	00:18:35.280	1.30182				2
2025.11.05	00:18:51.823	1.30189				2
2025.11.05	00:18:56.148		1.30271			4
2025.11.05	00:19:00.188	1.30189				2
2025.11.05	00:19:20.257	1.30193				2
2025.11.05	00:19:56.382		1.30271			4
2025.11.05	00:20:00.065	1.30193				2
2025.11.05	00:20:00.379		1.30299			4
2025.11.05	00:21:00.221	1.30193				2
2025.11.05	00:21:00.538		1.30299			4
2025.11.05	00:22:00.181	1.30193				2
2025.11.05	00:22:00.787		1.30299			4
2025.11.05	00:22:18.607		1.30309			4
2025.11.05	00:22:19.518		1.30300			4
2025.11.05	00:22:34.532	1.30146				2
2025.11.05	00:23:00.311	1.30146				2
2025.11.05	00:23:03.686	1.30175	1.30269			6
2025.11.05	00:23:10.482	1.30179				2
2025.11.05	00:23:27.552	1.30183				2
2025.11.05	00:23:27.861		1.30267			4
2025.11.05	00:23:53.599		1.30265			4
2025.11.05	00:23:54.522	1.30182	1.30270			6
2025.11.05	00:23:54.838	1.30185	1.30275			6
2025.11.05	00:24:00.078	1.30185	1.30279			6
2025.11.05	00:24:00.385	1.30188	1.30295			6
2025.11.05	00:24:07.698	1.30189	1.30299			6
2025.11.05	00:24:08.020	1.30190	1.30296			6
2025.11.05	00:24:08.322	1.30191	1.30294			6
2025.11.05	00:25:00.391	1.30191				2
2025.11.05	00:25:08.406		1.30294			4
2025.11.05	00:25:38.740	1.30188	1.30301			6
2025.11.05	00:25:43.980	1.30190				2
2025.11.05	00:25:44.285	1.30188				2
2025.11.05	00:25:44.605	1.30190				2
2025.11.05	00:25:44.906	1.30191				2
2025.11.05	00:25:45.212	1.30188	1.30289			6
2025.11.05	00:26:00.079	1.30188				2
2025.11.05	00:26:07.828	1.30189				2
2025.11.05	00:26:34.280	1.30187				2
2025.11.05	00:26:45.441		1.30289			4
2025.11.05	00:26:49.705	1.30189				2
2025.11.05	00:27:01.579	1.30189				2
2025.11.05	00:27:32.303	1.30203				2
2025.11.05	00:27:36.907	1.30160	1.30301			6
2025.11.05	00:27:37.210	1.30162				2
2025.11.05	00:27:37.518	1.30160				2
2025.11.05	00:27:37.838	1.30161				2
2025.11.05	00:27:38.139	1.30163				2
2025.11.05	00:27:38.442	1.30160				2
2025.11.05	00:27:38.759	1.30164				2
2025.11.05	00:27:39.063	1.30161				2
2025.11.05	00:27:39.378	1.30163				2
2025.11.05	00:27:39.686	1.30162				2
2025.11.05	00:27:39.991	1.30161				2
2025.11.05	00:27:41.348	1.30160				2
2025.11.05	00:28:00.157	1.30160				2
2025.11.05	00:28:02.337		1.30299			4
2025.11.05	00:28:03.865	1.30164				2
2025.11.05	00:28:04.167	1.30169				2
2025.11.05	00:28:04.478	1.30164				2
2025.11.05	00:28:04.794	1.30165				2
2025.11.05	00:28:05.098	1.30166				2
2025.11.05	00:28:05.398	1.30164				2
2025.11.05	00:28:11.527	1.30165				2
2025.11.05	00:28:12.747	1.30164				2
2025.11.05	00:28:13.052	1.30165				2
2025.11.05	00:28:13.962	1.30164				2
2025.11.05	00:28:14.264	1.30168				2
2025.11.05	00:28:14.571	1.30164				2
2025.11.05	00:28:15.183	1.30168				2
2025.11.05	00:28:15.499	1.30164				2
2025.11.05	00:28:15.805	1.30165				2
2025.11.05	00:28:16.417	1.30168				2
2025.11.05	00:28:16.723	1.30165				2
2025.11.05	00:28:17.038	1.30168				2
2025.11.05	00:28:17.648	1.30165				2
2025.11.05	00:28:17.950	1.30168				2
2025.11.05	00:28:18.253	1.30165				2
2025.11.05	00:28:18.860	1.30169				2
2025.11.05	00:28:19.778	1.30165				2
2025.11.05	00:28:21.016	1.30164				2
2025.11.05	00:28:21.319		1.30301			4
2025.11.05	00:28:22.243		1.30294			4
2025.11.05	00:29:00.259	1.30164				2
2025.11.05	00:29:22.339		1.30295			4
2025.11.05	00:30:00.097	1.30164				2
2025.11.05	00:30:00.399	1.30166				2
2025.11.05	00:30:00.707	1.30203				2
2025.11.05	00:30:01.009	1.30198				2
2025.11.05	00:30:01.936	1.30197				2
2025.11.05	00:30:02.245	1.30170				2
2025.11.05	00:30:02.548	1.30171				2
2025.11.05	00:30:03.159	1.30170				2
2025.11.05	00:30:03.462	1.30171				2
2025.11.05	00:30:04.080	1.30172				2
2025.11.05	00:30:04.387	1.30171				2
2025.11.05	00:30:04.699	1.30172				2
2025.11.05	00:30:05.006	1.30173				2
2025.11.05	00:30:05.320	1.30172				2
2025.11.05	00:30:05.636	1.30174				2
2025.11.05	00:30:05.939	1.30172				2
2025.11.05	00:30:06.246	1.30179				2
2025.11.05	00:30:07.474	1.30174				2
2025.11.05	00:30:08.701	1.30172				2
2025.11.05	00:30:09.011	1.30171				2
2025.11.05	00:30:09.319	1.30181				2
2025.11.05	00:30:11.162	1.30182				2
2025.11.05	00:30:12.391	1.30172				2
2025.11.05	00:30:12.699	1.30167				2
2025.11.05	00:30:13.329	1.30168				2
2025.11.05	00:30:18.566	1.30169				2
2025.11.05	00:30:18.874	1.30170				2
2025.11.05	00:30:19.483	1.30171				2
2025.11.05	00:30:20.415	1.30172				2
2025.11.05	00:30:21.033	1.30173				2
2025.11.05	00:30:22.264	1.30174				2
2025.11.05	00:30:22.575		1.30295			4
2025.11.05	00:30:24.432	1.30175				2
2025.11.05	00:30:25.666	1.30176				2
2025.11.05	00:30:26.600	1.30177				2
2025.11.05	00:30:28.137	1.30178				2
2025.11.05	00:30:30.292	1.30179				2
2025.11.05	00:30:31.834	1.30175				2
2025.11.05	00:30:32.140	1.30176				2
2025.11.05	00:30:32.454	1.30177				2
2025.11.05	00:30:35.833	1.30176				2
2025.11.05	00:30:36.144	1.30177				2
2025.11.05	00:30:37.380	1.30172				2
2025.11.05	00:30:38.304	1.30176				2
2025.11.05	00:30:40.161	1.30178				2
2025.11.05	00:30:41.085	1.30179				2
2025.11.05	00:30:43.867	1.30174				2
2025.11.05	00:30:44.487	1.30173				2
2025.11.05	00:30:45.721	1.30172				2
2025.11.05	00:30:46.958	1.30171				2
2025.11.05	00:30:48.193	1.30172				2
2025.11.05	00:30:48.814	1.30173				2
2025.11.05	00:30:52.826	1.30172				2
2025.11.05	00:30:57.149	1.30173				2
2025.11.05	00:31:00.238	1.30173				2
2025.11.05	00:31:05.474	1.30172				2
2025.11.05	00:31:06.092	1.30173				2
2025.11.05	00:31:06.399	1.30171				2
2025.11.05	00:31:07.632	1.30170				2
2025.11.05	00:31:11.023	1.30171				2
2025.11.05	00:31:13.491	1.30174				2
2025.11.05	00:31:13.798	1.30175				2
2025.11.05	00:31:14.108	1.30174				2
2025.11.05	00:31:22.758		1.30295			4
2025.11.05	00:31:27.696	1.30172				2
2025.11.05	00:31:31.706	1.30173				2
2025.11.05	00:31:32.011	1.30172				2
2025.11.05	00:31:32.939	1.30171				2
2025.11.05	00:31:35.717	1.30170				2
2025.11.05	00:32:00.065	1.30170				2
2025.11.05	00:32:05.926	1.30174				2
2025.11.05	00:32:06.848	1.30172				2
2025.11.05	00:32:07.772	1.30170	1.30285			6
2025.11.05	00:32:08.392	1.30169				2
2025.11.05	00:32:14.254	1.30170				2
2025.11.05	00:32:17.339	1.30169				2
2025.11.05	00:32:17.963	1.30170				2
2025.11.05	00:32:23.511	1.30172				2
2025.11.05	00:32:28.441	1.30171				2
2025.11.05	00:32:30.906	1.30170				2
2025.11.05	00:32:31.833	1.30171				2
2025.11.05	00:32:46.026	1.30170				2
2025.11.05	00:32:47.262	1.30171				2
2025.11.05	00:32:56.515	1.30170				2
2025.11.05	00:33:00.224	1.30170				2
2025.11.05	00:33:03.630	1.30171	1.30286			6
2025.11.05	00:33:04.558	1.30172				2
2025.11.05	00:33:06.097	1.30171	1.30278			6
2025.11.05	00:33:06.409	1.30173				2
2025.11.05	00:33:06.718	1.30172				2
2025.11.05	00:33:07.642	1.30171				2
2025.11.05	00:33:08.263	1.30173				2
2025.11.05	00:33:08.573	1.30172				2
2025.11.05	00:33:08.882	1.30173				2
2025.11.05	00:33:09.190	1.30172				2
2025.11.05	00:33:09.803	1.30173				2
2025.11.05	00:33:18.143	1.30172				2
2025.11.05	00:33:19.065	1.30174				2
2025.11.05	00:33:23.696	1.30173				2
2025.11.05	00:33:24.314	1.30174				2
2025.11.05	00:33:28.625	1.30175				2
2025.11.05	00:33:28.935	1.30174				2
2025.11.05	00:33:33.251	1.30173				2
2025.11.05	00:33:33.562	1.30174				2
2025.11.05	00:33:40.957	1.30175				2
2025.11.05	00:33:44.961	1.30173	1.30274			6
2025.11.05	00:33:45.269		1.30276			4
2025.11.05	00:33:50.826		1.30277			4
2025.11.05	00:33:54.520		1.30274			4
2025.11.05	00:33:55.138		1.30278			4
2025.11.05	00:33:58.529	1.30174				2
2025.11.05	00:33:59.149	1.30173				2
2025.11.05	00:34:00.077	1.30173				2
2025.11.05	00:34:01.311	1.30174	1.30277			6
2025.11.05	00:34:02.549	1.30173				2
2025.11.05	00:34:07.171	1.30174				2
2025.11.05	00:34:08.103		1.30276			4
2025.11.05	00:34:08.415	1.30173				2
2025.11.05	00:34:09.647	1.30174				2
2025.11.05	00:34:13.354		1.30277			4
2025.11.05	00:34:16.754		1.30275			4
2025.11.05	00:34:26.308	1.30175				2
2025.11.05	00:34:29.690		1.30278			4
2025.11.05	00:34:29.997		1.30277			4
2025.11.05	00:34:34.930		1.30276			4
2025.11.05	00:34:35.544	1.30176				2
2025.11.05	00:34:36.157		1.30277			4
2025.11.05	00:34:36.461	1.30175	1.30278			6
2025.11.05	00:34:36.771	1.30176				2
2025.11.05	00:34:37.689		1.30277			4
2025.11.05	00:34:43.229		1.30276			4
2025.11.05	00:34:49.071		1.30275			4
2025.11.05	00:34:49.688		1.30277			4
2025.11.05	00:34:51.227		1.30276			4
2025.11.05	00:34:51.531		1.30277			4
2025.11.05	00:35:00.153	1.30176	1.30278			6
2025.11.05	00:35:13.745	1.30178				2
2025.11.05	00:35:22.400	1.30174				2
2025.11.05	00:35:22.710	1.30175				2
2025.11.05	00:35:36.914	1.30176				2
2025.11.05	00:35:51.701	1.30178				2
2025.11.05	00:35:52.007	1.30179				2
2025.11.05	00:36:00.303	1.30179	1.30278			6
2025.11.05	00:36:06.157	1.30177	1.30277			6
2025.11.05	00:36:06.464	1.30178				2
2025.11.05	00:36:07.386	1.30179				2
2025.11.05	00:36:07.693	1.30180				2
2025.11.05	00:36:08.618	1.30181				2
2025.11.05	00:36:09.859	1.30182				2
2025.11.05	00:36:15.417	1.30181				2
2025.11.05	00:36:16.352	1.30180				2
2025.11.05	00:36:21.908	1.30184				2
2025.11.05	00:36:26.241	1.30185				2
2025.11.05	00:36:31.794	1.30186				2
2025.11.05	00:36:32.105	1.30187				2
2025.11.05	00:36:32.415	1.30186				2
2025.11.05	00:36:56.851	1.30187				2
2025.11.05	00:37:00.234	1.30187				2
2025.11.05	00:37:06.094	1.30186	1.30276			6
2025.11.05	00:37:07.325	1.30187	1.30277			6
2025.11.05	00:37:07.633	1.30186	1.30276			6
2025.11.05	00:37:20.278	1.30187	1.30281			6
2025.11.05	00:37:21.822	1.30188				2
2025.11.05	00:37:23.980	1.30189				2
2025.11.05	00:37:29.835	1.30190				2
2025.11.05	00:37:33.530	1.30191				2
2025.11.05	00:37:35.691	1.30193	1.30282			6
2025.11.05	00:37:36.611		1.30283			4
2025.11.05	00:37:36.922	1.30194	1.30284			6
2025.11.05	00:37:37.844	1.30196	1.30286			6
2025.11.05	00:37:38.771	1.30197				2
2025.11.05	00:37:39.079	1.30196	1.30284			6
2025.11.05	00:37:39.385	1.30197				2
2025.11.05	00:37:40.311	1.30196				2
2025.11.05	00:37:40.620	1.30197				2
2025.11.05	00:37:40.929	1.30198				2
2025.11.05	00:37:48.025	1.30200	1.30283			6
2025.11.05	00:37:48.326	1.30199				2
2025.11.05	00:37:48.939	1.30200				2
2025.11.05	00:37:51.714	1.30201	1.30284			6
2025.11.05	00:38:00.045	1.30200				2
2025.11.05	00:38:01.596	1.30201				2
2025.11.05	00:38:04.685	1.30198	1.30281			6
2025.11.05	00:38:05.305	1.30197				2
2025.11.05	00:38:09.322	1.30198				2
2025.11.05	00:38:11.484	1.30199				2
2025.11.05	00:38:15.814	1.30200				2
2025.11.05	00:38:19.219	1.30199				2
2025.11.05	00:38:20.452	1.30197	1.30280			6
2025.11.05	00:38:21.381		1.30283			4
2025.11.05	00:38:21.695	1.30196				2
2025.11.05	00:38:33.410	1.30197				2
2025.11.05	00:38:34.033	1.30198				2
2025.11.05	00:38:34.340	1.30197				2
2025.11.05	00:38:35.571	1.30196				2
2025.11.05	00:38:35.880	1.30197				2
2025.11.05	00:38:49.752	1.30198				2
2025.11.05	00:38:55.326	1.30199				2
2025.11.05	00:38:55.638	1.30198				2
2025.11.05	00:39:00.287	1.30198				2
2025.11.05	00:39:01.832	1.30199				2
2025.11.05	00:39:04.325	1.30198				2
2025.11.05	00:39:06.491		1.30288			4
2025.11.05	00:39:09.576		1.30285			4
2025.11.05	00:39:10.505	1.30197				2
2025.11.05	00:39:21.757	1.30198	1.30287			6
2025.11.05	00:39:22.067	1.30197				2
2025.11.05	00:39:26.378	1.30198				2
2025.11.05	00:39:28.237	1.30199				2
2025.11.05	00:39:30.094	1.30198				2
2025.11.05	00:39:32.262	1.30199				2
2025.11.05	00:39:32.878	1.30198				2
2025.11.05	00:39:33.188	1.30199				2
2025.11.05	00:39:39.968	1.30198	1.30286			6
2025.11.05	00:39:40.275	1.30199				2
2025.11.05	00:39:40.584		1.30287			4
2025.11.05	00:39:40.892	1.30201				2
2025.11.05	00:39:45.519	1.30200				2
2025.11.05	00:39:45.828	1.30199	1.30289			6
2025.11.05	00:39:46.440	1.30200	1.30290			6
2025.11.05	00:39:57.587	1.30201	1.30281			6
2025.11.05	00:39:57.897	1.30200				2
2025.11.05	00:39:59.751	1.30199				2
2025.11.05	00:40:00.061	1.30199				2
2025.11.05	00:40:00.981	1.30198	1.30282			6
2025.11.05	00:40:02.837	1.30197				2
2025.11.05	00:40:03.144	1.30198				2
2025.11.05	00:40:10.253	1.30197				2
2025.11.05	00:40:12.413	1.30198				2
2025.11.05	00:40:13.642	1.30196	1.30276			6
2025.11.05	00:40:13.951		1.30275			4
2025.11.05	00:40:15.810	1.30194	1.30274			6
2025.11.05	00:40:16.123	1.30193	1.30275			6
2025.11.05	00:40:16.433		1.30274			4
2025.11.05	00:40:18.283		1.30275			4
2025.11.05	00:40:18.592		1.30276			4
2025.11.05	00:40:21.375		1.30275			4
2025.11.05	00:40:23.848		1.30277			4
2025.11.05	00:40:24.469		1.30276			4
2025.11.05	00:40:31.872		1.30275			4
2025.11.05	00:40:32.183		1.30276			4
2025.11.05	00:40:32.495	1.30192				2
2025.11.05	00:40:34.969		1.30277			4
2025.11.05	00:40:35.275	1.30193				2
2025.11.05	00:40:35.585	1.30196	1.30278			6
2025.11.05	00:40:35.895	1.30194	1.30277			6
2025.11.05	00:40:41.455		1.30278			4
2025.11.05	00:40:42.999	1.30193				2
2025.11.05	00:40:43.619	1.30194				2
2025.11.05	00:40:43.927	1.30193	1.30277			6
2025.11.05	00:40:45.159	1.30194				2
2025.11.05	00:40:45.778		1.30278			4
2025.11.05	00:40:46.708	1.30193				2
2025.11.05	00:40:47.943		1.30277			4
2025.11.05	00:40:48.890		1.30278			4
2025.11.05	00:40:49.196		1.30277			4
2025.11.05	00:40:52.265	1.30194				2
2025.11.05	00:40:55.036	1.30193				2
2025.11.05	00:40:57.803		1.30276			4
2025.11.05	00:41:00.275	1.30193				2
2025.11.05	00:41:05.527	1.30195	1.30278			6
2025.11.05	00:41:12.603	1.30194	1.30277			6
2025.11.05	00:41:17.845		1.30278			4
2025.11.05	00:41:20.010	1.30193	1.30277			6
2025.11.05	00:41:20.317		1.30278			4
2025.11.05	00:41:21.552	1.30194				2
2025.11.05	00:41:22.477		1.30279			4
2025.11.05	00:41:23.400	1.30193				2
2025.11.05	00:41:24.327		1.30278			4
2025.11.05	00:41:24.640	1.30194	1.30279			6
2025.11.05	00:41:26.177	1.30193	1.30276			6
2025.11.05	00:41:27.413		1.30277			4
2025.11.05	00:41:31.418	1.30194				2
2025.11.05	00:41:32.034	1.30193				2
2025.11.05	00:41:33.586	1.30194				2
2025.11.05	00:41:34.201		1.30276			4
2025.11.05	00:41:34.816	1.30195	1.30277			6
2025.11.05	00:41:35.438	1.30194				2
2025.11.05	00:41:37.594		1.30276			4
2025.11.05	00:41:38.525	1.30193				2
2025.11.05	00:41:57.056		1.30277			4
2025.11.05	00:41:57.675		1.30276			4
2025.11.05	00:42:00.143	1.30197	1.30286			6
2025.11.05	00:42:06.960		1.30283			4
2025.11.05	00:42:09.427	1.30198				2
2025.11.05	00:42:12.834	1.30199	1.30285			6
2025.11.05	00:42:14.695	1.30200				2
2025.11.05	00:42:15.930		1.30284			4
2025.11.05	00:42:19.654	1.30201				2
2025.11.05	00:42:20.280	1.30202				2
2025.11.05	00:42:25.895	1.30204				2
2025.11.05	00:42:26.201	1.30200				2
2025.11.05	00:42:27.140	1.30199				2
2025.11.05	00:42:27.451	1.30202				2
2025.11.05	00:42:29.000	1.30203				2
2025.11.05	00:42:30.234	1.30202				2
2025.11.05	00:42:30.544	1.30203				2
2025.11.05	00:42:31.166	1.30202				2
2025.11.05	00:42:33.354	1.30201				2
2025.11.05	00:42:33.662	1.30202				2
2025.11.05	00:42:39.233	1.30201				2
2025.11.05	00:42:53.745	1.30202				2
2025.11.05	00:43:00.242	1.30202				2
2025.11.05	00:43:03.651	1.30203				2
2025.11.05	00:43:03.960	1.30202				2
2025.11.05	00:43:13.227	1.30204				2
2025.11.05	00:43:13.532	1.30203				2
2025.11.05	00:43:13.841	1.30204	1.30288			6
2025.11.05	00:43:14.454	1.30205				2
2025.11.05	00:43:16.001	1.30204	1.30286			6
2025.11.05	00:43:16.306	1.30205				2
2025.11.05	00:43:16.922		1.30288			4
2025.11.05	00:43:17.232	1.30206	1.30286			6
2025.11.05	00:43:19.696	1.30204	1.30293			6
2025.11.05	00:43:19.997		1.30286			4
2025.11.05	00:43:20.936	1.30205				2
2025.11.05	00:43:25.552		1.30290			4
2025.11.05	00:43:25.860	1.30206				2
2025.11.05	00:43:26.478	1.30204	1.30288			6
2025.11.05	00:43:26.786	1.30205	1.30290			6
2025.11.05	00:43:30.792		1.30285			4
2025.11.05	00:43:31.095	1.30206				2
2025.11.05	00:43:44.407	1.30205				2
2025.11.05	00:43:47.828	1.30204				2
2025.11.05	00:43:48.140	1.30203				2
2025.11.05	00:43:50.632	1.30204				2
2025.11.05	00:43:56.533	1.30205				2
2025.11.05	00:43:58.400	1.30206				2
2025.11.05	00:44:00.271	1.30206				2
2025.11.05	00:44:00.895	1.30210				2
2025.11.05	00:44:01.520	1.30211	1.30288			6
2025.11.05	00:44:01.836	1.30210	1.30290			6
2025.11.05	00:44:02.138	1.30211	1.30289			6
2025.11.05	00:44:02.458	1.30210	1.30285			6
2025.11.05	00:44:02.772	1.30211				2
2025.11.05	00:44:03.700	1.30210	1.30287			6
2025.11.05	00:44:04.625		1.30285			4
2025.11.05	00:44:05.244	1.30211				2
2025.11.05	00:44:05.861		1.30293			4
2025.11.05	00:44:06.175		1.30286			4
2025.11.05	00:44:06.488	1.30209	1.30290			6
2025.11.05	00:44:06.803	1.30212				2
2025.11.05	00:44:07.422		1.30292			4
2025.11.05	00:44:08.043	1.30210				2
2025.11.05	00:44:08.352		1.30287			4
2025.11.05	00:44:08.659	1.30211	1.30284			6
2025.11.05	00:44:09.585	1.30209				2
2025.11.05	00:44:10.821	1.30210				2
2025.11.05	00:44:13.911	1.30209				2
2025.11.05	00:44:21.954	1.30208				2
2025.11.05	00:44:22.571	1.30209	1.30285			6
2025.11.05	00:44:24.113	1.30208				2
2025.11.05	00:44:25.247	1.30210				2
2025.11.05	00:44:27.401	1.30211				2
2025.11.05	00:44:37.611	1.30209				2
2025.11.05	00:44:37.921	1.30211				2
2025.11.05	00:44:39.467	1.30213				2
2025.11.05	00:44:39.778	1.30211				2
2025.11.05	00:44:40.718		1.30293			4
2025.11.05	00:44:41.643		1.30285			4
2025.11.05	00:44:41.948	1.30212				2
2025.11.05	00:44:42.568		1.30293			4
2025.11.05	00:44:42.872	1.30210	1.30285			6
2025.11.05	00:44:43.179	1.30212				2
2025.11.05	00:44:43.493	1.30211				2
2025.11.05	00:44:44.421	1.30212				2
2025.11.05	00:44:44.732	1.30213				2
2025.11.05	00:44:47.206	1.30212				2
2025.11.05	00:44:47.515	1.30213				2
2025.11.05	00:44:47.821	1.30211				2
2025.11.05	00:44:48.441	1.30212				2
2025.11.05	00:44:57.380		1.30283			4
2025.11.05	00:44:59.230	1.30213				2
2025.11.05	00:45:00.160	1.30213				2
2025.11.05	00:45:01.399	1.30212				2
2025.11.05	00:45:01.707	1.30213				2
2025.11.05	00:45:02.942	1.30212	1.30302			6
2025.11.05	00:45:06.651		1.30283			4
2025.11.05	00:45:14.980	1.30213				2
2025.11.05	00:45:15.294	1.30212				2
2025.11.05	00:45:15.599	1.30211				2
2025.11.05	00:45:15.913	1.30212				2
2025.11.05	00:45:16.836	1.30213				2
2025.11.05	00:45:17.142	1.30211	1.30286			6
2025.11.05	00:45:17.758	1.30212	1.30283			6
2025.11.05	00:45:19.310	1.30210				2
2025.11.05	00:45:19.616	1.30211				2
2025.11.05	00:45:20.234	1.30212				2
2025.11.05	00:45:21.170	1.30213				2
2025.11.05	00:45:21.480	1.30212				2
2025.11.05	00:45:21.785	1.30211				2
2025.11.05	00:45:23.324	1.30210				2
2025.11.05	00:45:26.411	1.30211				2
2025.11.05	00:45:27.024	1.30212				2
2025.11.05	00:45:29.535	1.30211				2
2025.11.05	00:45:30.458	1.30212				2
2025.11.05	00:45:31.095	1.30211				2
2025.11.05	00:45:31.404	1.30212				2
2025.11.05	00:45:32.330	1.30211				2
2025.11.05	00:45:34.792	1.30212				2
2025.11.05	00:45:35.110	1.30211				2
2025.11.05	00:45:36.652	1.30212				2
2025.11.05	00:45:37.578	1.30213				2
2025.11.05	00:45:38.832	1.30212	1.30285			6
2025.11.05	00:45:39.453	1.30211				2
2025.11.05	00:45:39.763	1.30213				2
2025.11.05	00:45:40.997	1.30212				2
2025.11.05	00:45:41.304	1.30209				2
2025.11.05	00:45:41.617	1.30212				2
2025.11.05	00:45:42.859	1.30213				2
2025.11.05	00:45:54.139	1.30229	1.30269			6
2025.11.05	00:46:12.630	1.30227				2
2025.11.05	00:46:15.800	1.30228				2
2025.11.05	00:46:18.272	1.30227				2
2025.11.05	00:46:20.120	1.30228				2
2025.11.05	00:46:22.592	1.30227	1.30264			6
2025.11.05	00:46:23.526	1.30226				2
2025.11.05	00:46:24.147	1.30228				2
2025.11.05	00:46:24.458	1.30225				2
2025.11.05	00:46:24.765	1.30226				2
2025.11.05	00:46:26.641	1.30234	1.30289			6
2025.11.05	00:46:26.948	1.30231				2
2025.11.05	00:46:27.260	1.30229	1.30287			6
2025.11.05	00:46:27.564	1.30230				2
2025.11.05	00:46:27.873		1.30288			4
2025.11.05	00:46:28.180	1.30231	1.30286			6
2025.11.05	00:46:28.489	1.30233	1.30287			6
2025.11.05	00:46:28.802		1.30285			4
2025.11.05	00:46:29.113		1.30286			4
2025.11.05	00:46:29.429	1.30235	1.30289			6
2025.11.05	00:46:30.354		1.30286			4
2025.11.05	00:46:30.655	1.30234	1.30289			6
2025.11.05	00:46:31.881	1.30235				2
2025.11.05	00:46:32.517	1.30234				2
2025.11.05	00:46:32.825	1.30237				2
2025.11.05	00:46:33.135	1.30235				2
2025.11.05	00:46:34.068	1.30236				2
2025.11.05	00:46:37.156	1.30237				2
2025.11.05	00:46:37.770		1.30287			4
2025.11.05	00:46:39.005		1.30288			4
2025.11.05	00:46:39.315		1.30289			4
2025.11.05	00:46:39.625	1.30235				2
2025.11.05	00:46:40.243		1.30286			4
2025.11.05	00:46:40.553		1.30288			4
2025.11.05	00:46:41.478		1.30287			4
2025.11.05	00:46:42.400	1.30234				2
2025.11.05	00:46:44.566	1.30235	1.30286			6
2025.11.05	00:46:44.875	1.30236				2
2025.11.05	00:46:45.183		1.30287			4
2025.11.05	00:46:45.492		1.30289			4
2025.11.05	00:46:47.957	1.30237				2
2025.11.05	00:46:50.124	1.30236				2
2025.11.05	00:46:51.364		1.30286			4
2025.11.05	00:46:51.671	1.30237	1.30287			6
2025.11.05	00:46:52.291	1.30236				2
2025.11.05	00:46:53.528		1.30286			4
2025.11.05	00:46:53.837		1.30287			4
2025.11.05	00:46:54.457		1.30288			4
2025.11.05	00:46:54.771		1.30287			4
2025.11.05	00:46:55.394		1.30288			4
2025.11.05	00:46:55.703		1.30289			4
2025.11.05	00:46:56.942		1.30288			4
2025.11.05	00:46:57.250	1.30237				2
2025.11.05	00:46:57.561		1.30287			4
2025.11.05	00:46:58.180	1.30236	1.30286			6
2025.11.05	00:46:59.108	1.30237				2
2025.11.05	00:46:59.416		1.30289			4
2025.11.05	00:46:59.730		1.30288			4
2025.11.05	00:47:00.035	1.30237	1.30286			6
2025.11.05	00:47:01.275		1.30287			4
2025.11.05	00:47:02.820		1.30289			4
2025.11.05	00:47:03.127	1.30233	1.30291			6
2025.11.05	00:47:06.522	1.30237	1.30289			6
2025.11.05	00:47:09.314		1.30288			4
2025.11.05	00:47:09.614		1.30287			4
2025.11.05	00:47:09.916		1.30286			4
2025.11.05	00:47:10.224		1.30285			4
2025.11.05	00:47:11.468		1.30286			4
2025.11.05	00:47:17.634		1.30289			4
2025.11.05	00:47:18.569		1.30288			4
2025.11.05	00:47:20.423		1.30287			4
2025.11.05	00:47:20.729		1.30289			4
2025.11.05	00:47:21.964		1.30288			4
2025.11.05	00:47:22.582		1.30287			4
2025.11.05	00:47:27.213		1.30288			4
2025.11.05	00:47:28.444		1.30289			4
2025.11.05	00:47:29.367	1.30238				2
2025.11.05	00:47:29.983	1.30237				2
2025.11.05	00:47:30.293		1.30287			4
2025.11.05	00:47:31.529	1.30238	1.30289			6
2025.11.05	00:47:31.838		1.30287			4
2025.11.05	00:47:32.147		1.30289			4
2025.11.05	00:47:34.301	1.30237				2
2025.11.05	00:47:36.149	1.30238				2
2025.11.05	00:47:36.766		1.30288			4
2025.11.05	00:47:37.072	1.30237				2
2025.11.05	00:47:38.305	1.30238				2
2025.11.05	00:47:38.929	1.30237	1.30289			6
2025.11.05	00:47:39.235		1.30288			4
2025.11.05	00:47:39.851		1.30289			4
2025.11.05	00:47:40.777	1.30238				2
2025.11.05	00:47:50.341	1.30239				2
2025.11.05	00:47:50.957	1.30238				2
2025.11.05	00:47:52.507	1.30237				2
2025.11.05	00:47:52.815	1.30238				2
2025.11.05	00:47:53.125	1.30237				2
2025.11.05	00:47:55.280	1.30238				2
2025.11.05	00:47:58.369	1.30237				2
2025.11.05	00:48:00.211	1.30237				2
2025.11.05	00:48:00.522	1.30238				2
2025.11.05	00:48:01.449	1.30237				2
2025.11.05	00:48:02.379	1.30238				2
2025.11.05	00:48:03.307	1.30237				2
2025.11.05	00:48:04.230	1.30238				2
2025.11.05	00:48:08.848	1.30239				2
2025.11.05	00:48:10.695	1.30238				2
2025.11.05	00:48:15.331	1.30239				2
2025.11.05	00:48:16.565	1.30238				2
2025.11.05	00:48:19.351	1.30239				2
2025.11.05	00:48:22.128	1.30238				2
2025.11.05	00:48:23.048		1.30288			4
2025.11.05	00:48:23.354		1.30289			4
2025.11.05	00:48:25.206	1.30239				2
2025.11.05	00:48:28.318	1.30238				2
2025.11.05	00:48:32.029	1.30237				2
2025.11.05	00:48:32.959		1.30288			4
2025.11.05	00:48:33.268		1.30289			4
2025.11.05	00:48:34.190	1.30238				2
2025.11.05	00:48:37.286	1.30239				2
2025.11.05	00:48:38.211	1.30238				2
2025.11.05	00:48:48.111	1.30237				2
2025.11.05	00:48:48.423		1.30288			4
2025.11.05	00:48:49.353		1.30289			4
2025.11.05	00:48:49.661		1.30288			4
2025.11.05	00:48:54.904		1.30289			4
2025.11.05	00:49:00.156	1.30237				2
2025.11.05	00:49:04.477		1.30288			4
2025.11.05	00:49:04.792		1.30289			4
2025.11.05	00:49:05.101		1.30288			4
2025.11.05	00:49:06.334		1.30289			4
2025.11.05	00:49:06.641		1.30288			4
2025.11.05	00:49:10.649		1.30289			4
2025.11.05	00:49:12.813	1.30238				2
2025.11.05	00:49:15.908	1.30237				2
2025.11.05	00:49:17.144		1.30288			4
2025.11.05	00:49:20.530	1.30238				2
2025.11.05	00:49:21.143	1.30241	1.30292			6
2025.11.05	00:49:21.456	1.30243				2
2025.11.05	00:49:21.761		1.30290			4
2025.11.05	00:49:22.074		1.30291			4
2025.11.05	00:49:25.151		1.30294			4
2025.11.05	00:49:25.458	1.30244	1.30293			6
2025.11.05	00:49:26.693	1.30242	1.30288			6
2025.11.05	00:49:27.307	1.30243	1.30289			6
2025.11.05	00:49:27.617		1.30288			4
2025.11.05	00:49:28.856		1.30289			4
2025.11.05	00:49:29.783		1.30290			4
2025.11.05	00:49:30.402		1.30291			4
2025.11.05	00:49:30.711		1.30289			4
2025.11.05	00:49:31.014		1.30288			4
2025.11.05	00:49:35.030		1.30289			4
2025.11.05	00:49:38.118		1.30288			4
2025.11.05	00:49:38.437		1.30287			4
2025.11.05	00:49:39.048		1.30288			4
2025.11.05	00:49:39.355		1.30287			4
2025.11.05	00:49:39.666		1.30289			4
2025.11.05	00:49:39.969		1.30288			4
2025.11.05	00:49:41.211		1.30286			4
2025.11.05	00:49:41.830		1.30287			4
2025.11.05	00:49:42.757		1.30288			4
2025.11.05	00:49:43.066		1.30287			4
2025.11.05	00:49:44.605		1.30286			4
2025.11.05	00:49:44.920		1.30287			4
2025.11.05	00:49:45.843		1.30288			4
2025.11.05	00:49:46.462		1.30289			4
2025.11.05	00:49:54.494		1.30291			4
2025.11.05	00:49:54.803		1.30289			4
2025.11.05	00:49:55.112		1.30287			4
2025.11.05	00:49:55.727		1.30289			4
2025.11.05	00:50:00.044	1.30243				2
2025.11.05	00:50:00.661		1.30287			4
2025.11.05	00:50:01.280	1.30245	1.30288			6
2025.11.05	00:50:01.589		1.30289			4
2025.11.05	00:50:01.901		1.30287			4
2025.11.05	00:50:02.209	1.30246				2
2025.11.05	00:50:03.133		1.30288			4
2025.11.05	00:50:03.445		1.30287			4
2025.11.05	00:50:04.369	1.30245				2
2025.11.05	00:50:04.675	1.30244				2
2025.11.05	00:50:04.983		1.30288			4
2025.11.05	00:50:05.297		1.30287			4
2025.11.05	00:50:07.145	1.30243				2
2025.11.05	00:50:07.456	1.30244	1.30288			6
2025.11.05	00:50:07.765	1.30243	1.30287			6
2025.11.05	00:50:08.378		1.30288			4
2025.11.05	00:50:08.998		1.30287			4
2025.11.05	00:50:09.308	1.30244	1.30289			6
2025.11.05	00:50:10.553	1.30243	1.30288			6
2025.11.05	00:50:11.174	1.30244	1.30287			6
2025.11.05	00:50:11.483	1.30245	1.30289			6
2025.11.05	00:50:11.797	1.30244	1.30288			6
2025.11.05	00:50:12.104	1.30243				2
2025.11.05	00:50:12.727	1.30244				2
2025.11.05	00:50:14.274		1.30289			4
2025.11.05	00:50:15.206		1.30288			4
2025.11.05	00:50:15.515	1.30245				2
2025.11.05	00:50:15.822	1.30246	1.30291			6
2025.11.05	00:50:16.443		1.30289			4
2025.11.05	00:50:16.750	1.30245				2
2025.11.05	00:50:17.678		1.30288			4
2025.11.05	00:50:18.604		1.30287			4
2025.11.05	00:50:18.912		1.30286			4
2025.11.05	00:50:24.162		1.30287			4
2025.11.05	00:50:24.468		1.30286			4
2025.11.05	00:50:25.394		1.30287			4
2025.11.05	00:50:26.016	1.30244				2
2025.11.05	00:50:27.866		1.30286			4
2025.11.05	00:50:28.482		1.30287			4
2025.11.05	00:50:29.412		1.30288			4
2025.11.05	00:50:30.031	1.30245				2
2025.11.05	00:50:30.338		1.30289			4
2025.11.05	00:50:30.649		1.30287			4
2025.11.05	00:50:31.882	1.30244				2
2025.11.05	00:50:32.192		1.30288			4
2025.11.05	00:50:32.809		1.30287			4
2025.11.05	00:50:33.118	1.30245				2
2025.11.05	00:50:33.426		1.30288			4
2025.11.05	00:50:34.046		1.30285			4
2025.11.05	00:50:34.356		1.30284			4
2025.11.05	00:50:38.061	1.30244				2
2025.11.05	00:50:39.296	1.30243				2
2025.11.05	00:50:40.533	1.30244				2
2025.11.05	00:50:46.092	1.30243				2
2025.11.05	00:50:46.710	1.30244				2
2025.11.05	00:50:54.433	1.30245				2
2025.11.05	00:51:00.009	1.30245				2
2025.11.05	00:51:00.320	1.30246				2
2025.11.05	00:51:00.937	1.30245				2
2025.11.05	00:51:11.147	1.30244				2
2025.11.05	00:51:12.076	1.30245				2
2025.11.05	00:51:13.620	1.30244				2
2025.11.05	00:51:15.472	1.30245				2
2025.11.05	00:51:21.647	1.30253	1.30289			6
2025.11.05	00:51:22.271	1.30255				2
2025.11.05	00:51:25.364	1.30254				2
2025.11.05	00:51:28.152	1.30253				2
2025.11.05	00:51:28.779	1.30254				2
2025.11.05	00:51:32.178	1.30255				2
2025.11.05	00:51:33.105	1.30253				2
2025.11.05	00:51:34.344	1.30254				2
2025.11.05	00:51:35.882	1.30253				2
2025.11.05	00:51:36.499	1.30254				2
2025.11.05	00:51:39.279	1.30253				2
2025.11.05	00:51:43.291	1.30257				2
2025.11.05	00:51:44.520	1.30256				2
2025.11.05	00:51:48.834	1.30255				2
2025.11.05	00:51:51.304	1.30254				2
2025.11.05	00:51:58.097	1.30255				2
2025.11.05	00:51:59.023	1.30253				2
2025.11.05	00:51:59.333	1.30254				2
2025.11.05	00:52:00.255	1.30254				2
2025.11.05	00:52:00.569	1.30255				2
2025.11.05	00:52:02.425	1.30254				2
2025.11.05	00:52:06.775	1.30253				2
2025.11.05	00:52:07.083	1.30254				2
2025.11.05	00:52:07.394	1.30253				2
2025.11.05	00:52:08.947	1.30254				2
2025.11.05	00:52:21.921		1.30289			4
2025.11.05	00:52:25.929	1.30255				2
2025.11.05	00:52:26.551	1.30254				2
2025.11.05	00:52:27.787	1.30255				2
2025.11.05	00:52:36.131	1.30254				2
2025.11.05	00:52:38.287	1.30258				2
2025.11.05	00:52:38.597	1.30257				2
2025.11.05	00:52:40.761	1.30256				2
2025.11.05	00:52:50.959	1.30257				2
2025.11.05	00:52:53.424	1.30258				2
2025.11.05	00:53:00.237	1.30258				2
2025.11.05	00:53:05.489	1.30257				2
2025.11.05	00:53:07.335	1.30258				2
2025.11.05	00:53:10.117	1.30257				2
2025.11.05	00:53:17.841	1.30258				2
2025.11.05	00:53:20.940	1.30261	1.30299			6
2025.11.05	00:53:21.247	1.30258	1.30294			6
2025.11.05	00:53:21.563	1.30259	1.30305			6
2025.11.05	00:53:21.867	1.30258	1.30304			6
2025.11.05	00:53:22.169		1.30299			4
2025.11.05	00:53:22.490		1.30298			4
2025.11.05	00:53:22.795	1.30261	1.30301			6
2025.11.05	00:53:23.099	1.30258				2
2025.11.05	00:53:23.402	1.30261	1.30308			6
2025.11.05	00:53:23.705	1.30258	1.30301			6
2025.11.05	00:53:24.010		1.30309			4
2025.11.05	00:53:24.319	1.30260	1.30304			6
2025.11.05	00:53:24.626	1.30258				2
2025.11.05	00:53:24.928	1.30260				2
2025.11.05	00:53:25.232	1.30258	1.30302			6
2025.11.05	00:53:25.839		1.30304			4
2025.11.05	00:53:26.148	1.30259	1.30300			6
2025.11.05	00:53:26.450	1.30258	1.30301			6
2025.11.05	00:53:26.751	1.30260				2
2025.11.05	00:53:27.056	1.30258				2
2025.11.05	00:53:27.359	1.30262	1.30303			6
2025.11.05	00:53:27.661	1.30258	1.30302			6
2025.11.05	00:53:27.965		1.30301			4
2025.11.05	00:53:28.271	1.30263	1.30298			6
2025.11.05	00:53:28.577	1.30258	1.30292			6
2025.11.05	00:53:28.880		1.30301			4
2025.11.05	00:53:29.186	1.30260	1.30299			6
2025.11.05	00:53:29.487	1.30258	1.30291			6
2025.11.05	00:53:30.410	1.30260	1.30306			6
2025.11.05	00:53:30.720		1.30299			4
2025.11.05	00:53:31.021	1.30259	1.30301			6
2025.11.05	00:53:31.323	1.30258	1.30303			6
2025.11.05	00:53:31.626		1.30300			4
2025.11.05	00:53:31.928		1.30302			4
2025.11.05	00:53:32.231		1.30300			4
2025.11.05	00:53:32.535		1.30303			4
2025.11.05	00:53:32.838		1.30301			4
2025.11.05	00:53:34.366		1.30303			4
2025.11.05	00:53:34.680		1.30301			4
2025.11.05	00:53:34.984		1.30300			4
2025.11.05	00:53:35.614		1.30301			4
2025.11.05	00:53:35.920		1.30302			4
2025.11.05	00:53:36.846	1.30259	1.30299			6
2025.11.05	00:53:37.775	1.30258	1.30304			6
2025.11.05	00:53:38.080	1.30259	1.30299			6
2025.11.05	00:53:38.683		1.30303			4
2025.11.05	00:53:39.605		1.30305			4
2025.11.05	00:53:40.219		1.30308			4
2025.11.05	00:53:40.521		1.30307			4
2025.11.05	00:53:40.824	1.30263	1.30296			6
2025.11.05	00:53:41.132	1.30264				2
2025.11.05	00:53:41.438	1.30263				2
2025.11.05	00:53:42.664	1.30264	1.30297			6
2025.11.05	00:53:42.972	1.30263				2
2025.11.05	00:53:46.627		1.30296			4
2025.11.05	00:53:47.858	1.30258	1.30297			6
2025.11.05	00:53:48.170	1.30259				2
2025.11.05	00:53:48.477	1.30258				2
2025.11.05	00:53:48.780		1.30293			4
2025.11.05	00:53:49.385		1.30292			4
2025.11.05	00:53:49.692	1.30260	1.30293			6
2025.11.05	00:53:50.000	1.30258				2
2025.11.05	00:53:50.306		1.30289			4
2025.11.05	00:53:51.233	1.30259	1.30292			6
2025.11.05	00:53:51.539	1.30258	1.30293			6
2025.11.05	00:53:51.845		1.30297			4
2025.11.05	00:53:52.159		1.30292			4
2025.11.05	00:53:52.464		1.30291			4
2025.11.05	00:53:54.317	1.30263	1.30293			6
2025.11.05	00:53:54.620	1.30262	1.30291			6
2025.11.05	00:53:54.933	1.30258				2
2025.11.05	00:53:55.236	1.30261				2
2025.11.05	00:53:55.539	1.30258	1.30302			6
2025.11.05	00:53:55.842		1.30293			4
2025.11.05	00:53:56.153		1.30295			4
2025.11.05	00:53:56.762		1.30299			4
2025.11.05	00:54:00.167	1.30258				2
2025.11.05	00:54:08.814	1.30261	1.30302			6
2025.11.05	00:54:09.743		1.30303			4
2025.11.05	00:54:11.287		1.30302			4
2025.11.05	00:54:12.211		1.30303			4
2025.11.05	00:54:12.829		1.30301			4
2025.11.05	00:54:13.139		1.30302			4
2025.11.05	00:54:13.447		1.30303			4
2025.11.05	00:54:16.542		1.30301			4
2025.11.05	00:54:17.797		1.30300			4
2025.11.05	00:54:19.029		1.30303			4
2025.11.05	00:54:21.499		1.30302			4
2025.11.05	00:54:21.809		1.30300			4
2025.11.05	00:54:22.737		1.30303			4
2025.11.05	00:54:23.039		1.30302			4
2025.11.05	00:54:23.355		1.30303			4
2025.11.05	00:54:23.663		1.30301			4
2025.11.05	00:54:25.209		1.30300			4
2025.11.05	00:54:25.515		1.30303			4
2025.11.05	00:54:27.379		1.30305			4
2025.11.05	00:54:27.686		1.30302			4
2025.11.05	00:54:29.863		1.30301			4
2025.11.05	00:54:30.173		1.30304			4
2025.11.05	00:54:30.476		1.30305			4
2025.11.05	00:54:30.780		1.30309			4
2025.11.05	00:54:31.099		1.30308			4
2025.11.05	00:54:31.716		1.30309			4
2025.11.05	00:54:32.021		1.30312			4
2025.11.05	00:54:32.337		1.30311			4
2025.11.05	00:54:32.646		1.30310			4
2025.11.05	00:54:33.262		1.30311			4
2025.11.05	00:54:34.802		1.30310			4
2025.11.05	00:54:41.008		1.30308			4
2025.11.05	00:54:45.974		1.30309			4
2025.11.05	00:54:47.206		1.30308			4
2025.11.05	00:54:47.518		1.30309			4
2025.11.05	00:54:55.542		1.30308			4
2025.11.05	00:54:57.395		1.30309			4
2025.11.05	00:55:00.176	1.30261				2
2025.11.05	00:55:00.485		1.30310			4
2025.11.05	00:55:00.794		1.30309			4
2025.11.05	00:55:04.802	1.30260				2
2025.11.05	00:55:05.105	1.30258	1.30308			6
2025.11.05	00:55:05.422	1.30260	1.30306			6
2025.11.05	00:55:05.736	1.30261	1.30302			6
2025.11.05	00:55:06.042		1.30304			4
2025.11.05	00:55:06.357		1.30305			4
2025.11.05	00:55:06.666		1.30309			4
2025.11.05	00:55:06.971		1.30308			4
2025.11.05	00:55:07.279		1.30302			4
2025.11.05	00:55:07.588		1.30301			4
2025.11.05	00:55:10.392		1.30302			4
2025.11.05	00:55:10.704		1.30301			4
2025.11.05	00:55:11.007		1.30305			4
2025.11.05	00:55:12.564		1.30306			4
2025.11.05	00:55:12.871		1.30304			4
2025.11.05	00:55:13.177	1.30257	1.30303			6
2025.11.05	00:55:13.488	1.30255	1.30302			6
2025.11.05	00:55:13.797	1.30256				2
2025.11.05	00:55:14.100	1.30264	1.30310			6
2025.11.05	00:55:14.402	1.30261	1.30308			6
2025.11.05	00:55:14.709	1.30262	1.30306			6
2025.11.05	00:55:15.014	1.30266	1.30313			6
2025.11.05	00:55:15.315	1.30261	1.30311			6
2025.11.05	00:55:15.622		1.30306			4
2025.11.05	00:55:15.933		1.30307			4
2025.11.05	00:55:16.242		1.30304			4
2025.11.05	00:55:16.560		1.30308			4
2025.11.05	00:55:16.864	1.30262	1.30315			6
2025.11.05	00:55:17.164	1.30261	1.30311			6
2025.11.05	00:55:17.469		1.30310			4
2025.11.05	00:55:18.089		1.30309			4
2025.11.05	00:55:18.699		1.30311			4
2025.11.05	00:55:19.318	1.30262	1.30309			6
2025.11.05	00:55:19.620		1.30311			4
2025.11.05	00:55:19.925	1.30261	1.30309			6
2025.11.05	00:55:20.226		1.30308			4
2025.11.05	00:55:20.528		1.30306			4
2025.11.05	00:55:20.831	1.30262	1.30310			6
2025.11.05	00:55:21.133		1.30311			4
2025.11.05	00:55:21.438		1.30308			4
2025.11.05	00:55:21.744		1.30309			4
2025.11.05	00:55:22.051	1.30261	1.30307			6
2025.11.05	00:55:22.361		1.30303			4
2025.11.05	00:55:22.670		1.30301			4
2025.11.05	00:55:22.983		1.30304			4
2025.11.05	00:55:23.292		1.30303			4
2025.11.05	00:55:23.598		1.30307			4
2025.11.05	00:55:25.450	1.30262	1.30311			6
2025.11.05	00:55:25.751	1.30261	1.30304			6
2025.11.05	00:55:26.059		1.30307			4
2025.11.05	00:55:26.379		1.30304			4
2025.11.05	00:55:27.314		1.30305			4
2025.11.05	00:55:27.623		1.30304			4
2025.11.05	00:55:28.553		1.30303			4
2025.11.05	00:55:28.862		1.30312			4
2025.11.05	00:55:29.176	1.30262	1.30307			6
2025.11.05	00:55:29.485	1.30261	1.30309			6
2025.11.05	00:55:29.793		1.30307			4
2025.11.05	00:55:30.099		1.30308			4
2025.11.05	00:55:30.404	1.30264	1.30309			6
2025.11.05	00:55:30.706	1.30262	1.30308			6
2025.11.05	00:55:31.008	1.30261				2
2025.11.05	00:55:31.315		1.30307			4
2025.11.05	00:55:31.620	1.30262	1.30309			6
2025.11.05	00:55:31.936	1.30261	1.30306			6
2025.11.05	00:55:32.242		1.30307			4
2025.11.05	00:55:32.857	1.30263	1.30306			6
2025.11.05	00:55:33.163	1.30261	1.30308			6
2025.11.05	00:55:33.479		1.30307			4
2025.11.05	00:55:33.786		1.30309			4
2025.11.05	00:55:34.095	1.30262	1.30308			6
2025.11.05	00:55:34.401	1.30261	1.30309			6
2025.11.05	00:55:34.705		1.30308			4
2025.11.05	00:55:35.009		1.30310			4
2025.11.05	00:55:35.311	1.30262	1.30308			6
2025.11.05	00:55:35.619	1.30261	1.30305			6
2025.11.05	00:55:35.924		1.30304			4
2025.11.05	00:55:36.234		1.30307			4
2025.11.05	00:55:36.539		1.30305			4
2025.11.05	00:55:36.847		1.30308			4
2025.11.05	00:55:37.165		1.30304			4
2025.11.05	00:55:37.775		1.30310			4
2025.11.05	00:55:38.077	1.30262	1.30315			6
2025.11.05	00:55:38.383	1.30261	1.30313			6
2025.11.05	00:55:38.685		1.30309			4
2025.11.05	00:55:39.305		1.30312			4
2025.11.05	00:55:39.610		1.30309			4
2025.11.05	00:55:39.921		1.30307			4
2025.11.05	00:55:40.227		1.30304			4
2025.11.05	00:55:40.532	1.30259	1.30311			6
2025.11.05	00:55:40.842	1.30255	1.30310			6
2025.11.05	00:55:41.147		1.30311			4
2025.11.05	00:55:41.449	1.30256	1.30304			6
2025.11.05	00:55:41.754	1.30262	1.30315			6
2025.11.05	00:55:42.058		1.30313			4
2025.11.05	00:55:42.362	1.30257	1.30308			6
2025.11.05	00:55:42.668	1.30259	1.30310			6
2025.11.05	00:55:42.977	1.30256	1.30311			6
2025.11.05	00:55:43.278	1.30255	1.30309			6
2025.11.05	00:55:43.584		1.30303			4
2025.11.05	00:55:44.199		1.30305			4
2025.11.05	00:55:44.820		1.30306			4
2025.11.05	00:55:45.126		1.30304			4
2025.11.05	00:55:45.434		1.30307			4
2025.11.05	00:55:45.739	1.30256	1.30308			6
2025.11.05	00:55:46.045	1.30255	1.30305			6
2025.11.05	00:55:46.365		1.30308			4
2025.11.05	00:55:46.672		1.30307			4
2025.11.05	00:55:47.293		1.30308			4
2025.11.05	00:55:48.220		1.30310			4
2025.11.05	00:55:49.759	1.30256	1.30312			6
2025.11.05	00:55:50.071		1.30310			4
2025.11.05	00:55:50.377	1.30255	1.30307			6
2025.11.05	00:55:50.993		1.30308			4
2025.11.05	00:55:51.615		1.30307			4
2025.11.05	00:55:52.227		1.30308			4
2025.11.05	00:55:55.620		1.30309			4
2025.11.05	00:55:55.924		1.30307			4
2025.11.05	00:55:56.235	1.30261	1.30316			6
2025.11.05	00:55:56.538		1.30314			4
2025.11.05	00:55:56.846		1.30312			4
2025.11.05	00:55:57.475		1.30317			4
2025.11.05	00:55:57.778		1.30309			4
2025.11.05	00:55:58.081		1.30315			4
2025.11.05	00:55:58.400		1.30309			4
2025.11.05	00:55:59.007		1.30311			4
2025.11.05	00:55:59.327		1.30309			4
2025.11.05	00:55:59.937		1.30303			4
2025.11.05	00:56:00.255	1.30261				2
2025.11.05	00:56:00.568		1.30301			4
2025.11.05	00:56:00.871		1.30311			4
2025.11.05	00:56:01.176		1.30307			4
2025.11.05	00:56:01.479		1.30308			4
2025.11.05	00:56:01.782		1.30309			4
2025.11.05	00:56:02.086		1.30304			4
2025.11.05	00:56:02.390		1.30306			4
2025.11.05	00:56:03.004		1.30305			4
2025.11.05	00:56:03.305		1.30308			4
2025.11.05	00:56:03.620		1.30305			4
2025.11.05	00:56:04.227		1.30303			4
2025.11.05	00:56:04.532		1.30305			4
2025.11.05	00:56:04.839		1.30307			4
2025.11.05	00:56:05.140		1.30304			4
2025.11.05	00:56:05.451		1.30305			4
2025.11.05	00:56:05.761		1.30307			4
2025.11.05	00:56:06.064		1.30304			4
2025.11.05	00:56:06.365		1.30302			4
2025.11.05	00:56:06.978		1.30301			4
2025.11.05	00:56:07.281		1.30302			4
2025.11.05	00:56:07.586		1.30300			4
2025.11.05	00:56:07.897		1.30302			4
2025.11.05	00:56:08.202		1.30301			4
2025.11.05	00:56:08.505		1.30299			4
2025.11.05	00:56:08.812		1.30301			4
2025.11.05	00:56:09.118		1.30304			4
2025.11.05	00:56:09.426		1.30306			4
2025.11.05	00:56:09.730		1.30307			4
2025.11.05	00:56:10.039		1.30302			4
2025.11.05	00:56:10.347		1.30301			4
2025.11.05	00:56:10.971		1.30306			4
2025.11.05	00:56:11.277		1.30302			4
2025.11.05	00:56:11.579		1.30303			4
2025.11.05	00:56:11.880		1.30302			4
2025.11.05	00:56:12.191		1.30300			4
2025.11.05	00:56:12.497		1.30303			4
2025.11.05	00:56:12.806		1.30302			4
2025.11.05	00:56:13.107		1.30303			4
2025.11.05	00:56:13.419		1.30302			4
2025.11.05	00:56:14.649		1.30303			4
2025.11.05	00:56:14.957		1.30302			4
2025.11.05	00:56:16.189		1.30301			4
2025.11.05	00:56:16.503		1.30302			4
2025.11.05	00:56:19.584		1.30301			4
2025.11.05	00:56:24.823		1.30300			4
2025.11.05	00:56:26.676		1.30302			4
2025.11.05	00:56:26.985		1.30301			4
2025.11.05	00:56:27.602		1.30302			4
2025.11.05	00:56:28.528		1.30303			4
2025.11.05	00:56:29.763		1.30302			4
2025.11.05	00:56:30.070		1.30303			4
2025.11.05	00:56:30.372		1.30300			4
2025.11.05	00:56:31.002		1.30299			4
2025.11.05	00:56:31.929		1.30300			4
2025.11.05	00:56:32.243		1.30302			4
2025.11.05	00:56:33.467	1.30255	1.30298			6
2025.11.05	00:56:33.785	1.30254	1.30299			6
2025.11.05	00:56:34.090		1.30298			4
2025.11.05	00:56:36.877	1.30255				2
2025.11.05	00:56:37.185		1.30300			4
2025.11.05	00:56:38.111		1.30299			4
2025.11.05	00:56:41.513		1.30300			4
2025.11.05	00:56:45.836		1.30299			4
2025.11.05	00:56:46.457	1.30254	1.30300			6
2025.11.05	00:56:46.762	1.30255				2
2025.11.05	00:56:47.075	1.30254				2
2025.11.05	00:56:47.383		1.30298			4
2025.11.05	00:56:47.687		1.30301			4
2025.11.05	00:56:48.309		1.30299			4
2025.11.05	00:56:50.155	1.30255				2
2025.11.05	00:56:56.955		1.30298			4
2025.11.05	00:56:57.259	1.30254	1.30300			6
2025.11.05	00:56:57.572		1.30299			4
2025.11.05	00:56:58.190		1.30298			4
2025.11.05	00:56:59.431		1.30297			4
2025.11.05	00:57:00.043	1.30254				2
2025.11.05	00:57:00.351	1.30255	1.30300			6
2025.11.05	00:57:01.589		1.30299			4
2025.11.05	00:57:04.673		1.30300			4
2025.11.05	00:57:06.529		1.30299			4
2025.11.05	00:57:06.840	1.30254	1.30298			6
2025.11.05	00:57:07.763		1.30299			4
2025.11.05	00:57:08.075		1.30298			4
2025.11.05	00:57:08.381		1.30297			4
2025.11.05	00:57:09.928		1.30298			4
2025.11.05	00:57:10.239	1.30255	1.30300			6
2025.11.05	00:57:10.545		1.30299			4
2025.11.05	00:57:13.012	1.30256				2
2025.11.05	00:57:13.323		1.30300			4
2025.11.05	00:57:16.715		1.30299			4
2025.11.05	00:57:17.338		1.30300			4
2025.11.05	00:57:17.647		1.30299			4
2025.11.05	00:57:17.953	1.30254	1.30300			6
2025.11.05	00:57:18.257		1.30297			4
2025.11.05	00:57:18.865		1.30296			4
2025.11.05	00:57:19.471		1.30297			4
2025.11.05	00:57:19.774		1.30296			4
2025.11.05	00:57:20.080		1.30298			4
2025.11.05	00:57:20.381		1.30296			4
2025.11.05	00:57:21.313	1.30255	1.30297			6
2025.11.05	00:57:21.630	1.30254				2
2025.11.05	00:57:22.880		1.30296			4
2025.11.05	00:57:23.496		1.30295			4
2025.11.05	00:57:23.802		1.30296			4
2025.11.05	00:57:26.270		1.30295			4
2025.11.05	00:57:27.198		1.30297			4
2025.11.05	00:57:27.506		1.30295			4
2025.11.05	00:57:27.808		1.30297			4
2025.11.05	00:57:28.126		1.30298			4
2025.11.05	00:57:28.433	1.30255	1.30295			6
2025.11.05	00:57:29.666		1.30294			4
2025.11.05	00:57:29.977		1.30296			4
2025.11.05	00:57:31.217		1.30297			4
2025.11.05	00:57:31.830		1.30299			4
2025.11.05	00:57:32.142		1.30298			4
2025.11.05	00:57:32.443		1.30299			4
2025.11.05	00:57:36.454		1.30298			4
2025.11.05	00:57:37.074		1.30297			4
2025.11.05	00:57:37.384		1.30296			4
2025.11.05	00:57:37.692		1.30297			4
2025.11.05	00:57:38.306		1.30296			4
2025.11.05	00:57:39.849		1.30297			4
2025.11.05	00:57:40.166		1.30296			4
2025.11.05	00:57:40.475		1.30298			4
2025.11.05	00:57:40.778		1.30297			4
2025.11.05	00:57:41.079		1.30298			4
2025.11.05	00:57:41.381		1.30296			4
2025.11.05	00:57:41.686		1.30298			4
2025.11.05	00:57:42.916		1.30295			4
2025.11.05	00:57:44.160		1.30297			4
2025.11.05	00:57:47.269		1.30296			4
2025.11.05	00:57:47.576		1.30297			4
2025.11.05	00:57:47.882		1.30296			4
2025.11.05	00:57:48.498		1.30298			4
2025.11.05	00:57:48.812		1.30296			4
2025.11.05	00:57:49.119		1.30297			4
2025.11.05	00:57:49.426		1.30296			4
2025.11.05	00:57:50.044		1.30297			4
2025.11.05	00:57:51.588		1.30300			4
2025.11.05	00:57:52.820		1.30299			4
2025.11.05	00:57:57.451		1.30298			4
2025.11.05	00:57:58.071		1.30297			4
2025.11.05	00:57:58.378		1.30296			4
2025.11.05	00:58:00.227	1.30255	1.30297			6
2025.11.05	00:58:00.533		1.30296			4
2025.11.05	00:58:01.151		1.30297			4
2025.11.05	00:58:01.461		1.30298			4
2025.11.05	00:58:01.772		1.30297			4
2025.11.05	00:58:02.076		1.30300			4
2025.11.05	00:58:03.611	1.30253	1.30298			6
2025.11.05	00:58:03.921		1.30297			4
2025.11.05	00:58:04.224	1.30254	1.30296			6
2025.11.05	00:58:04.529		1.30297			4
2025.11.05	00:58:04.838		1.30298			4
2025.11.05	00:58:06.383		1.30299			4
2025.11.05	00:58:07.613	1.30253	1.30298			6
2025.11.05	00:58:07.921	1.30252				2
2025.11.05	00:58:08.226	1.30251	1.30296			6
2025.11.05	00:58:08.539		1.30295			4
2025.11.05	00:58:09.143	1.30252	1.30298			6
2025.11.05	00:58:09.445		1.30295			4
2025.11.05	00:58:09.752		1.30296			4
2025.11.05	00:58:10.059		1.30297			4
2025.11.05	00:58:10.369		1.30296			4
2025.11.05	00:58:10.986	1.30253	1.30297			6
2025.11.05	00:58:11.294		1.30298			4
2025.11.05	00:58:11.601		1.30297			4
2025.11.05	00:58:13.448	1.30249	1.30294			6
2025.11.05	00:58:14.064		1.30295			4
2025.11.05	00:58:14.372	1.30248				2
2025.11.05	00:58:15.615		1.30294			4
2025.11.05	00:58:16.238		1.30293			4
2025.11.05	00:58:17.180		1.30294			4
2025.11.05	00:58:19.650		1.30293			4
2025.11.05	00:58:20.899		1.30294			4
2025.11.05	00:58:21.212		1.30293			4
2025.11.05	00:58:27.126		1.30294			4
2025.11.05	00:58:29.604		1.30293			4
2025.11.05	00:58:34.283		1.30295			4
2025.11.05	00:58:34.590		1.30294			4
2025.11.05	00:58:37.692		1.30293			4
2025.11.05	00:58:40.783		1.30292			4
2025.11.05	00:58:45.723		1.30293			4
2025.11.05	00:58:49.129		1.30292			4
2025.11.05	00:58:51.605		1.30293			4
2025.11.05	00:58:52.845		1.30292			4
2025.11.05	00:59:00.007	1.30248	1.30291			6
2025.11.05	00:59:00.310		1.30289			4
2025.11.05	00:59:00.628		1.30291			4
2025.11.05	00:59:04.356		1.30290			4
2025.11.05	00:59:06.210		1.30291			4
2025.11.05	00:59:08.680	1.30249				2
2025.11.05	00:59:08.989		1.30290			4
2025.11.05	00:59:09.298		1.30291			4
2025.11.05	00:59:13.602	1.30248				2
2025.11.05	00:59:14.528	1.30249				2
2025.11.05	00:59:14.841		1.30290			4
2025.11.05	00:59:15.150		1.30291			4
2025.11.05	00:59:16.693		1.30290			4
2025.11.05	00:59:17.310	1.30250	1.30291			6
2025.11.05	00:59:17.616	1.30248				2
2025.11.05	00:59:18.238		1.30292			4
2025.11.05	00:59:18.547	1.30250	1.30290			6
2025.11.05	00:59:19.489		1.30291			4
2025.11.05	00:59:21.053		1.30292			4
2025.11.05	00:59:21.372	1.30249				2
2025.11.05	00:59:25.723		1.30291			4
2025.11.05	00:59:26.038		1.30292			4
2025.11.05	00:59:27.290	1.30250				2
2025.11.05	00:59:27.911		1.30291			4
2025.11.05	00:59:28.232		1.30292			4
2025.11.05	00:59:28.539	1.30248				2
2025.11.05	00:59:28.850	1.30250	1.30293			6
2025.11.05	00:59:29.160		1.30292			4
2025.11.05	00:59:29.473	1.30248				2
2025.11.05	00:59:30.419		1.30291			4
2025.11.05	00:59:34.791		1.30290			4
2025.11.05	00:59:36.963		1.30293			4
2025.11.05	00:59:37.901		1.30292			4
2025.11.05	00:59:41.012		1.30293			4
2025.11.05	00:59:41.947	1.30249				2
2025.11.05	00:59:42.570		1.30292			4
2025.11.05	00:59:43.502		1.30293			4
2025.11.05	00:59:43.812		1.30292			4
2025.11.05	00:59:53.113		1.30291			4
2025.11.05	00:59:54.040		1.30292			4
2025.11.05	00:59:54.971		1.30291			4
2025.11.05	00:59:57.129		1.30292			4
2025.11.05	00:59:57.439		1.30291			4
2025.11.05	00:59:57.745		1.30289			4
2025.11.05	00:59:58.368		1.30290			4
2025.11.05	00:59:58.673		1.30291			4
2025.11.05	00:59:59.288		1.30290			4
2025.11.05	00:59:59.594	1.30251	1.30293			6
2025.11.05	01:00:00.217	1.30262	1.30282			6
2025.11.05	01:00:00.529	1.30257				2
2025.11.05	01:00:00.833	1.30258	1.30265			6
2025.11.05	01:00:01.138	1.30257	1.30264			6
2025.11.05	01:00:01.450		1.30283			4
2025.11.05	01:00:01.754		1.30286			4
2025.11.05	01:00:02.377		1.30284			4
2025.11.05	01:00:02.991		1.30285			4
2025.11.05	01:00:03.297		1.30284			4
2025.11.05	01:00:03.603	1.30245	1.30283			6
2025.11.05	01:00:03.907		1.30282			4
2025.11.05	01:00:04.514		1.30284			4
2025.11.05	01:00:05.439		1.30283			4
2025.11.05	01:00:06.362		1.30284			4
2025.11.05	01:00:06.665		1.30287			4
2025.11.05	01:00:06.969	1.30257				2
2025.11.05	01:00:07.279	1.30255				2
2025.11.05	01:00:08.209		1.30285			4
2025.11.05	01:00:09.125		1.30287			4
2025.11.05	01:00:09.734		1.30285			4
2025.11.05	01:00:10.036	1.30256	1.30284			6
2025.11.05	01:00:10.339		1.30282			4
2025.11.05	01:00:10.642		1.30284			4
2025.11.05	01:00:10.945	1.30255	1.30283			6
2025.11.05	01:00:11.559	1.30256				2
2025.11.05	01:00:11.862		1.30282			4
2025.11.05	01:00:12.166		1.30281			4
2025.11.05	01:00:12.784		1.30282			4
2025.11.05	01:00:13.086		1.30283			4
2025.11.05	01:00:13.395		1.30286			4
2025.11.05	01:00:13.701		1.30284			4
2025.11.05	01:00:14.617		1.30283			4
2025.11.05	01:00:15.236		1.30285			4
2025.11.05	01:00:16.153		1.30283			4
2025.11.05	01:00:16.457	1.30255	1.30282			6
2025.11.05	01:00:17.068		1.30281			4
2025.11.05	01:00:17.381	1.30256	1.30283			6
2025.11.05	01:00:18.296		1.30285			4
2025.11.05	01:00:18.606		1.30283			4
2025.11.05	01:00:19.538		1.30284			4
2025.11.05	01:00:19.841	1.30261	1.30268			6
2025.11.05	01:00:20.145	1.30241	1.30261			6
2025.11.05	01:00:20.457		1.30257			4
2025.11.05	01:00:20.766	1.30244	1.30254			6
2025.11.05	01:00:21.376	1.30229	1.30252			6
2025.11.05	01:00:22.013		1.30251			4
2025.11.05	01:00:22.319		1.30250			4
2025.11.05	01:00:23.249		1.30249			4
2025.11.05	01:00:24.174		1.30248			4
2025.11.05	01:00:25.097	1.30230	1.30247			6
2025.11.05	01:00:26.026	1.30231	1.30246			6
2025.11.05	01:00:27.264	1.30232	1.30245			6
2025.11.05	01:00:27.571		1.30244			4
2025.11.05	01:00:29.114	1.30233				2
2025.11.05	01:00:30.042	1.30234				2
2025.11.05	01:00:31.591	1.30235	1.30243			6
2025.11.05	01:00:31.894		1.30244			4
2025.11.05	01:00:33.745	1.30233	1.30243			6
2025.11.05	01:00:34.057	1.30235	1.30244			6
2025.11.05	01:00:35.287	1.30236				2
2025.11.05	01:00:43.311	1.30235	1.30243			6
2025.11.05	01:00:45.168	1.30236	1.30242			6
2025.11.05	01:00:45.473	1.30235	1.30243			6
2025.11.05	01:00:47.947	1.30236	1.30242			6
2025.11.05	01:00:49.184	1.30235				2
2025.11.05	01:00:51.651	1.30233	1.30244			6
2025.11.05	01:00:51.964	1.30230	1.30239			6
2025.11.05	01:01:00.294	1.30229	1.30234			6
2025.11.05	01:01:00.603	1.30228	1.30233			6
2025.11.05	01:01:01.229	1.30227	1.30232			6
2025.11.05	01:01:08.277		1.30231			4
2025.11.05	01:01:08.581	1.30226				2
2025.11.05	01:01:15.320		1.30230			4
2025.11.05	01:01:31.552	1.30227				2
2025.11.05	01:02:00.092	1.30227				2
2025.11.05	01:02:00.394	1.30228	1.30231			6
2025.11.05	01:02:06.214	1.30227	1.30230			6
2025.11.05	01:02:11.136	1.30228	1.30231			6
2025.11.05	01:02:11.442	1.30227	1.30230			6
2025.11.05	01:02:15.762		1.30229			4
2025.11.05	01:02:16.373		1.30230			4
2025.11.05	01:02:26.529	1.30226	1.30229			6
2025.11.05	01:02:26.835	1.30225	1.30228			6
2025.11.05	01:02:27.139	1.30224	1.30227			6
2025.11.05	01:02:27.759	1.30223	1.30226			6
2025.11.05	01:02:30.497	1.30221	1.30224			6
2025.11.05	01:02:44.276	1.30220	1.30223			6
2025.11.05	01:02:45.501	1.30221	1.30224			6
2025.11.05	01:03:00.191	1.30221				2
2025.11.05	01:03:00.496	1.30225	1.30228			6
2025.11.05	01:03:01.114	1.30224	1.30227			6
2025.11.05	01:03:05.107	1.30225	1.30228			6
2025.11.05	01:03:11.223		1.30227			4
2025.11.05	01:03:13.383	1.30224				2
2025.11.05	01:03:15.526	1.30223	1.30226			6
2025.11.05	01:03:17.672	1.30224	1.30227			6
2025.11.05	01:03:34.823	1.30223	1.30226			6
2025.11.05	01:03:44.993	1.30216	1.30218			6
2025.11.05	01:03:47.751	1.30214	1.30216			6
2025.11.05	01:03:50.198		1.30217			4
2025.11.05	01:03:53.557		1.30216			4
2025.11.05	01:03:55.408		1.30215			4
2025.11.05	01:03:58.493	1.30215	1.30216			6
2025.11.05	01:04:00.039	1.30215				2
2025.11.05	01:04:00.646	1.30216	1.30217			6
2025.11.05	01:04:04.314	1.30215	1.30216			6
2025.11.05	01:04:10.427	1.30216	1.30217			6
2025.11.05	01:04:16.253	1.30215	1.30216			6
2025.11.05	01:04:17.172	1.30216	1.30217			6
2025.11.05	01:04:32.475		1.30218			4
2025.11.05	01:04:35.541	1.30215				2
2025.11.05	01:04:36.469	1.30214	1.30217			6
2025.11.05	01:04:39.221	1.30216				2
2025.11.05	01:05:00.053	1.30216				2
2025.11.05	01:05:06.832	1.30215	1.30216			6
2025.11.05	01:05:50.280	1.30210	1.30213			6
2025.11.05	01:05:51.217	1.30211	1.30214			6
2025.11.05	01:05:51.536	1.30210	1.30213			6
2025.11.05	01:05:53.741	1.30211	1.30214			6
2025.11.05	01:05:54.364	1.30210	1.30213			6
2025.11.05	01:05:57.807	1.30211	1.30214			6
2025.11.05	01:06:00.314	1.30211				2
2025.11.05	01:06:00.626	1.30210	1.30213			6
2025.11.05	01:06:01.860	1.30211	1.30214			6
2025.11.05	01:06:04.683	1.30210	1.30213			6
2025.11.05	01:06:06.555	1.30211	1.30214			6
2025.11.05	01:06:07.795	1.30210	1.30213			6
2025.11.05	01:06:15.273	1.30209	1.30212			6
2025.11.05	01:06:24.641	1.30210	1.30213			6
2025.11.05	01:06:24.950	1.30209	1.30212			6
2025.11.05	01:06:25.588	1.30210	1.30213			6
2025.11.05	01:06:28.083	1.30209	1.30212			6
2025.11.05	01:06:28.388	1.30206	1.30209			6
2025.11.05	01:06:28.704	1.30207	1.30210			6
2025.11.05	01:06:29.331	1.30206	1.30209			6
2025.11.05	01:06:30.599		1.30208			4
2025.11.05	01:06:33.392		1.30209			4
2025.11.05	01:06:34.021	1.30204	1.30207			6
2025.11.05	01:06:34.328	1.30203	1.30206			6
2025.11.05	01:06:34.647	1.30204	1.30207			6
2025.11.05	01:06:40.890	1.30203	1.30206			6
2025.11.05	01:06:41.198	1.30204	1.30207			6
2025.11.05	01:06:42.743	1.30203	1.30206			6
2025.11.05	01:06:44.004	1.30202	1.30205			6
2025.11.05	01:06:44.630	1.30201	1.30204			6
2025.11.05	01:06:47.134	1.30202	1.30205			6
2025.11.05	01:06:47.444	1.30201	1.30204			6
2025.11.05	01:06:50.906	1.30202	1.30205			6
2025.11.05	01:06:54.968	1.30201	1.30204			6
2025.11.05	01:06:58.105	1.30200	1.30203			6
2025.11.05	01:07:00.265	1.30200				2
2025.11.05	01:07:02.136	1.30201	1.30204			6
2025.11.05	01:07:03.061	1.30200	1.30203			6
2025.11.05	01:07:13.300	1.30199	1.30202			6
2025.11.05	01:07:19.230	1.30200	1.30203			6
2025.11.05	01:07:35.386	1.30199	1.30202			6
2025.11.05	01:07:48.101	1.30200	1.30203			6
2025.11.05	01:07:57.750	1.30196	1.30199			6
2025.11.05	01:07:58.063	1.30197	1.30200			6
2025.11.05	01:07:58.681	1.30196	1.30199			6
2025.11.05	01:07:58.989	1.30195	1.30198			6
2025.11.05	01:07:59.924	1.30196	1.30199			6
2025.11.05	01:08:00.244	1.30196				2
2025.11.05	01:08:02.752	1.30194	1.30197			6
2025.11.05	01:08:13.042	1.30193	1.30196			6
2025.11.05	01:08:13.964	1.30194	1.30197			6
2025.11.05	01:08:14.274	1.30193	1.30196			6
2025.11.05	01:08:15.203	1.30192	1.30195			6
2025.11.05	01:08:19.854	1.30193	1.30196			6
2025.11.05	01:08:22.969	1.30192	1.30195			6
2025.11.05	01:08:34.509	1.30191	1.30194			6
2025.11.05	01:08:45.462	1.30196	1.30197			6
2025.11.05	01:08:45.764	1.30195	1.30196			6
2025.11.05	01:08:46.688	1.30196	1.30197			6
2025.11.05	01:09:00.104	1.30196				2
2025.11.05	01:09:03.821	1.30195	1.30196			6
2025.11.05	01:09:22.150	1.30193	1.30195			6
2025.11.05	01:09:22.458	1.30194				2
2025.11.05	01:09:28.962	1.30193	1.30194			6
2025.11.05	01:09:34.842	1.30194	1.30195			6
2025.11.05	01:10:00.040	1.30194				2
2025.11.05	01:10:28.728	1.30195	1.30196			6
2025.11.05	01:10:40.911	1.30194	1.30195			6
2025.11.05	01:10:41.855		1.30196			4
2025.11.05	01:10:43.721		1.30195			4
2025.11.05	01:10:45.587	1.30195	1.30196			6
2025.11.05	01:10:45.905	1.30194	1.30195			6
2025.11.05	01:10:46.212	1.30195	1.30196			6
2025.11.05	01:11:00.177	1.30195				2
2025.11.05	01:11:00.484	1.30196	1.30197			6
2025.11.05	01:11:01.108	1.30195	1.30196			6
2025.11.05	01:11:07.019	1.30196	1.30197			6
2025.11.05	01:11:45.275	1.30195	1.30196			6
2025.11.05	01:11:57.115	1.30196	1.30197			6
2025.11.05	01:12:00.220	1.30196				2
2025.11.05	01:12:18.522		1.30198			4
2025.11.05	01:12:20.086		1.30199			4
2025.11.05	01:12:20.402		1.30198			4
2025.11.05	01:12:20.704		1.30197			4
2025.11.05	01:12:21.324		1.30198			4
2025.11.05	01:12:21.629		1.30199			4
2025.11.05	01:12:23.493		1.30198			4
2025.11.05	01:12:26.886		1.30197			4
2025.11.05	01:12:34.658		1.30198			4
2025.11.05	01:12:47.454		1.30197			4
2025.11.05	01:13:00.189	1.30196				2
2025.11.05	01:13:03.308	1.30197	1.30200			6
2025.11.05	01:13:13.851	1.30196	1.30198			6
2025.11.05	01:13:14.471		1.30197			4
2025.11.05	01:13:15.710		1.30198			4
2025.11.05	01:13:20.067	1.30197				2
2025.11.05	01:13:21.001		1.30199			4
2025.11.05	01:13:40.558		1.30200			4
2025.11.05	01:13:41.189	1.30199				2
2025.11.05	01:13:42.432	1.30200	1.30201			6
2025.11.05	01:13:49.328	1.30197	1.30200			6
2025.11.05	01:13:52.442		1.30199			4
2025.11.05	01:13:53.366		1.30200			4
2025.11.05	01:13:55.223		1.30199			4
2025.11.05	01:13:57.381		1.30200			4
2025.11.05	01:14:00.183	1.30197				2
2025.11.05	01:14:00.496	1.30207	1.30210			6
2025.11.05	01:14:00.803	1.30211	1.30212			6
2025.11.05	01:14:01.430	1.30214	1.30215			6
2025.11.05	01:14:01.733	1.30213	1.30214			6
2025.11.05	01:14:04.521	1.30210	1.30212			6
2025.11.05	01:14:08.238		1.30211			4
2025.11.05	01:14:10.412		1.30212			4
2025.11.05	01:14:14.748		1.30213			4
2025.11.05	01:14:15.063		1.30212			4
2025.11.05	01:14:15.674		1.30213			4
2025.11.05	01:14:16.915		1.30212			4
2025.11.05	01:14:18.460		1.30211			4
2025.11.05	01:14:18.776		1.30212			4
2025.11.05	01:14:19.085		1.30211			4
2025.11.05	01:14:22.789	1.30207	1.30209			6
2025.11.05	01:14:23.099	1.30209	1.30210			6
2025.11.05	01:14:23.415	1.30210	1.30211			6
2025.11.05	01:14:24.956		1.30212			4
2025.11.05	01:14:29.609		1.30211			4
2025.11.05	01:14:36.441	1.30209	1.30210			6
2025.11.05	01:14:41.704	1.30206	1.30208			6
2025.11.05	01:14:42.006	1.30204	1.30206			6
2025.11.05	01:14:51.612		1.30205			4
2025.11.05	01:14:52.853		1.30206			4
2025.11.05	01:14:53.779	1.30203	1.30205			6
2025.11.05	01:14:54.088		1.30206			4
2025.11.05	01:14:55.938		1.30205			4
2025.11.05	01:15:00.308	1.30203	1.30204			6
2025.11.05	01:15:00.932		1.30205			4
2025.11.05	01:15:01.860		1.30204			4
2025.11.05	01:15:04.671		1.30205			4
2025.11.05	01:15:05.290		1.30204			4
2025.11.05	01:15:07.777	1.30199	1.30202			6
2025.11.05	01:15:08.080	1.30207	1.30209			6
2025.11.05	01:15:08.401	1.30208				2
2025.11.05	01:15:09.023		1.30210			4
2025.11.05	01:15:14.603	1.30207				2
2025.11.05	01:15:17.084	1.30208				2
2025.11.05	01:15:18.317		1.30211			4
2025.11.05	01:15:31.037		1.30210			4
2025.11.05	01:15:31.976		1.30211			4
2025.11.05	01:15:41.571	1.30209				2
2025.11.05	01:15:51.203	1.30206	1.30209			6
2025.11.05	01:15:51.515	1.30204	1.30207			6
2025.11.05	01:16:00.194	1.30204				2
2025.11.05	01:16:08.857	1.30203	1.30206			6
2025.11.05	01:16:09.174	1.30204	1.30207			6
2025.11.05	01:16:13.820	1.30203	1.30206			6
2025.11.05	01:16:14.745	1.30201	1.30204			6
2025.11.05	01:16:15.047	1.30202	1.30205			6
2025.11.05	01:16:22.143	1.30200	1.30203			6
2025.11.05	01:16:22.449	1.30201	1.30204			6
2025.11.05	01:16:26.485	1.30202				2
2025.11.05	01:16:29.675		1.30205			4
2025.11.05	01:16:29.981	1.30203	1.30206			6
2025.11.05	01:16:32.762	1.30204	1.30207			6
2025.11.05	01:16:36.462	1.30203	1.30206			6
2025.11.05	01:16:37.384	1.30204	1.30207			6
2025.11.05	01:16:41.083	1.30203	1.30206			6
2025.11.05	01:16:41.393	1.30204	1.30207			6
2025.11.05	01:16:44.776	1.30206	1.30209			6
2025.11.05	01:16:45.086	1.30207	1.30210			6
2025.11.05	01:16:45.401	1.30206	1.30209			6
2025.11.05	01:16:47.861	1.30207	1.30210			6
2025.11.05	01:16:52.178	1.30206	1.30209			6
2025.11.05	01:16:57.139	1.30207	1.30210			6
2025.11.05	01:17:00.233	1.30207				2
2025.11.05	01:17:00.540	1.30208	1.30211			6
2025.11.05	01:17:20.607	1.30207	1.30210			6
2025.11.05	01:17:21.224	1.30208	1.30211			6
2025.11.05	01:17:22.156	1.30214	1.30217			6
2025.11.05	01:17:24.004	1.30213	1.30216			6
2025.11.05	01:17:36.336	1.30211	1.30214			6
2025.11.05	01:17:36.643	1.30209	1.30212			6
2025.11.05	01:17:56.481	1.30208	1.30211			6
2025.11.05	01:17:57.410	1.30209	1.30212			6
2025.11.05	01:18:00.185	1.30209				2
2025.11.05	01:18:10.717	1.30210	1.30213			6
2025.11.05	01:18:12.878	1.30213	1.30216			6
2025.11.05	01:18:16.910	1.30214	1.30217			6
2025.11.05	01:18:19.717	1.30213	1.30216			6
2025.11.05	01:18:23.749	1.30214	1.30217			6
2025.11.05	01:18:24.372	1.30213	1.30216			6
2025.11.05	01:18:39.322	1.30214	1.30217			6
2025.11.05	01:18:39.635	1.30213	1.30216			6
2025.11.05	01:18:42.125	1.30214	1.30217			6
2025.11.05	01:18:43.673	1.30213	1.30216			6
2025.11.05	01:18:47.389	1.30214	1.30217			6
2025.11.05	01:18:54.518	1.30213	1.30216			6
2025.11.05	01:18:55.762	1.30214	1.30217			6
2025.11.05	01:18:59.171	1.30213	1.30216			6
2025.11.05	01:19:00.100	1.30213				2
2025.11.05	01:19:00.408	1.30214	1.30217			6
2025.11.05	01:19:03.219	1.30216	1.30219			6
2025.11.05	01:19:13.164	1.30215	1.30218			6
2025.11.05	01:19:13.477	1.30214	1.30217			6
2025.11.05	01:19:14.707	1.30215	1.30218			6
2025.11.05	01:19:15.328	1.30214	1.30217			6
2025.11.05	01:19:19.044	1.30215	1.30218			6
2025.11.05	01:19:20.907	1.30214	1.30217			6
2025.11.05	01:19:22.766	1.30215	1.30218			6
2025.11.05	01:19:26.779	1.30214	1.30217			6
2025.11.05	01:19:27.393	1.30215	1.30218			6
2025.11.05	01:19:28.319	1.30214	1.30217			6
2025.11.05	01:19:28.945	1.30215	1.30218			6
2025.11.05	01:19:29.254	1.30214	1.30217			6
2025.11.05	01:19:30.801	1.30215	1.30218			6
2025.11.05	01:19:31.120	1.30214	1.30217			6
2025.11.05	01:19:34.196	1.30220	1.30223			6
2025.11.05	01:19:34.499	1.30221	1.30224			6
2025.11.05	01:19:37.307	1.30220	1.30223			6
2025.11.05	01:19:38.548	1.30221	1.30224			6
2025.11.05	01:19:43.523	1.30220	1.30223			6
2025.11.05	01:19:48.759	1.30221	1.30224			6
2025.11.05	01:19:49.377	1.30220	1.30223			6
2025.11.05	01:19:49.986	1.30221	1.30224			6
2025.11.05	01:20:00.271	1.30221				2
2025.11.05	01:20:08.620	1.30222				2
2025.11.05	01:20:09.861	1.30221				2
2025.11.05	01:20:24.402	1.30220	1.30223			6
2025.11.05	01:20:25.016	1.30221	1.30224			6
2025.11.05	01:20:37.404	1.30222				2
2025.11.05	01:20:37.711	1.30221				2
2025.11.05	01:20:50.447	1.30224	1.30227			6
2025.11.05	01:21:00.053	1.30224				2
2025.11.05	01:21:23.586	1.30226	1.30229			6
2025.11.05	01:21:24.515	1.30224	1.30227			6
2025.11.05	01:21:39.517	1.30223	1.30226			6
2025.11.05	01:21:41.383	1.30224	1.30227			6
2025.11.05	01:21:43.239	1.30225	1.30228			6
2025.11.05	01:21:43.540	1.30224	1.30227			6
2025.11.05	01:21:46.037	1.30225	1.30228			6
2025.11.05	01:21:49.757	1.30224	1.30227			6
2025.11.05	01:21:51.010	1.30225	1.30228			6
2025.11.05	01:22:00.004	1.30225				2
2025.11.05	01:22:02.165	1.30224	1.30227			6
2025.11.05	01:22:02.480	1.30225	1.30228			6
2025.11.05	01:22:02.795	1.30226	1.30229			6
2025.11.05	01:22:04.344	1.30225	1.30228			6
2025.11.05	01:22:10.237	1.30228	1.30231			6
2025.11.05	01:22:10.851	1.30227	1.30230			6
2025.11.05	01:22:11.166	1.30228	1.30231			6
2025.11.05	01:22:15.201	1.30227	1.30230			6
2025.11.05	01:22:16.433	1.30228	1.30231			6
2025.11.05	01:22:27.327	1.30226	1.30229			6
2025.11.05	01:22:27.634	1.30225	1.30228			6
2025.11.05	01:22:32.323	1.30224	1.30227			6
2025.11.05	01:22:32.634	1.30225	1.30228			6
2025.11.05	01:22:37.308	1.30224	1.30227			6
2025.11.05	01:22:37.613	1.30225	1.30228			6
2025.11.05	01:22:42.272	1.30224	1.30227			6
2025.11.05	01:22:43.220	1.30225	1.30228			6
2025.11.05	01:22:45.401	1.30224	1.30227			6
2025.11.05	01:22:45.711	1.30225	1.30228			6
2025.11.05	01:22:48.841	1.30224	1.30227			6
2025.11.05	01:22:51.648	1.30225	1.30228			6
2025.11.05	01:22:52.895	1.30224	1.30227			6
2025.11.05	01:23:00.043	1.30224				2
2025.11.05	01:23:09.069	1.30225	1.30228			6
2025.11.05	01:23:09.372	1.30224	1.30227			6
2025.11.05	01:23:11.251	1.30225	1.30228			6
2025.11.05	01:23:12.487	1.30224	1.30227			6
2025.11.05	01:23:18.707	1.30225	1.30228			6
2025.11.05	01:23:19.013	1.30224	1.30227			6
2025.11.05	01:23:21.200	1.30226	1.30229			6
2025.11.05	01:23:21.518	1.30225	1.30228			6
2025.11.05	01:23:21.827	1.30226	1.30229			6
2025.11.05	01:23:26.804	1.30227	1.30230			6
2025.11.05	01:23:34.529	1.30226	1.30229			6
2025.11.05	01:23:34.837	1.30225	1.30228			6
2025.11.05	01:23:44.124	1.30226	1.30229			6
2025.11.05	01:23:47.869	1.30225	1.30228			6
2025.11.05	01:23:48.174	1.30224	1.30227			6
2025.11.05	01:23:49.107	1.30226	1.30229			6
2025.11.05	01:23:49.419	1.30227	1.30230			6
2025.11.05	01:23:50.037	1.30230	1.30233			6
2025.11.05	01:23:50.342	1.30227	1.30230			6
2025.11.05	01:23:50.961	1.30228	1.30231			6
2025.11.05	01:23:51.281	1.30229	1.30232			6
2025.11.05	01:23:54.730	1.30230	1.30233			6
2025.11.05	01:23:55.654	1.30229	1.30232			6
2025.11.05	01:23:57.519	1.30228	1.30231			6
2025.11.05	01:23:58.440	1.30229	1.30232			6
2025.11.05	01:24:00.306	1.30229				2
2025.11.05	01:24:28.607	1.30230	1.30233			6
2025.11.05	01:24:38.540	1.30229	1.30232			6
2025.11.05	01:24:41.646	1.30230	1.30233			6
2025.11.05	01:24:41.958	1.30231	1.30234			6
2025.11.05	01:24:42.267	1.30230	1.30233			6
2025.11.05	01:24:58.078	1.30228	1.30230			6
2025.11.05	01:24:58.385	1.30225	1.30228			6
2025.11.05	01:24:59.635	1.30224	1.30227			6
2025.11.05	01:25:00.259	1.30224				2
2025.11.05	01:25:03.066	1.30225	1.30228			6
2025.11.05	01:25:12.083	1.30226	1.30229			6
2025.11.05	01:25:12.398	1.30225	1.30228			6
2025.11.05	01:25:22.350	1.30224	1.30227			6
2025.11.05	01:25:32.552	1.30225	1.30228			6
2025.11.05	01:25:32.860	1.30224	1.30227			6
2025.11.05	01:25:50.834	1.30225	1.30228			6
2025.11.05	01:25:51.154	1.30224	1.30227			6
2025.11.05	01:25:52.700	1.30226	1.30229			6
2025.11.05	01:25:53.316	1.30225	1.30228			6
2025.11.05	01:25:56.111	1.30224	1.30227			6
2025.11.05	01:26:00.151	1.30224				2
2025.11.05	01:26:05.122	1.30225	1.30228			6
2025.11.05	01:26:23.370	1.30224	1.30227			6
2025.11.05	01:26:35.811	1.30225	1.30228			6
2025.11.05	01:26:36.120	1.30224	1.30227			6
2025.11.05	01:26:37.360	1.30225	1.30228			6
2025.11.05	01:26:44.794	1.30224	1.30227			6
2025.11.05	01:27:00.006	1.30224				2
2025.11.05	01:27:00.321	1.30225	1.30228			6
2025.11.05	01:27:02.813	1.30224	1.30227			6
2025.11.05	01:27:13.946	1.30225	1.30228			6
2025.11.05	01:27:19.198	1.30224	1.30227			6
2025.11.05	01:27:26.020	1.30223	1.30225			6
2025.11.05	01:27:26.323	1.30224	1.30227			6
2025.11.05	01:27:27.869	1.30223	1.30226			6
2025.11.05	01:27:29.429	1.30224	1.30227			6
2025.11.05	01:27:35.636	1.30225	1.30228			6
2025.11.05	01:27:41.216	1.30226	1.30229			6
2025.11.05	01:27:42.142	1.30225	1.30228			6
2025.11.05	01:27:43.386	1.30226	1.30229			6
2025.11.05	01:27:53.279	1.30225	1.30228			6
2025.11.05	01:27:58.225	1.30226	1.30229			6
2025.11.05	01:27:58.546	1.30225	1.30228			6
2025.11.05	01:27:59.482	1.30226	1.30229			6
2025.11.05	01:28:00.105	1.30226				2
2025.11.05	01:28:02.579	1.30225	1.30228			6
2025.11.05	01:28:03.830	1.30226	1.30229			6
2025.11.05	01:28:04.771	1.30225	1.30228			6
2025.11.05	01:28:05.086	1.30226	1.30229			6
2025.11.05	01:28:08.197	1.30225	1.30228			6
2025.11.05	01:28:08.503	1.30226	1.30229			6
2025.11.05	01:28:10.995	1.30225	1.30228			6
2025.11.05	01:28:13.481	1.30226	1.30229			6
2025.11.05	01:28:19.330	1.30225	1.30228			6
2025.11.05	01:28:24.261	1.30226	1.30229			6
2025.11.05	01:28:26.717	1.30225	1.30228			6
2025.11.05	01:28:27.028	1.30226	1.30229			6
2025.11.05	01:28:31.024	1.30225	1.30228			6
2025.11.05	01:28:31.332	1.30226	1.30229			6
2025.11.05	01:28:37.477	1.30225	1.30228			6
2025.11.05	01:28:39.018	1.30226	1.30229			6
2025.11.05	01:28:45.177	1.30225	1.30228			6
2025.11.05	01:28:48.560	1.30224	1.30227			6
2025.11.05	01:28:50.710	1.30223	1.30226			6
2025.11.05	01:28:51.328	1.30224	1.30227			6
2025.11.05	01:28:51.635	1.30223	1.30226			6
2025.11.05	01:29:00.258	1.30223				2
2025.11.05	01:29:14.803	1.30224	1.30227			6
2025.11.05	01:29:17.274	1.30223	1.30226			6
2025.11.05	01:29:20.061	1.30222	1.30224			6
2025.11.05	01:29:20.367	1.30221				2
2025.11.05	01:29:30.255	1.30222	1.30225			6
2025.11.05	01:29:31.179		1.30224			4
2025.11.05	01:29:31.485	1.30221				2
2025.11.05	01:29:47.546	1.30222	1.30225			6
2025.11.05	01:29:50.938	1.30223	1.30226			6
2025.11.05	01:29:53.103	1.30224	1.30227			6
2025.11.05	01:29:56.197	1.30223	1.30226			6
2025.11.05	01:30:00.213	1.30224	1.30227			6
2025.11.05	01:30:03.332	1.30225	1.30228			6
2025.11.05	01:30:07.747	1.30222	1.30225			6
2025.11.05	01:30:08.064		1.30224			4
2025.11.05	01:30:08.683	1.30223				2
2025.11.05	01:30:10.225	1.30222				2
2025.11.05	01:30:15.143	1.30223				2
2025.11.05	01:30:16.995		1.30225			4
2025.11.05	01:30:21.935		1.30224			4
2025.11.05	01:30:33.312	1.30222				2
2025.11.05	01:30:42.603	1.30221	1.30223			6
2025.11.05	01:30:45.367	1.30220				2
2025.11.05	01:30:46.288	1.30221	1.30224			6
2025.11.05	01:30:46.602	1.30222				2
2025.11.05	01:30:46.910	1.30221				2
2025.11.05	01:31:00.137	1.30221				2
2025.11.05	01:31:00.449		1.30223			4
2025.11.05	01:31:02.294	1.30220				2
2025.11.05	01:31:05.079	1.30219	1.30222			6
2025.11.05	01:31:06.012	1.30220	1.30223			6
2025.11.05	01:31:09.407	1.30215	1.30216			6
2025.11.05	01:31:09.714	1.30214	1.30215			6
2025.11.05	01:31:10.646	1.30212	1.30214			6
2025.11.05	01:31:11.874	1.30211				2
2025.11.05	01:31:12.183	1.30212				2
2025.11.05	01:31:13.108		1.30215			4
2025.11.05	01:31:13.422	1.30215	1.30218			6
2025.11.05	01:31:24.576	1.30216	1.30219			6
2025.11.05	01:31:36.932	1.30218	1.30221			6
2025.11.05	01:31:37.243	1.30219	1.30222			6
2025.11.05	01:31:44.349	1.30218	1.30221			6
2025.11.05	01:31:53.289	1.30213	1.30214			6
2025.11.05	01:31:54.526	1.30211				2
2025.11.05	01:32:00.083	1.30211				2
2025.11.05	01:32:04.762	1.30210	1.30213			6
2025.11.05	01:32:06.928	1.30211	1.30214			6
2025.11.05	01:32:13.457	1.30215	1.30217			6
2025.11.05	01:32:13.759		1.30218			4
2025.11.05	01:32:22.490	1.30217	1.30220			6
2025.11.05	01:32:22.797	1.30218	1.30221			6
2025.11.05	01:32:23.102	1.30219				2
2025.11.05	01:32:23.713	1.30218				2
2025.11.05	01:32:24.018	1.30217	1.30220			6
2025.11.05	01:32:28.709	1.30215	1.30216			6
2025.11.05	01:32:29.016	1.30214				2
2025.11.05	01:32:29.946	1.30213				2
2025.11.05	01:32:32.717	1.30214	1.30217			6
2025.11.05	01:32:45.403	1.30215	1.30218			6
2025.11.05	01:32:47.893	1.30217	1.30220			6
2025.11.05	01:32:48.200	1.30218	1.30221			6
2025.11.05	01:33:00.276	1.30219	1.30222			6
2025.11.05	01:33:00.582	1.30220	1.30223			6
2025.11.05	01:33:11.745	1.30226	1.30228			6
2025.11.05	01:33:12.355	1.30225				2
2025.11.05	01:33:25.373	1.30226	1.30229			6
2025.11.05	01:33:28.475		1.30228			4
2025.11.05	01:33:28.777		1.30229			4
2025.11.05	01:33:30.953	1.30225	1.30228			6
2025.11.05	01:33:31.593	1.30223	1.30226			6
2025.11.05	01:33:36.854	1.30222	1.30225			6
2025.11.05	01:33:38.396	1.30221	1.30224			6
2025.11.05	01:33:38.707	1.30220	1.30223			6
2025.11.05	01:34:00.091	1.30220				2
2025.11.05	01:34:11.840	1.30219	1.30222			6
2025.11.05	01:34:12.158	1.30223	1.30226			6
2025.11.05	01:34:12.474	1.30222	1.30225			6
2025.11.05	01:34:12.782	1.30223	1.30226			6
2025.11.05	01:34:13.094	1.30222	1.30225			6
2025.11.05	01:34:23.662	1.30220	1.30223			6
2025.11.05	01:34:46.376	1.30219	1.30222			6
2025.11.05	01:34:46.697	1.30220	1.30223			6
2025.11.05	01:34:51.383	1.30221	1.30224			6
2025.11.05	01:34:52.307	1.30220	1.30223			6
2025.11.05	01:35:00.038	1.30220				2
2025.11.05	01:35:01.889	1.30219	1.30222			6
2025.11.05	01:35:22.032	1.30221	1.30224			6
2025.11.05	01:35:22.337	1.30220	1.30223			6
2025.11.05	01:35:22.958	1.30221	1.30224			6
2025.11.05	01:35:26.044	1.30220	1.30223			6
2025.11.05	01:35:26.354	1.30219	1.30222			6
2025.11.05	01:35:32.836	1.30221	1.30224			6
2025.11.05	01:35:38.729	1.30220	1.30223			6
2025.11.05	01:35:47.697	1.30219	1.30222			6
2025.11.05	01:35:48.945	1.30220	1.30223			6
2025.11.05	01:36:00.212	1.30220				2
2025.11.05	01:36:09.184	1.30219	1.30222			6
2025.11.05	01:36:11.962	1.30218	1.30221			6
2025.11.05	01:36:18.172	1.30216	1.30217			6
2025.11.05	01:36:18.481	1.30215	1.30218			6
2025.11.05	01:36:20.651	1.30217	1.30220			6
2025.11.05	01:36:20.960	1.30218	1.30221			6
2025.11.05	01:36:31.823	1.30219	1.30222			6
2025.11.05	01:36:36.489	1.30218	1.30221			6
2025.11.05	01:36:45.724	1.30219	1.30222			6
2025.11.05	01:36:52.501	1.30220	1.30223			6
2025.11.05	01:37:00.196	1.30220				2
2025.11.05	01:37:10.696	1.30221	1.30224			6
2025.11.05	01:37:14.731	1.30220	1.30223			6
2025.11.05	01:37:17.803	1.30221	1.30224			6
2025.11.05	01:37:19.656	1.30219	1.30222			6
2025.11.05	01:37:21.843	1.30220	1.30223			6
2025.11.05	01:37:32.992	1.30221	1.30224			6
2025.11.05	01:37:36.381	1.30219	1.30222			6
2025.11.05	01:38:00.170	1.30219				2
2025.11.05	01:38:00.484	1.30220	1.30223			6
2025.11.05	01:38:00.793	1.30221	1.30224			6
2025.11.05	01:38:02.023	1.30220	1.30223			6
2025.11.05	01:38:09.443	1.30221	1.30224			6
2025.11.05	01:38:17.177	1.30220	1.30223			6
2025.11.05	01:38:18.717	1.30221	1.30224			6
2025.11.05	01:38:29.196	1.30223	1.30226			6
2025.11.05	01:38:29.501	1.30224	1.30227			6
2025.11.05	01:38:31.354	1.30225	1.30228			6
2025.11.05	01:38:44.903	1.30226	1.30229			6
2025.11.05	01:38:45.215	1.30225	1.30228			6
2025.11.05	01:39:00.020	1.30225				2
2025.11.05	01:39:00.639	1.30226	1.30229			6
2025.11.05	01:39:04.959	1.30225	1.30228			6
2025.11.05	01:39:06.219	1.30224	1.30227			6
2025.11.05	01:39:06.524	1.30225	1.30228			6
2025.11.05	01:39:13.319	1.30223	1.30226			6
2025.11.05	01:39:14.574	1.30220	1.30223			6
2025.11.05	01:39:15.506	1.30219	1.30222			6
2025.11.05	01:39:32.707	1.30220	1.30223			6
2025.11.05	01:39:41.413	1.30219	1.30222			6
2025.11.05	01:39:45.173	1.30221	1.30224			6
2025.11.05	01:39:47.988	1.30220	1.30223			6
2025.11.05	01:39:48.619	1.30221	1.30224			6
2025.11.05	01:39:53.586	1.30220	1.30223			6
2025.11.05	01:39:54.834	1.30221	1.30224			6
2025.11.05	01:40:00.117	1.30221				2
2025.11.05	01:40:02.318	1.30222	1.30225			6
2025.11.05	01:40:02.632	1.30221	1.30224			6
2025.11.05	01:40:16.672	1.30224	1.30227			6
2025.11.05	01:40:19.760	1.30225	1.30228			6
2025.11.05	01:40:22.539	1.30224	1.30227			6
2025.11.05	01:40:33.392	1.30223	1.30225			6
2025.11.05	01:40:33.700	1.30220	1.30223			6
2025.11.05	01:40:36.196	1.30221	1.30224			6
2025.11.05	01:40:36.503	1.30223	1.30225			6
2025.11.05	01:40:36.810	1.30224	1.30227			6
2025.11.05	01:40:38.972	1.30222	1.30225			6
2025.11.05	01:40:41.780	1.30220	1.30223			6
2025.11.05	01:40:59.548	1.30224	1.30227			6
2025.11.05	01:41:00.168	1.30224				2
2025.11.05	01:41:09.761	1.30225	1.30228			6
2025.11.05	01:41:32.660	1.30227	1.30230			6
2025.11.05	01:41:46.627	1.30226	1.30229			6
2025.11.05	01:41:49.416	1.30227	1.30230			6
2025.11.05	01:42:00.268	1.30227				2
2025.11.05	01:42:05.626	1.30228	1.30231			6
2025.11.05	01:42:11.230	1.30229	1.30232			6
2025.11.05	01:42:20.895		1.30231			4
2025.11.05	01:42:21.830		1.30232			4
2025.11.05	01:42:35.192	1.30228	1.30231			6
2025.11.05	01:42:46.066	1.30227	1.30230			6
2025.11.05	01:42:46.375	1.30228	1.30231			6
2025.11.05	01:43:00.053	1.30228				2
2025.11.05	01:43:46.495		1.30231			4
2025.11.05	01:43:54.255	1.30227	1.30229			6
2025.11.05	01:43:54.558	1.30224	1.30227			6
2025.11.05	01:44:00.126	1.30224				2
2025.11.05	01:44:20.621	1.30225	1.30228			6
2025.11.05	01:44:24.053	1.30226	1.30229			6
2025.11.05	01:44:29.681	1.30225	1.30228			6
2025.11.05	01:44:31.865	1.30226	1.30229			6
2025.11.05	01:44:40.904	1.30225	1.30228			6
2025.11.05	01:44:41.519	1.30226	1.30229			6
2025.11.05	01:44:45.251	1.30228	1.30231			6
2025.11.05	01:44:51.489	1.30229	1.30232			6
2025.11.05	01:44:56.172	1.30228	1.30231			6
2025.11.05	01:44:56.489	1.30229	1.30232			6
2025.11.05	01:45:00.196	1.30228	1.30231			6
2025.11.05	01:45:03.012	1.30229	1.30232			6
2025.11.05	01:45:05.523	1.30228	1.30231			6
2025.11.05	01:45:12.686	1.30229	1.30232			6
2025.11.05	01:45:17.050	1.30227	1.30230			6
2025.11.05	01:45:24.150	1.30226	1.30229			6
2025.11.05	01:45:31.294	1.30228	1.30231			6
2025.11.05	01:45:32.848	1.30229	1.30232			6
2025.11.05	01:45:39.688		1.30231			4
2025.11.05	01:45:39.995	1.30227	1.30230			6
2025.11.05	01:45:57.379		1.30229			4
2025.11.05	01:45:58.314	1.30226				2
2025.11.05	01:45:59.241	1.30225	1.30228			6
2025.11.05	01:46:00.171	1.30225				2
2025.11.05	01:46:02.352	1.30226	1.30229			6
2025.11.05	01:46:03.284	1.30227	1.30230			6
2025.11.05	01:46:04.850	1.30228	1.30231			6
2025.11.05	01:46:05.153	1.30229	1.30232			6
2025.11.05	01:46:09.234	1.30228	1.30231			6
2025.11.05	01:46:10.467	1.30229	1.30232			6
2025.11.05	01:46:24.174		1.30231			4
2025.11.05	01:46:24.483	1.30228				2
2025.11.05	01:46:32.935	1.30227	1.30230			6
2025.11.05	01:46:36.652	1.30226	1.30229			6
2025.11.05	01:46:36.966	1.30225	1.30228			6
2025.11.05	01:46:37.588	1.30226	1.30229			6
2025.11.05	01:46:41.302	1.30227	1.30230			6
2025.11.05	01:47:00.123	1.30227				2
2025.11.05	01:47:09.710	1.30228	1.30231			6
2025.11.05	01:47:10.017	1.30229	1.30232			6
2025.11.05	01:47:20.170	1.30228	1.30231			6
2025.11.05	01:47:31.248	1.30227	1.30230			6
2025.11.05	01:47:32.475	1.30228	1.30231			6
2025.11.05	01:47:50.306	1.30226	1.30228			6
2025.11.05	01:47:50.610	1.30228	1.30231			6
2025.11.05	01:47:56.447	1.30229	1.30232			6
2025.11.05	01:47:59.815	1.30228	1.30231			6
2025.11.05	01:48:00.121	1.30228				2
2025.11.05	01:48:03.833	1.30229	1.30232			6
2025.11.05	01:48:04.448	1.30228	1.30231			6
2025.11.05	01:48:05.369	1.30225	1.30228			6
2025.11.05	01:48:25.360	1.30226	1.30229			6
2025.11.05	01:48:25.668	1.30225	1.30228			6
2025.11.05	01:48:30.905	1.30221	1.30224			6
2025.11.05	01:48:31.519	1.30220	1.30223			6
2025.11.05	01:48:33.069	1.30222	1.30225			6
2025.11.05	01:48:33.379	1.30221	1.30224			6
2025.11.05	01:48:43.574	1.30220	1.30223			6
2025.11.05	01:48:58.716	1.30221	1.30224			6
2025.11.05	01:49:00.266	1.30221				2
2025.11.05	01:49:03.681	1.30220	1.30223			6
2025.11.05	01:49:07.055	1.30221	1.30224			6
2025.11.05	01:49:09.214	1.30220	1.30223			6
2025.11.05	01:49:10.457	1.30221	1.30224			6
2025.11.05	01:49:37.635	1.30222				2
2025.11.05	01:50:00.002	1.30226	1.30229			6
2025.11.05	01:50:26.405	1.30228	1.30231			6
2025.11.05	01:50:28.594	1.30227	1.30230			6
2025.11.05	01:50:47.489	1.30226	1.30229			6
2025.11.05	01:50:51.829	1.30227	1.30230			6
2025.11.05	01:50:55.861	1.30226	1.30229			6
2025.11.05	01:50:56.791	1.30227	1.30230			6
2025.11.05	01:51:00.194	1.30227				2
2025.11.05	01:51:00.504	1.30228	1.30231			6
2025.11.05	01:51:06.401	1.30230	1.30233			6
2025.11.05	01:51:10.727	1.30229	1.30232			6
2025.11.05	01:51:11.346	1.30227	1.30230			6
2025.11.05	01:51:21.531	1.30228	1.30231			6
2025.11.05	01:51:24.316	1.30229	1.30232			6
2025.11.05	01:51:43.169	1.30230	1.30233			6
2025.11.05	01:51:43.479	1.30231	1.30234			6
2025.11.05	01:51:48.111	1.30230	1.30233			6
2025.11.05	01:51:51.818	1.30231	1.30234			6
2025.11.05	01:52:00.139	1.30231				2
2025.11.05	01:52:02.915	1.30230	1.30233			6
2025.11.05	01:52:03.228	1.30231	1.30234			6
2025.11.05	01:52:14.044	1.30235	1.30238			6
2025.11.05	01:52:17.781	1.30236	1.30239			6
2025.11.05	01:52:23.659	1.30235	1.30238			6
2025.11.05	01:52:25.509	1.30236	1.30239			6
2025.11.05	01:52:26.437	1.30235	1.30238			6
2025.11.05	01:52:53.885	1.30236	1.30239			6
2025.11.05	01:52:55.118	1.30235	1.30238			6
2025.11.05	01:52:58.796	1.30236	1.30239			6
2025.11.05	01:53:00.023	1.30236				2
2025.11.05	01:53:00.327	1.30235	1.30238			6
2025.11.05	01:53:02.470	1.30236	1.30239			6
2025.11.05	01:53:05.543	1.30235	1.30237			6
2025.11.05	01:53:05.850	1.30231	1.30234			6
2025.11.05	01:53:09.234	1.30234	1.30237			6
2025.11.05	01:53:10.464	1.30235	1.30238			6
2025.11.05	01:53:10.774	1.30236	1.30239			6
2025.11.05	01:53:25.255	1.30235	1.30238			6
2025.11.05	01:53:25.560	1.30236	1.30239			6
2025.11.05	01:53:26.488	1.30231	1.30234			6
2025.11.05	01:53:27.418	1.30230	1.30233			6
2025.11.05	01:53:28.962	1.30228	1.30231			6
2025.11.05	01:53:30.490	1.30229	1.30232			6
2025.11.05	01:53:30.798	1.30228	1.30231			6
2025.11.05	01:53:31.415	1.30227	1.30230			6
2025.11.05	01:53:35.428	1.30228	1.30231			6
2025.11.05	01:53:37.903		1.30229			4
2025.11.05	01:53:38.205	1.30226				2
2025.11.05	01:53:41.299	1.30227	1.30230			6
2025.11.05	01:53:47.787	1.30226	1.30229			6
2025.11.05	01:53:59.242	1.30227	1.30230			6
2025.11.05	01:54:00.163	1.30227				2
2025.11.05	01:54:00.472	1.30226	1.30229			6
2025.11.05	01:54:01.397	1.30227	1.30230			6
2025.11.05	01:54:02.630	1.30226	1.30229			6
2025.11.05	01:54:09.743	1.30225	1.30228			6
2025.11.05	01:54:24.597	1.30223	1.30226			6
2025.11.05	01:54:24.903	1.30221	1.30224			6
2025.11.05	01:54:25.830	1.30225	1.30228			6
2025.11.05	01:54:26.140	1.30226	1.30229			6
2025.11.05	01:54:39.396	1.30223	1.30226			6
2025.11.05	01:54:39.702	1.30225	1.30228			6
2025.11.05	01:54:40.628	1.30221	1.30224			6
2025.11.05	01:54:54.177	1.30222				2
2025.11.05	01:54:55.723		1.30225			4
2025.11.05	01:55:00.024	1.30222				2
2025.11.05	01:55:02.184		1.30224			4
2025.11.05	01:55:08.658		1.30225			4
2025.11.05	01:55:13.577	1.30221	1.30224			6
2025.11.05	01:55:16.966	1.30216	1.30218			6
2025.11.05	01:55:17.277		1.30217			4
2025.11.05	01:55:17.579	1.30215				2
2025.11.05	01:55:18.211		1.30218			4
2025.11.05	01:55:18.525	1.30216				2
2025.11.05	01:55:18.831	1.30213	1.30216			6
2025.11.05	01:55:19.140	1.30210	1.30214			6
2025.11.05	01:55:19.462		1.30213			4
2025.11.05	01:55:20.381		1.30214			4
2025.11.05	01:55:30.281	1.30211				2
2025.11.05	01:55:30.588		1.30215			4
2025.11.05	01:55:52.490		1.30214			4
2025.11.05	01:55:59.898		1.30215			4
2025.11.05	01:56:00.208	1.30211				2
2025.11.05	01:56:05.478	1.30212				2
2025.11.05	01:56:25.582	1.30213				2
2025.11.05	01:56:25.886	1.30214	1.30217			6
2025.11.05	01:56:26.188	1.30215				2
2025.11.05	01:56:27.128	1.30213	1.30216			6
2025.11.05	01:56:27.756	1.30214	1.30217			6
2025.11.05	01:56:29.312	1.30215				2
2025.11.05	01:56:33.674	1.30214				2
2025.11.05	01:56:36.170	1.30212	1.30213			6
2025.11.05	01:56:36.476	1.30211	1.30214			6
2025.11.05	01:56:39.899	1.30212	1.30215			6
2025.11.05	01:56:50.938	1.30213				2
2025.11.05	01:56:53.436	1.30211	1.30214			6
2025.11.05	01:57:00.278	1.30211				2
2025.11.05	01:57:06.457	1.30212				2
2025.11.05	01:57:07.396	1.30211				2
2025.11.05	01:57:10.186	1.30212	1.30215			6
2025.11.05	01:57:11.421	1.30211	1.30214			6
2025.11.05	01:57:12.657	1.30212				2
2025.11.05	01:57:12.962	1.30211				2
2025.11.05	01:58:00.244	1.30211				2
2025.11.05	01:58:11.426		1.30214			4
2025.11.05	01:58:12.049	1.30210	1.30213			6
2025.11.05	01:58:13.927	1.30211	1.30214			6
2025.11.05	01:58:16.407	1.30210	1.30213			6
2025.11.05	01:58:18.887	1.30209	1.30212			6
2025.11.05	01:58:22.611	1.30210	1.30213			6
2025.11.05	01:58:35.950	1.30211	1.30214			6
2025.11.05	01:58:38.113	1.30210	1.30213			6
2025.11.05	01:58:38.424	1.30211	1.30214			6
2025.11.05	01:58:42.468		1.30213			4
2025.11.05	01:58:42.772	1.30209	1.30212			6
2025.11.05	01:58:52.465	1.30210	1.30213			6
2025.11.05	01:59:00.219	1.30210				2
2025.11.05	01:59:00.530	1.30211	1.30214			6
2025.11.05	01:59:18.780	1.30212				2
2025.11.05	01:59:19.706		1.30215			4
2025.11.05	01:59:20.327	1.30211	1.30214			6
2025.11.05	01:59:38.299	1.30212	1.30215			6
2025.11.05	01:59:40.768	1.30211	1.30214			6
2025.11.05	02:00:00.007	1.30211				2
2025.11.05	02:00:00.322		1.30213			4
2025.11.05	02:00:00.947		1.30212			4
2025.11.05	02:00:02.194	1.30210	1.30211			6
2025.11.05	02:00:02.830	1.30209				2
2025.11.05	02:00:03.140		1.30212			4
2025.11.05	02:00:05.941	1.30210				2
2025.11.05	02:00:06.248	1.30209				2
2025.11.05	02:00:06.564		1.30211			4
2025.11.05	02:00:06.886	1.30210	1.30212			6
2025.11.05	02:00:07.196	1.30209				2
2025.11.05	02:00:10.941	1.30208	1.30211			6
2025.11.05	02:00:11.871		1.30210			4
2025.11.05	02:00:12.180	1.30207	1.30208			6
2025.11.05	02:00:12.492	1.30208	1.30209			6
2025.11.05	02:00:13.718		1.30210			4
2025.11.05	02:00:14.977	1.30207	1.30208			6
2025.11.05	02:00:15.283	1.30208	1.30209			6
2025.11.05	02:00:17.187	1.30209	1.30210			6
2025.11.05	02:00:19.055	1.30210	1.30212			6
2025.11.05	02:00:20.289	1.30211				2
2025.11.05	02:00:20.915	1.30214	1.30215			6
2025.11.05	02:00:21.220		1.30216			4
2025.11.05	02:00:21.545	1.30213	1.30215			6
2025.11.05	02:00:22.167		1.30216			4
2025.11.05	02:00:22.475		1.30215			4
2025.11.05	02:00:29.951		1.30216			4
2025.11.05	02:00:30.886	1.30212	1.30215			6
2025.11.05	02:00:31.507	1.30213	1.30216			6
2025.11.05	02:00:31.808		1.30215			4
2025.11.05	02:00:34.610	1.30212				2
2025.11.05	02:00:34.913	1.30211	1.30212			6
2025.11.05	02:00:35.223	1.30210	1.30213			6
2025.11.05	02:00:36.481	1.30209	1.30211			6
2025.11.05	02:00:36.782		1.30212			4
2025.11.05	02:00:37.409	1.30210	1.30213			6
2025.11.05	02:00:37.722		1.30211			4
2025.11.05	02:00:38.666		1.30212			4
2025.11.05	02:00:40.511	1.30209				2
2025.11.05	02:00:40.818	1.30210				2
2025.11.05	02:00:45.189	1.30211				2
2025.11.05	02:00:45.498	1.30210				2
2025.11.05	02:00:48.605		1.30211			4
2025.11.05	02:00:48.908	1.30209				2
2025.11.05	02:00:50.770		1.30212			4
2025.11.05	02:00:51.075	1.30210				2
2025.11.05	02:00:52.944	1.30211				2
2025.11.05	02:00:54.799	1.30210				2
2025.11.05	02:01:00.106	1.30210				2
2025.11.05	02:01:02.319	1.30209				2
2025.11.05	02:01:03.600	1.30210				2
2025.11.05	02:01:03.917	1.30209				2
2025.11.05	02:01:04.227	1.30207	1.30210			6
2025.11.05	02:01:05.163	1.30208	1.30211			6
2025.11.05	02:01:06.106	1.30209				2
2025.11.05	02:01:09.542	1.30208				2
2025.11.05	02:01:09.848		1.30210			4
2025.11.05	02:01:10.803	1.30207				2
2025.11.05	02:01:13.615	1.30209	1.30211			6
2025.11.05	02:01:13.932	1.30210				2
2025.11.05	02:01:14.239		1.30212			4
2025.11.05	02:01:14.878	1.30209				2
2025.11.05	02:01:18.640	1.30208	1.30211			6
2025.11.05	02:01:25.803	1.30209	1.30212			6
2025.11.05	02:01:30.153	1.30208	1.30211			6
2025.11.05	02:01:30.465		1.30210			4
2025.11.05	02:01:30.766	1.30207				2
2025.11.05	02:01:31.082	1.30208				2
2025.11.05	02:01:32.029	1.30207				2
2025.11.05	02:01:39.179	1.30206	1.30209			6
2025.11.05	02:01:41.038	1.30207	1.30210			6
2025.11.05	02:01:43.871	1.30208	1.30211			6
2025.11.05	02:01:44.177	1.30207	1.30210			6
2025.11.05	02:01:45.743	1.30206	1.30209			6
2025.11.05	02:01:47.613		1.30207			4
2025.11.05	02:01:47.926	1.30205				2
2025.11.05	02:01:48.228	1.30204				2
2025.11.05	02:01:48.544	1.30203	1.30205			6
2025.11.05	02:01:50.402	1.30201	1.30204			6
2025.11.05	02:01:54.432	1.30203	1.30206			6
2025.11.05	02:02:00.067	1.30203				2
2025.11.05	02:02:02.552		1.30205			4
2025.11.05	02:02:07.253		1.30204			4
2025.11.05	02:02:08.837		1.30205			4
2025.11.05	02:02:11.342	1.30204				2
2025.11.05	02:02:11.646	1.30203				2
2025.11.05	02:02:12.267		1.30206			4
2025.11.05	02:02:14.754	1.30204				2
2025.11.05	02:02:17.887		1.30207			4
2025.11.05	02:02:23.830		1.30206			4
2025.11.05	02:02:25.687		1.30207			4
2025.11.05	02:02:27.233	1.30205				2
2025.11.05	02:02:38.432	1.30201	1.30204			6
2025.11.05	02:02:38.743	1.30200	1.30203			6
2025.11.05	02:02:40.302		1.30202			4
2025.11.05	02:02:40.614	1.30196	1.30197			6
2025.11.05	02:02:40.929	1.30194	1.30196			6
2025.11.05	02:02:42.173		1.30197			4
2025.11.05	02:02:42.491	1.30195				2
2025.11.05	02:02:48.437		1.30198			4
2025.11.05	02:02:48.755	1.30196				2
2025.11.05	02:02:50.006		1.30197			4
2025.11.05	02:02:50.318		1.30198			4
2025.11.05	02:02:54.968	1.30195				2
2025.11.05	02:02:55.279		1.30197			4
2025.11.05	02:02:56.504		1.30196			4
2025.11.05	02:02:57.133	1.30192	1.30193			6
2025.11.05	02:02:57.436	1.30191				2
2025.11.05	02:02:57.753		1.30192			4
2025.11.05	02:03:00.263	1.30191				2
2025.11.05	02:03:01.206	1.30190				2
2025.11.05	02:03:04.333		1.30193			4
2025.11.05	02:03:05.562	1.30191				2
2025.11.05	02:03:11.768		1.30192			4
2025.11.05	02:03:12.078	1.30190				2
2025.11.05	02:03:15.800	1.30191				2
2025.11.05	02:03:22.351	1.30190				2
2025.11.05	02:03:22.979	1.30191				2
2025.11.05	02:03:26.677	1.30182	1.30183			6
2025.11.05	02:03:26.978	1.30183	1.30184			6
2025.11.05	02:03:27.283	1.30182				2
2025.11.05	02:03:27.899	1.30183	1.30185			6
2025.11.05	02:03:28.211	1.30182				2
2025.11.05	02:03:28.828	1.30185	1.30187			6
2025.11.05	02:03:29.134		1.30188			4
2025.11.05	02:03:29.753	1.30187	1.30190			6
2025.11.05	02:03:33.455	1.30188				2
2025.11.05	02:03:48.066	1.30187				2
2025.11.05	02:03:48.375	1.30188				2
2025.11.05	02:03:49.614		1.30191			4
2025.11.05	02:03:59.508		1.30190			4
2025.11.05	02:04:00.127	1.30188				2
2025.11.05	02:04:03.523	1.30190	1.30193			6
2025.11.05	02:04:03.825	1.30189				2
2025.11.05	02:04:04.145	1.30194	1.30195			6
2025.11.05	02:04:04.453	1.30196	1.30198			6
2025.11.05	02:04:04.757	1.30195				2
2025.11.05	02:04:05.074	1.30196	1.30199			6
2025.11.05	02:04:05.377		1.30200			4
2025.11.05	02:04:10.674	1.30199	1.30202			6
2025.11.05	02:04:10.980	1.30200	1.30204			6
2025.11.05	02:04:11.924		1.30203			4
2025.11.05	02:04:13.177		1.30204			4
2025.11.05	02:04:14.111		1.30203			4
2025.11.05	02:04:21.540	1.30204	1.30205			6
2025.11.05	02:04:21.844	1.30202	1.30204			6
2025.11.05	02:04:27.472	1.30201				2
2025.11.05	02:04:27.778	1.30202				2
2025.11.05	02:04:30.588	1.30201				2
2025.11.05	02:04:35.270		1.30203			4
2025.11.05	02:04:40.259	1.30204	1.30205			6
2025.11.05	02:04:40.565	1.30208	1.30210			6
2025.11.05	02:04:40.884		1.30211			4
2025.11.05	02:04:41.188		1.30213			4
2025.11.05	02:04:42.132	1.30207				2
2025.11.05	02:04:44.309		1.30212			4
2025.11.05	02:04:44.615		1.30213			4
2025.11.05	02:04:45.535		1.30212			4
2025.11.05	02:04:48.319	1.30208				2
2025.11.05	02:04:49.235	1.30209	1.30213			6
2025.11.05	02:04:52.438	1.30210				2
2025.11.05	02:04:54.286	1.30209				2
2025.11.05	02:05:00.157	1.30209				2
2025.11.05	02:05:02.938		1.30214			4
2025.11.05	02:05:03.241		1.30213			4
2025.11.05	02:05:08.181	1.30205	1.30207			6
2025.11.05	02:05:09.111		1.30208			4
2025.11.05	02:05:09.727	1.30206	1.30209			6
2025.11.05	02:05:10.345		1.30210			4
2025.11.05	02:05:11.271	1.30207	1.30211			6
2025.11.05	02:05:11.585		1.30212			4
2025.11.05	02:05:11.893		1.30211			4
2025.11.05	02:05:12.209	1.30208	1.30212			6
2025.11.05	02:05:13.445		1.30213			4
2025.11.05	02:05:26.193		1.30212			4
2025.11.05	02:05:28.657	1.30209				2
2025.11.05	02:05:29.272	1.30208				2
2025.11.05	02:05:31.440	1.30209				2
2025.11.05	02:05:32.058		1.30211			4
2025.11.05	02:05:32.990		1.30212			4
2025.11.05	02:05:33.610		1.30211			4
2025.11.05	02:05:39.513	1.30208				2
2025.11.05	02:05:44.504	1.30209				2
2025.11.05	02:05:54.145	1.30208				2
2025.11.05	02:06:00.082	1.30208				2
2025.11.05	02:06:00.399		1.30210			4
2025.11.05	02:06:00.704	1.30205	1.30207			6
2025.11.05	02:06:01.950		1.30208			4
2025.11.05	02:06:02.569	1.30204	1.30207			6
2025.11.05	02:06:03.816		1.30209			4
2025.11.05	02:06:04.753		1.30207			4
2025.11.05	02:06:05.060		1.30208			4
2025.11.05	02:06:05.381	1.30203				2
2025.11.05	02:06:06.321	1.30198	1.30202			6
2025.11.05	02:06:06.934		1.30203			4
2025.11.05	02:06:07.246		1.30204			4
2025.11.05	02:06:08.831		1.30203			4
2025.11.05	02:06:10.064	1.30199				2
2025.11.05	02:06:12.585	1.30198				2
2025.11.05	02:06:19.792		1.30202			4
2025.11.05	02:06:20.099		1.30203			4
2025.11.05	02:06:20.415		1.30202			4
2025.11.05	02:06:21.344		1.30203			4
2025.11.05	02:06:23.206	1.30197	1.30201			6
2025.11.05	02:06:23.509	1.30198	1.30202			6
2025.11.05	02:06:24.457	1.30199	1.30203			6
2025.11.05	02:06:29.454	1.30198				2
2025.11.05	02:06:32.897		1.30202			4
2025.11.05	02:06:33.827		1.30203			4
2025.11.05	02:06:35.055	1.30197	1.30201			6
2025.11.05	02:06:37.843	1.30198	1.30203			6
2025.11.05	02:06:39.408		1.30202			4
2025.11.05	02:06:41.253		1.30203			4
2025.11.05	02:06:43.420		1.30202			4
2025.11.05	02:06:44.944	1.30197	1.30201			6
2025.11.05	02:06:45.562	1.30195	1.30199			6
2025.11.05	02:06:46.490		1.30200			4
2025.11.05	02:06:46.794	1.30194	1.30199			6
2025.11.05	02:06:47.105	1.30195	1.30200			6
2025.11.05	02:06:47.411		1.30199			4
2025.11.05	02:06:53.923		1.30198			4
2025.11.05	02:06:55.155		1.30199			4
2025.11.05	02:06:57.942	1.30196				2
2025.11.05	02:06:58.561		1.30200			4
2025.11.05	02:06:59.182		1.30199			4
2025.11.05	02:06:59.491	1.30195	1.30198			6
2025.11.05	02:06:59.803		1.30200			4
2025.11.05	02:07:00.107	1.30195				2
2025.11.05	02:07:02.296	1.30197	1.30201			6
2025.11.05	02:07:03.535	1.30196				2
2025.11.05	02:07:04.479		1.30202			4
2025.11.05	02:07:05.104		1.30201			4
2025.11.05	02:07:05.724		1.30202			4
2025.11.05	02:07:06.349		1.30200			4
2025.11.05	02:07:06.669	1.30195				2
2025.11.05	02:07:08.238		1.30198			4
2025.11.05	02:07:10.105	1.30196				2
2025.11.05	02:07:10.729	1.30198	1.30200			6
2025.11.05	02:07:12.949		1.30201			4
2025.11.05	02:07:23.586		1.30202			4
2025.11.05	02:07:29.165		1.30203			4
2025.11.05	02:07:31.337		1.30202			4
2025.11.05	02:07:32.914		1.30203			4
2025.11.05	02:07:33.838	1.30199				2
2025.11.05	02:07:34.773	1.30200	1.30204			6
2025.11.05	02:07:38.806	1.30198	1.30203			6
2025.11.05	02:07:39.125		1.30201			4
2025.11.05	02:07:40.989		1.30202			4
2025.11.05	02:07:41.297	1.30197	1.30201			6
2025.11.05	02:07:41.601	1.30196	1.30200			6
2025.11.05	02:07:42.848		1.30199			4
2025.11.05	02:07:43.469	1.30197	1.30200			6
2025.11.05	02:07:44.404		1.30201			4
2025.11.05	02:07:47.508	1.30196	1.30200			6
2025.11.05	02:07:47.822	1.30197	1.30201			6
2025.11.05	02:07:48.125	1.30198				2
2025.11.05	02:07:59.941		1.30202			4
2025.11.05	02:08:00.253	1.30198				2
2025.11.05	02:08:00.557	1.30197				2
2025.11.05	02:08:00.866	1.30198				2
2025.11.05	02:08:05.214		1.30201			4
2025.11.05	02:08:09.041	1.30197				2
2025.11.05	02:08:09.666	1.30198	1.30202			6
2025.11.05	02:08:09.968	1.30197	1.30201			6
2025.11.05	02:08:11.215	1.30198				2
2025.11.05	02:08:13.396		1.30200			4
2025.11.05	02:08:14.633	1.30197	1.30201			6
2025.11.05	02:08:15.567		1.30200			4
2025.11.05	02:08:16.491		1.30201			4
2025.11.05	02:08:17.722		1.30202			4
2025.11.05	02:08:18.649		1.30200			4
2025.11.05	02:08:19.585		1.30202			4
2025.11.05	02:08:19.891		1.30200			4
2025.11.05	02:08:20.512		1.30202			4
2025.11.05	02:08:20.818		1.30200			4
2025.11.05	02:08:21.451		1.30201			4
2025.11.05	02:08:22.382		1.30200			4
2025.11.05	02:08:22.694		1.30201			4
2025.11.05	02:08:23.912		1.30200			4
2025.11.05	02:08:25.473	1.30189	1.30192			6
2025.11.05	02:08:26.095	1.30190				2
2025.11.05	02:08:27.021		1.30193			4
2025.11.05	02:08:27.327		1.30194			4
2025.11.05	02:08:32.262	1.30189	1.30193			6
2025.11.05	02:08:33.190		1.30192			4
2025.11.05	02:08:37.197		1.30193			4
2025.11.05	02:08:40.907	1.30188	1.30192			6
2025.11.05	02:08:42.139	1.30186	1.30190			6
2025.11.05	02:08:44.295	1.30187	1.30191			6
2025.11.05	02:08:46.449	1.30186	1.30190			6
2025.11.05	02:08:46.756		1.30191			4
2025.11.05	02:08:47.061	1.30187				2
2025.11.05	02:08:50.471	1.30186				2
2025.11.05	02:08:50.784	1.30187				2
