<DATE>	<TIME>	<BID>	<ASK>	<LAST>	<VOLUME>	<FLAGS>
2025.12.12	00:03:31.372	1.33861	1.33929			6
2025.12.12	00:03:40.031	1.33866				2
2025.12.12	00:03:46.238	1.33875				2
2025.12.12	00:04:00.143	1.33875				2
2025.12.12	00:04:01.373	1.33861				2
2025.12.12	00:04:08.158	1.33868	1.33936			6
2025.12.12	00:05:00.304	1.33868				2
2025.12.12	00:05:08.319	1.33869	1.33937			6
2025.12.12	00:05:11.703	1.33868	1.33936			6
2025.12.12	00:06:00.212	1.33868				2
2025.12.12	00:06:11.943		1.33936			4
2025.12.12	00:06:14.397	1.33869	1.33937			6
2025.12.12	00:06:15.329	1.33870	1.33938			6
2025.12.12	00:07:00.065	1.33870				2
2025.12.12	00:07:01.941	1.33871	1.33939			6
2025.12.12	00:07:14.407	1.33868	1.33936			6
2025.12.12	00:07:37.770	1.33870	1.33938			6
2025.12.12	00:08:00.159	1.33870				2
2025.12.12	00:08:27.369	1.33871	1.33939			6
2025.12.12	00:09:00.134	1.33871				2
2025.12.12	00:09:07.233	1.33872	1.33940			6
2025.12.12	00:09:14.323	1.33871	1.33939			6
2025.12.12	00:09:20.197	1.33879	1.33947			6
2025.12.12	00:09:21.437	1.33881	1.33949			6
2025.12.12	00:09:22.046	1.33885	1.33953			6
2025.12.12	00:09:22.357	1.33886	1.33954			6
2025.12.12	00:09:29.765	1.33892	1.33960			6
2025.12.12	00:09:39.625	1.33895	1.33963			6
2025.12.12	00:09:39.937	1.33894	1.33962			6
2025.12.12	00:09:51.061	1.33896	1.33964			6
2025.12.12	00:10:00.310	1.33896				2
2025.12.12	00:10:03.087	1.33897	1.33965			6
2025.12.12	00:10:04.011	1.33895	1.33963			6
2025.12.12	00:10:04.326	1.33893	1.33961			6
2025.12.12	00:10:08.668	1.33891	1.33959			6
2025.12.12	00:10:08.979	1.33893	1.33961			6
2025.12.12	00:10:13.943	1.33894	1.33962			6
2025.12.12	00:10:29.039	1.33895	1.33963			6
2025.12.12	00:10:34.900	1.33897	1.33965			6
2025.12.12	00:10:39.842	1.33891	1.33959			6
2025.12.12	00:10:50.722	1.33895	1.33963			6
2025.12.12	00:11:00.059	1.33895				2
2025.12.12	00:11:00.374	1.33909	1.33981			6
2025.12.12	00:11:04.725		1.33978			4
2025.12.12	00:11:06.268		1.33981			4
2025.12.12	00:11:06.895	1.33913	1.33982			6
2025.12.12	00:11:07.200		1.33970			4
2025.12.12	00:11:10.596	1.33894				2
2025.12.12	00:11:12.476		1.33974			4
2025.12.12	00:11:13.410		1.33970			4
2025.12.12	00:11:15.582	1.33887	1.33968			6
2025.12.12	00:11:18.823	1.33879	1.33973			6
2025.12.12	00:11:19.744	1.33894	1.33968			6
2025.12.12	00:11:21.289	1.33893	1.33969			6
2025.12.12	00:11:24.990	1.33879	1.33974			6
2025.12.12	00:11:25.921	1.33893	1.33968			6
2025.12.12	00:11:27.889	1.33894				2
2025.12.12	00:11:29.772	1.33893	1.33969			6
2025.12.12	00:11:30.079	1.33894	1.33968			6
2025.12.12	00:11:31.530	1.33879	1.33970			6
2025.12.12	00:11:32.462	1.33894	1.33968			6
2025.12.12	00:11:48.700		1.33967			4
2025.12.12	00:11:51.187		1.33968			4
2025.12.12	00:11:56.741	1.33884	1.33940			6
2025.12.12	00:11:57.046	1.33883				2
2025.12.12	00:12:00.109	1.33883				2
2025.12.12	00:12:01.633	1.33885				2
2025.12.12	00:12:07.119	1.33886				2
2025.12.12	00:12:08.360	1.33885				2
2025.12.12	00:12:10.511	1.33883				2
2025.12.12	00:12:34.786	1.33884				2
2025.12.12	00:12:56.822		1.33940			4
2025.12.12	00:13:00.230	1.33884				2
2025.12.12	00:13:17.301	1.33885				2
2025.12.12	00:13:40.907	1.33874	1.33935			6
2025.12.12	00:14:00.114	1.33874				2
2025.12.12	00:14:01.048	1.33875				2
2025.12.12	00:14:02.593	1.33874				2
2025.12.12	00:14:37.336	1.33875				2
2025.12.12	00:14:39.507	1.33878				2
2025.12.12	00:14:39.815	1.33867				2
2025.12.12	00:14:41.058		1.33935			4
2025.12.12	00:15:00.274	1.33867				2
2025.12.12	00:15:17.400	1.33870				2
2025.12.12	00:15:21.741	1.33872				2
2025.12.12	00:15:31.651	1.33873				2
2025.12.12	00:15:41.234		1.33935			4
2025.12.12	00:15:44.634	1.33874				2
2025.12.12	00:16:00.079	1.33874				2
2025.12.12	00:16:02.869	1.33873				2
2025.12.12	00:16:09.063	1.33875				2
2025.12.12	00:16:09.366	1.33874				2
2025.12.12	00:16:19.256	1.33875				2
2025.12.12	00:16:24.819	1.33874				2
2025.12.12	00:16:25.743	1.33875				2
2025.12.12	00:16:26.054	1.33873				2
2025.12.12	00:16:26.365	1.33875				2
2025.12.12	00:16:29.147	1.33874				2
2025.12.12	00:16:32.547	1.33875				2
2025.12.12	00:16:39.405	1.33878				2
2025.12.12	00:16:39.719	1.33881				2
2025.12.12	00:16:41.269		1.33935			4
2025.12.12	00:16:41.896	1.33876				2
2025.12.12	00:16:42.517	1.33875				2
2025.12.12	00:16:44.067	1.33874				2
2025.12.12	00:16:44.378	1.33873				2
2025.12.12	00:16:46.850	1.33878				2
2025.12.12	00:16:47.158	1.33879				2
2025.12.12	00:16:49.036	1.33880				2
2025.12.12	00:16:50.586	1.33879				2
2025.12.12	00:16:51.519	1.33872				2
2025.12.12	00:16:52.139	1.33871				2
2025.12.12	00:17:00.169	1.33871				2
2025.12.12	00:17:20.974	1.33872				2
2025.12.12	00:17:41.497		1.33935			4
2025.12.12	00:17:46.762	1.33871				2
2025.12.12	00:18:00.054	1.33871				2
2025.12.12	00:18:05.304	1.33873				2
2025.12.12	00:18:09.630	1.33872				2
2025.12.12	00:18:19.239	1.33873				2
2025.12.12	00:18:19.542	1.33872				2
2025.12.12	00:18:25.404	1.33873				2
2025.12.12	00:18:41.804		1.33935			4
2025.12.12	00:18:52.929	1.33874				2
2025.12.12	00:19:00.079	1.33874				2
2025.12.12	00:19:09.372	1.33872				2
2025.12.12	00:19:41.920		1.33935			4
2025.12.12	00:19:42.863	1.33873				2
2025.12.12	00:19:49.058	1.33874				2
2025.12.12	00:19:51.889	1.33872				2
2025.12.12	00:19:55.022	1.33873				2
2025.12.12	00:20:00.296	1.33873	1.33949			6
2025.12.12	00:20:13.352	1.33874				2
2025.12.12	00:20:14.916	1.33873				2
2025.12.12	00:20:18.972		1.33948			4
2025.12.12	00:20:19.279		1.33947			4
2025.12.12	00:20:19.588	1.33880	1.33951			6
2025.12.12	00:20:24.264	1.33874	1.33949			6
2025.12.12	00:20:24.571		1.33950			4
2025.12.12	00:20:24.879		1.33948			4
2025.12.12	00:20:26.735		1.33949			4
2025.12.12	00:20:27.983	1.33873				2
2025.12.12	00:20:28.922		1.33951			4
2025.12.12	00:20:29.261		1.33946			4
2025.12.12	00:20:40.771	1.33874				2
2025.12.12	00:20:42.936		1.33948			4
2025.12.12	00:20:44.480		1.33947			4
2025.12.12	00:20:48.492	1.33873	1.33946			6
2025.12.12	00:20:48.796	1.33872				2
2025.12.12	00:20:59.004		1.33948			4
2025.12.12	00:20:59.312		1.33947			4
2025.12.12	00:21:00.239	1.33872				2
2025.12.12	00:21:00.851	1.33873	1.33948			6
2025.12.12	00:21:19.037	1.33874				2
2025.12.12	00:21:25.206		1.33949			4
2025.12.12	00:21:26.748		1.33948			4
2025.12.12	00:21:27.056		1.33950			4
2025.12.12	00:21:29.203	1.33873	1.33946			6
2025.12.12	00:21:38.131		1.33947			4
2025.12.12	00:21:41.204	1.33874				2
2025.12.12	00:21:59.110	1.33873	1.33948			6
2025.12.12	00:21:59.416		1.33947			4
2025.12.12	00:22:00.034	1.33873				2
2025.12.12	00:22:03.426	1.33874				2
2025.12.12	00:22:07.128		1.33948			4
2025.12.12	00:22:07.435		1.33949			4
2025.12.12	00:22:08.969	1.33875	1.33950			6
2025.12.12	00:22:09.276		1.33949			4
2025.12.12	00:22:09.580		1.33950			4
2025.12.12	00:22:11.740		1.33948			4
2025.12.12	00:22:13.294		1.33947			4
2025.12.12	00:22:19.136	1.33874	1.33949			6
2025.12.12	00:22:19.752	1.33873	1.33944			6
2025.12.12	00:22:20.057	1.33871				2
2025.12.12	00:22:21.045	1.33870				2
2025.12.12	00:22:22.675	1.33869	1.33943			6
2025.12.12	00:22:22.979		1.33945			4
2025.12.12	00:22:34.884	1.33870	1.33944			6
2025.12.12	00:22:35.198	1.33871				2
2025.12.12	00:22:38.918		1.33945			4
2025.12.12	00:22:39.218	1.33872				2
2025.12.12	00:22:40.046	1.33871				2
2025.12.12	00:22:42.208	1.33872				2
2025.12.12	00:22:48.308		1.33944			4
2025.12.12	00:22:49.207	1.33871				2
2025.12.12	00:22:50.065		1.33943			4
2025.12.12	00:22:54.689		1.33944			4
2025.12.12	00:23:00.786	1.33872				2
2025.12.12	00:23:07.593		1.33942			4
2025.12.12	00:23:09.130	1.33871	1.33944			6
2025.12.12	00:23:19.921		1.33943			4
2025.12.12	00:23:25.086	1.33872				2
2025.12.12	00:23:31.081	1.33871	1.33944			6
2025.12.12	00:23:32.567	1.33858	1.33927			6
2025.12.12	00:23:34.177	1.33859				2
2025.12.12	00:23:38.430	1.33857				2
2025.12.12	00:23:38.755	1.33856				2
2025.12.12	00:23:39.211	1.33857				2
2025.12.12	00:23:41.180	1.33858				2
2025.12.12	00:23:43.181	1.33857				2
2025.12.12	00:23:51.184	1.33858	1.33929			6
2025.12.12	00:23:52.040	1.33857				2
2025.12.12	00:23:57.897	1.33858				2
2025.12.12	00:23:58.215	1.33857				2
2025.12.12	00:24:01.448	1.33857				2
2025.12.12	00:24:09.206	1.33859				2
2025.12.12	00:24:14.603	1.33858				2
2025.12.12	00:24:17.137	1.33859				2
2025.12.12	00:24:19.204	1.33857				2
2025.12.12	00:24:19.835	1.33854	1.33917			6
2025.12.12	00:24:21.622	1.33853				2
2025.12.12	00:24:30.430	1.33852				2
2025.12.12	00:24:31.190	1.33853				2
2025.12.12	00:24:31.818	1.33850				2
2025.12.12	00:24:32.124	1.33851				2
2025.12.12	00:24:47.867	1.33860				2
2025.12.12	00:24:48.168	1.33861				2
2025.12.12	00:24:48.773	1.33870	1.33969			6
2025.12.12	00:24:49.075	1.33867	1.33977			6
2025.12.12	00:24:52.779	1.33868	1.33974			6
2025.12.12	00:24:53.700		1.33977			4
2025.12.12	00:24:54.317		1.33976			4
2025.12.12	00:24:54.624	1.33867				2
2025.12.12	00:24:55.242	1.33866	1.33973			6
2025.12.12	00:24:55.552	1.33869	1.33968			6
2025.12.12	00:24:56.170	1.33867	1.33974			6
2025.12.12	00:24:56.482	1.33870	1.33967			6
2025.12.12	00:24:57.722		1.33968			4
2025.12.12	00:25:00.213	1.33870				2
2025.12.12	00:25:03.626	1.33868	1.33973			6
2025.12.12	00:25:07.338	1.33869				2
2025.12.12	00:25:10.458	1.33872	1.33969			6
2025.12.12	00:25:11.083	1.33869	1.33973			6
2025.12.12	00:25:11.393		1.33971			4
2025.12.12	00:25:21.624	1.33871	1.33973			6
2025.12.12	00:25:25.030	1.33872	1.33970			6
2025.12.12	00:25:25.334	1.33873	1.33973			6
2025.12.12	00:25:25.642	1.33870	1.33969			6
2025.12.12	00:25:30.286	1.33871	1.33971			6
2025.12.12	00:25:34.298	1.33873	1.33976			6
2025.12.12	00:25:34.607		1.33980			4
2025.12.12	00:25:35.228		1.33977			4
2025.12.12	00:25:38.022	1.33872	1.33978			6
2025.12.12	00:25:40.496	1.33873				2
2025.12.12	00:25:41.113	1.33872	1.33979			6
2025.12.12	00:25:41.419		1.33977			4
2025.12.12	00:25:44.207		1.33978			4
2025.12.12	00:25:48.831	1.33873	1.33977			6
2025.12.12	00:25:49.137		1.33976			4
2025.12.12	00:25:53.760		1.33977			4
2025.12.12	00:25:59.034	1.33871	1.33975			6
2025.12.12	00:25:59.655	1.33872	1.33977			6
2025.12.12	00:26:00.273	1.33872				2
2025.12.12	00:26:01.500		1.33975			4
2025.12.12	00:26:08.299	1.33871				2
2025.12.12	00:26:08.610		1.33976			4
2025.12.12	00:26:08.917		1.33975			4
2025.12.12	00:26:09.225	1.33872	1.33974			6
2025.12.12	00:26:09.848	1.33871	1.33977			6
2025.12.12	00:26:10.156		1.33976			4
2025.12.12	00:26:11.082		1.33975			4
2025.12.12	00:26:12.019	1.33872	1.33977			6
2025.12.12	00:26:19.144	1.33870	1.33975			6
2025.12.12	00:26:19.459		1.33974			4
2025.12.12	00:26:19.759	1.33871				2
2025.12.12	00:26:20.066	1.33870	1.33975			6
2025.12.12	00:26:23.456	1.33866	1.33947			6
2025.12.12	00:26:23.765		1.33949			4
2025.12.12	00:26:24.074		1.33948			4
2025.12.12	00:26:25.925	1.33865				2
2025.12.12	00:26:32.075	1.33867				2
2025.12.12	00:26:33.006	1.33868				2
2025.12.12	00:26:33.313		1.33946			4
2025.12.12	00:26:33.623		1.33948			4
2025.12.12	00:26:34.243		1.33946			4
2025.12.12	00:26:34.548		1.33947			4
2025.12.12	00:26:37.031	1.33867				2
2025.12.12	00:26:37.340		1.33946			4
2025.12.12	00:26:37.649		1.33948			4
2025.12.12	00:26:37.965	1.33866	1.33949			6
2025.12.12	00:26:38.272	1.33868				2
2025.12.12	00:26:39.196	1.33870	1.33951			6
2025.12.12	00:26:39.507		1.33948			4
2025.12.12	00:26:39.814	1.33869	1.33946			6
2025.12.12	00:26:41.969	1.33868				2
2025.12.12	00:26:45.360	1.33870				2
2025.12.12	00:26:48.763		1.33949			4
2025.12.12	00:26:49.074		1.33948			4
2025.12.12	00:26:50.006		1.33949			4
2025.12.12	00:26:50.621	1.33871				2
2025.12.12	00:26:50.927		1.33953			4
2025.12.12	00:26:58.329		1.33955			4
2025.12.12	00:26:58.949	1.33869	1.33974			6
2025.12.12	00:27:00.181	1.33869	1.33953			6
2025.12.12	00:27:00.489	1.33870				2
2025.12.12	00:27:10.695		1.33952			4
2025.12.12	00:27:11.310		1.33954			4
2025.12.12	00:27:14.395	1.33871	1.33976			6
2025.12.12	00:27:19.023		1.33975			4
2025.12.12	00:27:20.563	1.33872				2
2025.12.12	00:27:20.874	1.33873				2
2025.12.12	00:27:21.184		1.33976			4
2025.12.12	00:27:26.727	1.33874	1.33980			6
2025.12.12	00:27:27.355		1.33975			4
2025.12.12	00:27:28.277		1.33974			4
2025.12.12	00:27:28.584		1.33975			4
2025.12.12	00:27:28.893		1.33976			4
2025.12.12	00:27:29.201	1.33873	1.33975			6
2025.12.12	00:27:31.055		1.33976			4
2025.12.12	00:27:43.748		1.33977			4
2025.12.12	00:27:48.992		1.33978			4
2025.12.12	00:27:49.920		1.33977			4
2025.12.12	00:27:50.539		1.33975			4
2025.12.12	00:27:50.850		1.33979			4
2025.12.12	00:27:51.163		1.33976			4
2025.12.12	00:27:52.386	1.33872				2
2025.12.12	00:28:00.085	1.33872				2
2025.12.12	00:28:00.394		1.33974			4
2025.12.12	00:28:06.872		1.33976			4
2025.12.12	00:28:09.029	1.33871	1.33974			6
2025.12.12	00:28:09.339		1.33973			4
2025.12.12	00:28:09.648		1.33975			4
2025.12.12	00:28:10.568	1.33870	1.33974			6
2025.12.12	00:28:10.875		1.33975			4
2025.12.12	00:28:11.181		1.33974			4
2025.12.12	00:28:12.408	1.33871				2
2025.12.12	00:28:12.715		1.33973			4
2025.12.12	00:28:22.045		1.33976			4
2025.12.12	00:28:26.971		1.33982			4
2025.12.12	00:28:27.279		1.33981			4
2025.12.12	00:28:27.584	1.33872				2
2025.12.12	00:28:28.815		1.33976			4
2025.12.12	00:28:29.128		1.33977			4
2025.12.12	00:28:31.031		1.33976			4
2025.12.12	00:28:32.900	1.33871				2
2025.12.12	00:28:39.079	1.33870	1.33975			6
2025.12.12	00:28:40.004	1.33871				2
2025.12.12	00:28:40.309	1.33872	1.33954			6
2025.12.12	00:28:40.622		1.33947			4
2025.12.12	00:28:40.927		1.33950			4
2025.12.12	00:28:41.237		1.33949			4
2025.12.12	00:28:41.547	1.33873				2
2025.12.12	00:28:43.091	1.33872				2
2025.12.12	00:28:50.217	1.33873				2
2025.12.12	00:28:51.458	1.33872				2
2025.12.12	00:28:57.945		1.33948			4
2025.12.12	00:29:00.096	1.33872				2
2025.12.12	00:29:10.586	1.33873				2
2025.12.12	00:29:11.207		1.33950			4
2025.12.12	00:29:11.513	1.33872				2
2025.12.12	00:29:17.085	1.33873				2
2025.12.12	00:29:27.560	1.33872				2
2025.12.12	00:29:29.095	1.33871	1.33952			6
2025.12.12	00:29:29.401		1.33951			4
2025.12.12	00:29:38.971	1.33872				2
2025.12.12	00:29:39.894	1.33873	1.33952			6
2025.12.12	00:29:40.815	1.33872	1.33951			6
2025.12.12	00:29:41.124		1.33948			4
2025.12.12	00:29:41.428		1.33949			4
2025.12.12	00:29:42.047	1.33871	1.33950			6
2025.12.12	00:29:48.213		1.33948			4
2025.12.12	00:29:48.829	1.33872				2
2025.12.12	00:29:49.441		1.33950			4
2025.12.12	00:29:51.285		1.33947			4
2025.12.12	00:29:51.901		1.33950			4
2025.12.12	00:29:52.206		1.33951			4
2025.12.12	00:29:52.516		1.33949			4
2025.12.12	00:29:54.053	1.33871	1.33948			6
2025.12.12	00:29:55.288	1.33872	1.33951			6
2025.12.12	00:29:55.596		1.33949			4
2025.12.12	00:29:56.830	1.33871	1.33951			6
2025.12.12	00:29:57.141		1.33948			4
2025.12.12	00:29:57.454	1.33872	1.33951			6
2025.12.12	00:29:57.755		1.33949			4
2025.12.12	00:30:00.229	1.33866	1.33947			6
2025.12.12	00:30:00.540	1.33862	1.33951			6
2025.12.12	00:30:01.157	1.33859				2
2025.12.12	00:30:03.316		1.33952			4
2025.12.12	00:30:03.937		1.33951			4
2025.12.12	00:30:05.184	1.33860				2
2025.12.12	00:30:07.032	1.33862	1.33949			6
2025.12.12	00:30:07.340		1.33946			4
2025.12.12	00:30:08.264		1.33949			4
2025.12.12	00:30:10.754	1.33861				2
2025.12.12	00:30:15.190	1.33862				2
2025.12.12	00:30:18.594	1.33861				2
2025.12.12	00:30:21.059		1.33948			4
2025.12.12	00:30:27.246	1.33862				2
2025.12.12	00:30:28.172	1.33860	1.33944			6
2025.12.12	00:30:28.490		1.33945			4
2025.12.12	00:30:29.114	1.33859	1.33946			6
2025.12.12	00:30:29.739		1.33945			4
2025.12.12	00:30:30.047		1.33946			4
2025.12.12	00:30:31.288		1.33945			4
2025.12.12	00:30:33.138	1.33860				2
2025.12.12	00:30:34.381	1.33858				2
2025.12.12	00:30:38.430		1.33944			4
2025.12.12	00:30:39.357		1.33945			4
2025.12.12	00:30:39.665		1.33943			4
2025.12.12	00:30:43.999		1.33945			4
2025.12.12	00:30:44.310		1.33943			4
2025.12.12	00:30:45.858	1.33859				2
2025.12.12	00:30:47.399	1.33860				2
2025.12.12	00:30:52.350	1.33859				2
2025.12.12	00:30:55.442	1.33861	1.33945			6
2025.12.12	00:30:59.150		1.33947			4
2025.12.12	00:31:00.074	1.33861				2
2025.12.12	00:31:00.383		1.33946			4
2025.12.12	00:31:04.722		1.33945			4
2025.12.12	00:31:13.055	1.33870	1.33955			6
2025.12.12	00:31:13.365	1.33893	1.33978			6
2025.12.12	00:31:14.344		1.33982			4
2025.12.12	00:31:15.419		1.33978			4
2025.12.12	00:31:15.870	1.33892	1.33979			6
2025.12.12	00:31:16.180		1.33976			4
2025.12.12	00:31:16.685		1.33975			4
2025.12.12	00:31:19.897		1.33974			4
2025.12.12	00:31:20.899		1.33977			4
2025.12.12	00:31:22.074		1.33976			4
2025.12.12	00:31:22.637	1.33896	1.33979			6
2025.12.12	00:31:22.943	1.33897	1.33977			6
2025.12.12	00:31:24.793		1.33975			4
2025.12.12	00:31:25.101	1.33893	1.33972			6
2025.12.12	00:31:25.407		1.33968			4
2025.12.12	00:31:25.715	1.33894	1.33971			6
2025.12.12	00:31:26.023	1.33895				2
2025.12.12	00:31:26.331	1.33894				2
2025.12.12	00:31:29.110		1.33973			4
2025.12.12	00:31:29.722		1.33975			4
2025.12.12	00:31:30.033		1.33970			4
2025.12.12	00:31:32.500		1.33969			4
2025.12.12	00:31:34.045		1.33972			4
2025.12.12	00:31:39.288		1.33970			4
2025.12.12	00:31:39.896	1.33893	1.33972			6
2025.12.12	00:31:40.211		1.33971			4
2025.12.12	00:31:47.914		1.33969			4
2025.12.12	00:31:48.217		1.33967			4
2025.12.12	00:31:49.132		1.33970			4
2025.12.12	00:31:49.436		1.33968			4
2025.12.12	00:31:50.660		1.33969			4
2025.12.12	00:31:51.283	1.33894				2
2025.12.12	00:31:53.138		1.33970			4
2025.12.12	00:31:54.986		1.33971			4
2025.12.12	00:31:55.292		1.33970			4
2025.12.12	00:31:56.525		1.33971			4
2025.12.12	00:31:57.455		1.33969			4
2025.12.12	00:31:57.758		1.33971			4
2025.12.12	00:31:58.997		1.33969			4
2025.12.12	00:31:59.303		1.33970			4
2025.12.12	00:32:00.231	1.33893				2
2025.12.12	00:32:05.174	1.33894				2
2025.12.12	00:32:06.099		1.33972			4
2025.12.12	00:32:07.022		1.33969			4
2025.12.12	00:32:10.110		1.33971			4
2025.12.12	00:32:10.419		1.33970			4
2025.12.12	00:32:15.993	1.33893				2
2025.12.12	00:32:16.304		1.33969			4
2025.12.12	00:32:19.733		1.33970			4
2025.12.12	00:32:20.034		1.33969			4
2025.12.12	00:32:20.345		1.33966			4
2025.12.12	00:32:24.936		1.33969			4
2025.12.12	00:32:25.239	1.33892	1.33963			6
2025.12.12	00:32:26.771		1.33966			4
2025.12.12	00:32:27.700	1.33891				2
2025.12.12	00:32:28.313		1.33965			4
2025.12.12	00:32:29.537		1.33963			4
2025.12.12	00:32:35.065	1.33892				2
2025.12.12	00:32:38.742	1.33891	1.33965			6
2025.12.12	00:32:39.050		1.33966			4
2025.12.12	00:32:39.976	1.33893	1.33965			6
2025.12.12	00:32:40.284		1.33967			4
2025.12.12	00:32:43.694		1.33966			4
2025.12.12	00:32:44.305		1.33968			4
2025.12.12	00:32:48.950		1.33965			4
2025.12.12	00:32:49.260		1.33967			4
2025.12.12	00:32:50.493		1.33965			4
2025.12.12	00:32:51.734		1.33966			4
2025.12.12	00:32:52.971		1.33965			4
2025.12.12	00:32:53.284		1.33966			4
2025.12.12	00:32:54.831		1.33967			4
2025.12.12	00:32:59.157	1.33894	1.33968			6
2025.12.12	00:32:59.770		1.33969			4
2025.12.12	00:33:00.081	1.33894	1.33968			6
2025.12.12	00:33:01.621		1.33969			4
2025.12.12	00:33:05.935		1.33970			4
2025.12.12	00:33:09.956		1.33968			4
2025.12.12	00:33:10.268		1.33969			4
2025.12.12	00:33:18.943	1.33895	1.33970			6
2025.12.12	00:33:19.256		1.33969			4
2025.12.12	00:33:21.719	1.33899				2
2025.12.12	00:33:22.025	1.33903	1.33968			6
2025.12.12	00:33:28.208		1.33966			4
2025.12.12	00:33:29.130		1.33967			4
2025.12.12	00:33:35.614		1.33968			4
2025.12.12	00:33:39.018	1.33898	1.33969			6
2025.12.12	00:33:39.635	1.33899	1.33965			6
2025.12.12	00:33:39.945		1.33966			4
2025.12.12	00:33:40.255		1.33967			4
2025.12.12	00:33:40.572		1.33966			4
2025.12.12	00:33:42.126		1.33965			4
2025.12.12	00:33:45.842	1.33898				2
2025.12.12	00:33:48.980	1.33899	1.33967			6
2025.12.12	00:33:52.110		1.33966			4
2025.12.12	00:33:54.289		1.33967			4
2025.12.12	00:33:54.906		1.33965			4
2025.12.12	00:33:56.149		1.33966			4
2025.12.12	00:33:56.456		1.33964			4
2025.12.12	00:33:57.092	1.33898	1.33963			6
2025.12.12	00:33:57.400	1.33880				2
2025.12.12	00:34:01.446	1.33880				2
2025.12.12	00:34:07.119		1.33961			4
2025.12.12	00:34:12.391	1.33881	1.33962			6
2025.12.12	00:34:19.201		1.33960			4
2025.12.12	00:34:19.824		1.33961			4
2025.12.12	00:34:27.258		1.33962			4
2025.12.12	00:34:27.977		1.33961			4
2025.12.12	00:34:29.213		1.33962			4
2025.12.12	00:34:34.086	1.33882	1.33961			6
2025.12.12	00:34:39.228		1.33958			4
2025.12.12	00:34:39.843		1.33960			4
2025.12.12	00:34:49.101		1.33961			4
2025.12.12	00:34:50.524	1.33883				2
2025.12.12	00:34:57.548	1.33882	1.33960			6
2025.12.12	00:35:00.010	1.33882				2
2025.12.12	00:35:09.005		1.33961			4
2025.12.12	00:35:09.455		1.33959			4
2025.12.12	00:35:10.694		1.33961			4
2025.12.12	00:35:13.209	1.33881	1.33957			6
2025.12.12	00:35:14.140	1.33882				2
2025.12.12	00:35:19.083	1.33883				2
2025.12.12	00:35:21.561		1.33959			4
2025.12.12	00:35:21.876	1.33881	1.33957			6
2025.12.12	00:35:24.658	1.33880				2
2025.12.12	00:35:26.813		1.33961			4
2025.12.12	00:35:27.130	1.33881	1.33960			6
2025.12.12	00:35:27.442	1.33880				2
2025.12.12	00:35:27.753		1.33958			4
2025.12.12	00:35:37.327	1.33879				2
2025.12.12	00:35:37.643	1.33878	1.33954			6
2025.12.12	00:35:37.947	1.33879				2
2025.12.12	00:35:39.478	1.33878	1.33955			6
2025.12.12	00:35:39.784	1.33879	1.33954			6
2025.12.12	00:35:48.662		1.33956			4
2025.12.12	00:35:48.974		1.33954			4
2025.12.12	00:35:49.894		1.33955			4
2025.12.12	00:35:52.343		1.33956			4
2025.12.12	00:35:52.654		1.33953			4
2025.12.12	00:35:52.957	1.33880	1.33956			6
2025.12.12	00:35:53.260		1.33955			4
2025.12.12	00:35:53.877	1.33879	1.33954			6
2025.12.12	00:35:54.184	1.33878	1.33952			6
2025.12.12	00:35:54.486	1.33879	1.33954			6
2025.12.12	00:35:55.412		1.33956			4
2025.12.12	00:35:57.256	1.33877	1.33953			6
2025.12.12	00:35:57.562		1.33954			4
2025.12.12	00:35:57.867	1.33876	1.33955			6
2025.12.12	00:35:58.791	1.33875	1.33956			6
2025.12.12	00:35:59.105	1.33877	1.33955			6
2025.12.12	00:36:00.028	1.33877				2
2025.12.12	00:36:00.955	1.33878	1.33953			6
2025.12.12	00:36:03.703		1.33956			4
2025.12.12	00:36:04.010	1.33879	1.33955			6
2025.12.12	00:36:04.636		1.33954			4
2025.12.12	00:36:04.949	1.33878				2
2025.12.12	00:36:05.564	1.33876	1.33956			6
2025.12.12	00:36:05.880	1.33877	1.33955			6
2025.12.12	00:36:06.807	1.33878				2
2025.12.12	00:36:07.124	1.33880	1.33954			6
2025.12.12	00:36:07.427	1.33879	1.33953			6
2025.12.12	00:36:07.736	1.33880	1.33954			6
2025.12.12	00:36:08.350	1.33881				2
2025.12.12	00:36:08.655	1.33880				2
2025.12.12	00:36:08.963		1.33955			4
2025.12.12	00:36:09.279		1.33952			4
2025.12.12	00:36:09.584		1.33955			4
2025.12.12	00:36:09.900		1.33952			4
2025.12.12	00:36:14.196		1.33953			4
2025.12.12	00:36:15.112	1.33881	1.33954			6
2025.12.12	00:36:16.649	1.33882	1.33953			6
2025.12.12	00:36:18.479	1.33883				2
2025.12.12	00:36:19.094		1.33951			4
2025.12.12	00:36:19.397	1.33884	1.33952			6
2025.12.12	00:36:22.465	1.33883	1.33951			6
2025.12.12	00:36:24.000	1.33884	1.33952			6
2025.12.12	00:36:24.910	1.33885	1.33953			6
2025.12.12	00:36:26.137	1.33883	1.33951			6
2025.12.12	00:36:26.438	1.33884	1.33952			6
2025.12.12	00:36:27.047	1.33883	1.33953			6
2025.12.12	00:36:27.981		1.33951			4
2025.12.12	00:36:29.207	1.33884	1.33952			6
2025.12.12	00:36:29.518		1.33953			4
2025.12.12	00:36:30.137		1.33952			4
2025.12.12	00:36:31.061		1.33954			4
2025.12.12	00:36:31.366		1.33952			4
2025.12.12	00:36:34.399	1.33883	1.33955			6
2025.12.12	00:36:34.700	1.33885	1.33953			6
2025.12.12	00:36:35.003	1.33883	1.33951			6
2025.12.12	00:36:37.748	1.33884	1.33952			6
2025.12.12	00:36:39.593	1.33883				2
2025.12.12	00:36:39.901	1.33881	1.33955			6
2025.12.12	00:36:40.212	1.33882				2
2025.12.12	00:36:42.993		1.33953			4
2025.12.12	00:36:45.153	1.33883	1.33952			6
2025.12.12	00:36:45.774	1.33884	1.33953			6
2025.12.12	00:36:47.004	1.33883				2
2025.12.12	00:36:47.325	1.33884	1.33952			6
2025.12.12	00:36:48.549	1.33885	1.33953			6
2025.12.12	00:36:49.765	1.33886	1.33954			6
2025.12.12	00:36:51.000	1.33885	1.33953			6
2025.12.12	00:36:52.512	1.33886	1.33954			6
2025.12.12	00:36:53.128	1.33885	1.33953			6
2025.12.12	00:36:55.571	1.33886	1.33954			6
2025.12.12	00:36:56.179	1.33885	1.33953			6
2025.12.12	00:36:56.490		1.33955			4
2025.12.12	00:36:56.798		1.33956			4
2025.12.12	00:36:57.420		1.33953			4
2025.12.12	00:36:59.574	1.33886	1.33954			6
2025.12.12	00:37:00.187	1.33886				2
2025.12.12	00:37:01.114	1.33885	1.33956			6
2025.12.12	00:37:03.881		1.33953			4
2025.12.12	00:37:05.742	1.33886	1.33954			6
2025.12.12	00:37:06.064	1.33885	1.33953			6
2025.12.12	00:37:08.237	1.33886	1.33954			6
2025.12.12	00:37:08.544	1.33885	1.33953			6
2025.12.12	00:37:09.165	1.33886	1.33954			6
2025.12.12	00:37:09.483	1.33885	1.33953			6
2025.12.12	00:37:10.726	1.33886	1.33955			6
2025.12.12	00:37:12.269	1.33885	1.33953			6
2025.12.12	00:37:12.577	1.33886	1.33954			6
2025.12.12	00:37:14.123	1.33887	1.33955			6
2025.12.12	00:37:14.435	1.33885	1.33953			6
2025.12.12	00:37:14.744	1.33887	1.33955			6
2025.12.12	00:37:16.601	1.33886	1.33954			6
2025.12.12	00:37:17.526	1.33887	1.33955			6
2025.12.12	00:37:17.841	1.33886	1.33954			6
2025.12.12	00:37:18.148	1.33887	1.33955			6
2025.12.12	00:37:19.089	1.33886	1.33954			6
2025.12.12	00:37:21.600	1.33887	1.33955			6
2025.12.12	00:37:21.921	1.33886	1.33954			6
2025.12.12	00:37:22.229	1.33887	1.33955			6
2025.12.12	00:37:22.548	1.33888	1.33956			6
2025.12.12	00:37:22.870	1.33887	1.33955			6
2025.12.12	00:37:23.174	1.33886	1.33954			6
2025.12.12	00:37:26.910	1.33885	1.33953			6
2025.12.12	00:37:27.216	1.33886	1.33954			6
2025.12.12	00:37:30.026	1.33885	1.33953			6
2025.12.12	00:37:30.644	1.33886	1.33954			6
2025.12.12	00:37:33.123	1.33885	1.33953			6
2025.12.12	00:37:33.437	1.33886	1.33954			6
2025.12.12	00:37:35.285	1.33887	1.33955			6
2025.12.12	00:37:38.096	1.33886	1.33954			6
2025.12.12	00:37:38.414	1.33887	1.33955			6
2025.12.12	00:37:41.227	1.33889	1.33956			6
2025.12.12	00:37:41.551	1.33887	1.33955			6
2025.12.12	00:37:46.225		1.33956			4
2025.12.12	00:37:46.535	1.33889				2
2025.12.12	00:37:46.849	1.33888				2
2025.12.12	00:37:53.415	1.33889				2
2025.12.12	00:37:57.487	1.33888				2
2025.12.12	00:38:00.304	1.33888				2
2025.12.12	00:38:00.918	1.33889				2
2025.12.12	00:38:04.032	1.33891				2
2025.12.12	00:38:06.540	1.33890				2
2025.12.12	00:38:06.850	1.33891				2
2025.12.12	00:38:11.211	1.33888				2
2025.12.12	00:38:11.835	1.33889	1.33957			6
2025.12.12	00:38:13.065	1.33890	1.33958			6
2025.12.12	00:38:15.594	1.33891				2
2025.12.12	00:38:16.836	1.33892				2
2025.12.12	00:38:17.150	1.33891				2
2025.12.12	00:38:17.460	1.33890				2
2025.12.12	00:38:20.256	1.33891				2
2025.12.12	00:38:21.196	1.33890				2
2025.12.12	00:38:21.507	1.33892				2
2025.12.12	00:38:22.123	1.33891				2
2025.12.12	00:38:24.281	1.33889	1.33957			6
2025.12.12	00:38:24.599	1.33891	1.33958			6
2025.12.12	00:38:25.527	1.33892				2
2025.12.12	00:38:27.072	1.33891				2
2025.12.12	00:38:28.016	1.33892				2
2025.12.12	00:38:30.813	1.33891				2
2025.12.12	00:38:32.068	1.33892				2
2025.12.12	00:38:35.796	1.33893				2
2025.12.12	00:38:39.203	1.33891				2
2025.12.12	00:38:41.065	1.33892				2
2025.12.12	00:38:41.376	1.33891				2
2025.12.12	00:38:43.856	1.33892				2
2025.12.12	00:38:44.477	1.33893				2
2025.12.12	00:38:45.086	1.33892				2
2025.12.12	00:38:46.333	1.33890				2
2025.12.12	00:38:47.255	1.33891				2
2025.12.12	00:38:48.185	1.33892				2
2025.12.12	00:38:48.802	1.33891				2
2025.12.12	00:38:49.111	1.33892				2
2025.12.12	00:38:49.425	1.33891				2
2025.12.12	00:38:50.036	1.33892				2
2025.12.12	00:38:50.351	1.33890				2
2025.12.12	00:38:50.666	1.33897				2
2025.12.12	00:38:52.475	1.33892				2
2025.12.12	00:38:53.090	1.33891	1.33959			6
2025.12.12	00:38:54.953	1.33890	1.33958			6
2025.12.12	00:38:56.182	1.33892	1.33957			6
2025.12.12	00:38:57.733	1.33891				2
2025.12.12	00:38:58.047	1.33893				2
2025.12.12	00:38:58.349	1.33892				2
2025.12.12	00:39:00.208	1.33893				2
2025.12.12	00:39:00.516	1.33892				2
2025.12.12	00:39:01.153	1.33894				2
2025.12.12	00:39:06.440	1.33893				2
2025.12.12	00:39:06.756	1.33895				2
2025.12.12	00:39:08.935	1.33892				2
2025.12.12	00:39:09.253	1.33893				2
2025.12.12	00:39:09.559	1.33892				2
2025.12.12	00:39:09.876	1.33894				2
2025.12.12	00:39:11.125	1.33893	1.33960			6
2025.12.12	00:39:12.057	1.33892				2
2025.12.12	00:39:12.374	1.33894				2
2025.12.12	00:39:13.314	1.33893				2
2025.12.12	00:39:14.562	1.33898				2
2025.12.12	00:39:14.887	1.33893				2
2025.12.12	00:39:17.054	1.33898	1.33959			6
2025.12.12	00:39:18.600	1.33893	1.33960			6
2025.12.12	00:39:19.221	1.33892				2
2025.12.12	00:39:19.531	1.33893				2
2025.12.12	00:39:21.423	1.33895				2
2025.12.12	00:39:25.159	1.33896				2
2025.12.12	00:39:26.708	1.33895				2
2025.12.12	00:39:27.022	1.33896				2
2025.12.12	00:39:36.413	1.33894	1.33959			6
2025.12.12	00:39:41.510	1.33893				2
2025.12.12	00:39:43.383	1.33892				2
2025.12.12	00:39:43.693	1.33893				2
2025.12.12	00:39:46.483	1.33892				2
2025.12.12	00:39:51.153	1.33894				2
2025.12.12	00:39:55.507	1.33893				2
2025.12.12	00:39:55.825	1.33890	1.33958			6
2025.12.12	00:39:56.139	1.33893	1.33959			6
2025.12.12	00:39:56.444	1.33892				2
2025.12.12	00:39:57.074	1.33893				2
2025.12.12	00:39:57.382	1.33890	1.33958			6
2025.12.12	00:39:57.696	1.33892	1.33959			6
2025.12.12	00:39:58.618	1.33893				2
2025.12.12	00:39:59.237	1.33892				2
2025.12.12	00:39:59.539	1.33893				2
2025.12.12	00:39:59.851	1.33892				2
2025.12.12	00:40:00.164	1.33892				2
2025.12.12	00:40:00.469	1.33894				2
2025.12.12	00:40:01.184	1.33906	1.33960			6
2025.12.12	00:40:01.489	1.33904	1.33962			6
2025.12.12	00:40:02.668	1.33905	1.33961			6
2025.12.12	00:40:03.253	1.33911	1.33965			6
2025.12.12	00:40:04.486		1.33966			4
2025.12.12	00:40:05.506		1.33965			4
2025.12.12	00:40:16.187		1.33966			4
2025.12.12	00:40:20.188	1.33912	1.33965			6
2025.12.12	00:40:21.081	1.33911	1.33966			6
2025.12.12	00:40:27.039		1.33959			4
2025.12.12	00:40:42.039	1.33910				2
2025.12.12	00:40:51.001	1.33889				2
2025.12.12	00:40:51.944	1.33899				2
2025.12.12	00:40:52.986	1.33900				2
2025.12.12	00:40:56.410	1.33901				2
2025.12.12	00:40:56.714		1.33958			4
2025.12.12	00:40:57.025	1.33887	1.33959			6
2025.12.12	00:40:57.338	1.33886				2
2025.12.12	00:40:57.768	1.33887				2
2025.12.12	00:40:59.310	1.33888				2
2025.12.12	00:40:59.620	1.33890				2
2025.12.12	00:40:59.928	1.33902				2
2025.12.12	00:41:01.057	1.33902				2
2025.12.12	00:41:05.702	1.33890				2
2025.12.12	00:41:06.010	1.33902				2
2025.12.12	00:41:07.199	1.33901				2
2025.12.12	00:41:11.407	1.33894				2
2025.12.12	00:41:12.031	1.33893	1.33958			6
2025.12.12	00:41:12.955	1.33892				2
2025.12.12	00:41:14.822		1.33959			4
2025.12.12	00:41:16.060	1.33891				2
2025.12.12	00:41:16.984		1.33958			4
2025.12.12	00:41:19.474		1.33959			4
2025.12.12	00:41:22.263	1.33890				2
2025.12.12	00:41:23.204	1.33891				2
2025.12.12	00:41:24.133	1.33892				2
2025.12.12	00:41:24.444		1.33960			4
2025.12.12	00:41:26.620	1.33890	1.33958			6
2025.12.12	00:41:26.924	1.33889	1.33957			6
2025.12.12	00:41:27.243		1.33959			4
2025.12.12	00:41:27.550	1.33890				2
2025.12.12	00:41:28.788	1.33889	1.33958			6
2025.12.12	00:41:29.095	1.33890				2
2025.12.12	00:41:32.804	1.33903	1.33959			6
2025.12.12	00:41:36.833	1.33902				2
2025.12.12	00:41:37.139	1.33903				2
2025.12.12	00:41:39.349	1.33904	1.33958			6
2025.12.12	00:41:40.187	1.33903				2
2025.12.12	00:41:42.039	1.33904				2
2025.12.12	00:41:45.397	1.33903	1.33959			6
2025.12.12	00:41:47.933		1.33958			4
2025.12.12	00:41:49.125		1.33959			4
2025.12.12	00:41:51.035	1.33904	1.33958			6
2025.12.12	00:42:01.438	1.33904	1.33957			6
2025.12.12	00:42:03.488		1.33958			4
2025.12.12	00:42:09.974	1.33903				2
2025.12.12	00:42:10.746	1.33904				2
2025.12.12	00:42:11.408	1.33889	1.33956			6
2025.12.12	00:42:12.039	1.33890				2
2025.12.12	00:42:14.227	1.33888				2
2025.12.12	00:42:17.655		1.33955			4
2025.12.12	00:42:22.312	1.33889				2
2025.12.12	00:42:26.327	1.33888	1.33956			6
2025.12.12	00:42:27.870	1.33887	1.33955			6
2025.12.12	00:42:31.837	1.33888				2
2025.12.12	00:42:32.150	1.33887				2
2025.12.12	00:42:33.057	1.33888				2
2025.12.12	00:42:40.182	1.33887	1.33956			6
2025.12.12	00:42:40.492	1.33888	1.33955			6
2025.12.12	00:42:42.039	1.33887				2
2025.12.12	00:42:42.676	1.33888				2
2025.12.12	00:42:42.983		1.33956			4
2025.12.12	00:42:44.531		1.33955			4
2025.12.12	00:42:45.152	1.33889				2
2025.12.12	00:42:46.093	1.33887				2
2025.12.12	00:42:52.211	1.33889				2
2025.12.12	00:42:52.525	1.33888				2
2025.12.12	00:42:53.459	1.33889				2
2025.12.12	00:42:55.632	1.33887				2
2025.12.12	00:43:00.159	1.33887				2
2025.12.12	00:43:00.466	1.33888				2
2025.12.12	00:43:00.784	1.33887				2
2025.12.12	00:43:01.809		1.33954			4
2025.12.12	00:43:02.119	1.33886				2
2025.12.12	00:43:02.431	1.33887	1.33953			6
2025.12.12	00:43:04.898		1.33951			4
2025.12.12	00:43:05.203		1.33950			4
2025.12.12	00:43:05.511	1.33888	1.33952			6
2025.12.12	00:43:07.991		1.33951			4
2025.12.12	00:43:08.298		1.33953			4
2025.12.12	00:43:08.605	1.33887				2
2025.12.12	00:43:10.174		1.33951			4
2025.12.12	00:43:10.792		1.33953			4
2025.12.12	00:43:11.412		1.33952			4
2025.12.12	00:43:12.034	1.33885	1.33953			6
2025.12.12	00:43:12.338	1.33888				2
2025.12.12	00:43:13.352	1.33889				2
2025.12.12	00:43:14.323		1.33952			4
2025.12.12	00:43:14.937		1.33953			4
2025.12.12	00:43:15.253		1.33952			4
2025.12.12	00:43:15.571	1.33890				2
2025.12.12	00:43:20.393		1.33951			4
2025.12.12	00:43:24.708		1.33950			4
2025.12.12	00:43:26.874		1.33951			4
2025.12.12	00:43:27.217	1.33889	1.33953			6
2025.12.12	00:43:27.539	1.33890	1.33951			6
2025.12.12	00:43:37.175		1.33952			4
2025.12.12	00:43:37.703	1.33891	1.33951			6
2025.12.12	00:43:38.859	1.33889	1.33952			6
2025.12.12	00:43:42.147	1.33890				2
2025.12.12	00:43:43.211		1.33951			4
2025.12.12	00:43:44.141		1.33952			4
2025.12.12	00:43:49.086		1.33951			4
2025.12.12	00:43:51.432		1.33950			4
2025.12.12	00:43:51.748		1.33951			4
2025.12.12	00:43:52.097		1.33950			4
2025.12.12	00:43:55.190		1.33952			4
2025.12.12	00:43:57.027		1.33951			4
2025.12.12	00:43:57.335		1.33949			4
2025.12.12	00:43:58.877		1.33950			4
2025.12.12	00:44:00.112	1.33890				2
2025.12.12	00:44:04.128	1.33889	1.33953			6
2025.12.12	00:44:07.203	1.33890	1.33952			6
2025.12.12	00:44:07.675	1.33889				2
2025.12.12	00:44:11.872	1.33888	1.33951			6
2025.12.12	00:44:12.180	1.33901	1.33956			6
2025.12.12	00:44:12.482	1.33902	1.33957			6
2025.12.12	00:44:12.800	1.33903	1.33959			6
2025.12.12	00:44:13.849		1.33958			4
2025.12.12	00:44:19.395		1.33959			4
2025.12.12	00:44:21.788		1.33958			4
2025.12.12	00:44:23.699		1.33959			4
2025.12.12	00:44:26.312		1.33958			4
2025.12.12	00:44:28.467	1.33902	1.33960			6
2025.12.12	00:44:29.100	1.33903	1.33959			6
2025.12.12	00:44:30.148	1.33902				2
2025.12.12	00:44:31.400	1.33901	1.33961			6
2025.12.12	00:44:31.853	1.33900	1.33956			6
2025.12.12	00:44:32.473	1.33898				2
2025.12.12	00:44:33.401	1.33888	1.33953			6
2025.12.12	00:44:33.727	1.33892	1.33950			6
2025.12.12	00:44:34.630		1.33949			4
2025.12.12	00:44:36.535	1.33893				2
2025.12.12	00:44:38.342	1.33892	1.33950			6
2025.12.12	00:44:39.276	1.33893	1.33949			6
2025.12.12	00:44:40.816	1.33892	1.33950			6
2025.12.12	00:44:51.277	1.33891				2
2025.12.12	00:44:52.524	1.33892	1.33949			6
2025.12.12	00:45:03.202	1.33884	1.33952			6
2025.12.12	00:45:03.831	1.33885	1.33953			6
2025.12.12	00:45:04.139	1.33884				2
2025.12.12	00:45:06.647	1.33891	1.33950			6
2025.12.12	00:45:08.341	1.33892	1.33949			6
2025.12.12	00:45:12.283	1.33908	1.33933			6
2025.12.12	00:45:14.908	1.33906	1.33936			6
2025.12.12	00:45:23.274		1.33935			4
2025.12.12	00:45:25.458	1.33907	1.33934			6
2025.12.12	00:45:27.025	1.33906	1.33935			6
2025.12.12	00:45:29.212	1.33907	1.33934			6
2025.12.12	00:45:38.200		1.33935			4
2025.12.12	00:45:39.750	1.33906	1.33936			6
2025.12.12	00:45:45.614	1.33905				2
2025.12.12	00:45:49.680	1.33907	1.33935			6
2025.12.12	00:45:49.989	1.33906				2
2025.12.12	00:45:51.247	1.33913	1.33938			6
2025.12.12	00:45:51.863	1.33912	1.33940			6
2025.12.12	00:45:52.165	1.33913	1.33939			6
2025.12.12	00:45:53.103	1.33912				2
2025.12.12	00:45:54.349	1.33914	1.33940			6
2025.12.12	00:45:54.973	1.33912				2
2025.12.12	00:45:57.132	1.33914				2
2025.12.12	00:45:57.749	1.33912				2
2025.12.12	00:45:58.371	1.33914				2
2025.12.12	00:45:58.675		1.33939			4
2025.12.12	00:46:00.220	1.33914				2
2025.12.12	00:46:01.143		1.33938			4
2025.12.12	00:46:01.773		1.33939			4
2025.12.12	00:46:02.400	1.33913				2
2025.12.12	00:46:02.712	1.33912				2
2025.12.12	00:46:03.024	1.33911				2
2025.12.12	00:46:03.339	1.33914				2
2025.12.12	00:46:05.211	1.33912	1.33940			6
2025.12.12	00:46:07.069	1.33913	1.33943			6
2025.12.12	00:46:07.374	1.33915				2
2025.12.12	00:46:07.988	1.33914				2
2025.12.12	00:46:08.605	1.33916				2
2025.12.12	00:46:08.913	1.33917	1.33945			6
2025.12.12	00:46:09.221	1.33916	1.33941			6
2025.12.12	00:46:10.763		1.33944			4
2025.12.12	00:46:11.078		1.33945			4
2025.12.12	00:46:11.384		1.33944			4
2025.12.12	00:46:12.616		1.33943			4
2025.12.12	00:46:18.194	1.33917				2
2025.12.12	00:46:26.246		1.33944			4
2025.12.12	00:46:35.567		1.33943			4
2025.12.12	00:46:37.728	1.33916				2
2025.12.12	00:46:45.764	1.33917	1.33944			6
2025.12.12	00:46:48.850		1.33943			4
2025.12.12	00:46:55.950		1.33942			4
2025.12.12	00:46:58.106		1.33943			4
2025.12.12	00:46:58.412		1.33945			4
2025.12.12	00:46:59.035		1.33943			4
2025.12.12	00:46:59.657	1.33915	1.33939			6
2025.12.12	00:47:00.274	1.33915				2
2025.12.12	00:47:01.210	1.33912				2
2025.12.12	00:47:01.522	1.33915				2
2025.12.12	00:47:02.457	1.33916				2
2025.12.12	00:47:03.074		1.33952			4
2025.12.12	00:47:06.782		1.33939			4
2025.12.12	00:47:11.101	1.33915				2
2025.12.12	00:47:14.806		1.33938			4
2025.12.12	00:47:15.113		1.33939			4
2025.12.12	00:47:16.045	1.33914				2
2025.12.12	00:47:33.636	1.33917	1.33942			6
2025.12.12	00:47:34.252	1.33916	1.33941			6
2025.12.12	00:47:36.125	1.33918				2
2025.12.12	00:47:36.433	1.33917	1.33942			6
2025.12.12	00:47:37.976	1.33916				2
2025.12.12	00:47:38.285	1.33917				2
2025.12.12	00:47:46.609	1.33919				2
2025.12.12	00:47:56.490	1.33920				2
2025.12.12	00:48:00.195	1.33920				2
2025.12.12	00:48:01.429	1.33919	1.33947			6
2025.12.12	00:48:02.049	1.33918	1.33944			6
2025.12.12	00:48:02.973		1.33943			4
2025.12.12	00:48:03.595	1.33917				2
2025.12.12	00:48:04.827	1.33918				2
2025.12.12	00:48:06.059		1.33944			4
2025.12.12	00:48:11.621		1.33945			4
2025.12.12	00:48:11.925	1.33919				2
2025.12.12	00:48:12.234	1.33920				2
2025.12.12	00:48:12.550	1.33919				2
2025.12.12	00:48:16.266	1.33920				2
2025.12.12	00:48:16.576	1.33916				2
2025.12.12	00:48:16.884	1.33917				2
2025.12.12	00:48:19.964	1.33918				2
2025.12.12	00:48:26.772	1.33919				2
2025.12.12	00:48:27.092	1.33918				2
2025.12.12	00:48:31.449	1.33917	1.33942			6
2025.12.12	00:48:33.001		1.33941			4
2025.12.12	00:48:38.293	1.33918				2
2025.12.12	00:48:38.601	1.33916				2
2025.12.12	00:48:38.909	1.33917				2
2025.12.12	00:49:00.236	1.33916	1.33940			6
2025.12.12	00:49:01.168		1.33939			4
2025.12.12	00:49:01.776	1.33915				2
2025.12.12	00:49:02.084	1.33918	1.33946			6
2025.12.12	00:49:02.388	1.33919				2
2025.12.12	00:49:07.018	1.33920				2
2025.12.12	00:49:15.975	1.33919				2
2025.12.12	00:49:16.281	1.33920				2
2025.12.12	00:49:16.586	1.33919				2
2025.12.12	00:49:16.899	1.33920				2
2025.12.12	00:49:19.669	1.33919				2
2025.12.12	00:49:22.129	1.33920				2
2025.12.12	00:49:27.056	1.33919				2
2025.12.12	00:49:31.360	1.33920				2
2025.12.12	00:50:00.031	1.33920				2
2025.12.12	00:50:02.188	1.33917	1.33940			6
2025.12.12	00:50:02.495		1.33939			4
2025.12.12	00:50:03.421	1.33916				2
2025.12.12	00:50:08.997	1.33917	1.33938			6
2025.12.12	00:50:10.849	1.33916				2
2025.12.12	00:50:11.773	1.33917				2
2025.12.12	00:50:16.392		1.33937			4
2025.12.12	00:50:17.315	1.33916				2
2025.12.12	00:50:21.950		1.33936			4
2025.12.12	00:50:22.256		1.33937			4
2025.12.12	00:50:31.504	1.33915				2
2025.12.12	00:50:41.969		1.33938			4
2025.12.12	00:50:57.438		1.33936			4
2025.12.12	00:50:59.601		1.33937			4
2025.12.12	00:51:00.219	1.33915				2
2025.12.12	00:51:02.994	1.33916	1.33942			6
2025.12.12	00:51:03.615	1.33918				2
2025.12.12	00:51:03.922		1.33943			4
2025.12.12	00:51:06.073	1.33917				2
2025.12.12	00:51:07.621	1.33916	1.33940			6
2025.12.12	00:51:07.925	1.33915				2
2025.12.12	00:51:08.855	1.33913	1.33939			6
2025.12.12	00:51:09.161		1.33938			4
2025.12.12	00:51:10.090	1.33914				2
2025.12.12	00:51:12.869		1.33937			4
2025.12.12	00:51:14.104	1.33913				2
2025.12.12	00:51:16.877	1.33919	1.33946			6
2025.12.12	00:51:17.185	1.33920				2
2025.12.12	00:51:25.818	1.33914	1.33937			6
2025.12.12	00:51:26.433		1.33936			4
2025.12.12	00:51:27.980	1.33913				2
2025.12.12	00:51:28.295	1.33914				2
2025.12.12	00:51:30.761	1.33920	1.33946			6
2025.12.12	00:51:36.002	1.33914	1.33936			6
2025.12.12	00:51:36.928		1.33935			4
2025.12.12	00:51:37.852	1.33921	1.33946			6
2025.12.12	00:51:38.163	1.33920				2
2025.12.12	00:51:38.471	1.33921				2
2025.12.12	00:51:40.948	1.33922				2
2025.12.12	00:52:00.214	1.33922				2
2025.12.12	00:52:02.986	1.33913	1.33936			6
2025.12.12	00:52:06.681	1.33919	1.33945			6
2025.12.12	00:52:06.994	1.33921				2
2025.12.12	00:52:16.861	1.33914	1.33937			6
2025.12.12	00:52:17.174	1.33913				2
2025.12.12	00:52:24.916	1.33912				2
2025.12.12	00:52:28.001	1.33913				2
2025.12.12	00:52:38.189	1.33920	1.33942			6
2025.12.12	00:52:39.106		1.33944			4
2025.12.12	00:52:40.335	1.33914	1.33939			6
2025.12.12	00:52:40.649	1.33915				2
2025.12.12	00:52:42.193		1.33938			4
2025.12.12	00:52:44.665	1.33914				2
2025.12.12	00:52:49.304	1.33915				2
2025.12.12	00:52:56.397	1.33920	1.33944			6
2025.12.12	00:53:00.101	1.33920				2
2025.12.12	00:53:01.324	1.33921				2
2025.12.12	00:53:16.427	1.33919				2
2025.12.12	00:53:16.728	1.33914	1.33936			6
2025.12.12	00:53:19.798	1.33913				2
2025.12.12	00:53:20.103	1.33914				2
2025.12.12	00:53:21.952	1.33913	1.33935			6
2025.12.12	00:53:24.116	1.33914				2
2025.12.12	00:53:25.048		1.33936			4
2025.12.12	00:53:30.308	1.33916	1.33944			6
2025.12.12	00:53:30.614	1.33917				2
2025.12.12	00:53:38.031	1.33916	1.33940			6
2025.12.12	00:53:40.180	1.33917				2
2025.12.12	00:53:41.714	1.33916	1.33941			6
2025.12.12	00:53:50.019		1.33940			4
2025.12.12	00:53:56.793	1.33917				2
2025.12.12	00:54:00.196	1.33917				2
2025.12.12	00:54:01.449	1.33916				2
2025.12.12	00:54:03.314	1.33917				2
2025.12.12	00:54:50.165		1.33940			4
2025.12.12	00:54:54.176	1.33916				2
2025.12.12	00:55:00.044	1.33916				2
2025.12.12	00:55:00.354		1.33941			4
2025.12.12	00:55:00.659	1.33917				2
2025.12.12	00:55:03.123	1.33916				2
2025.12.12	00:55:04.065		1.33940			4
2025.12.12	00:55:22.322	1.33917				2
2025.12.12	00:55:22.631	1.33916	1.33942			6
2025.12.12	00:55:22.940	1.33917				2
2025.12.12	00:55:23.557	1.33916	1.33941			6
2025.12.12	00:55:23.863	1.33918				2
2025.12.12	00:55:24.176	1.33917				2
2025.12.12	00:55:34.754		1.33940			4
2025.12.12	00:55:44.958	1.33918				2
2025.12.12	00:55:45.266	1.33917				2
2025.12.12	00:55:58.958	1.33918	1.33941			6
2025.12.12	00:55:59.587		1.33940			4
2025.12.12	00:55:59.897	1.33917				2
2025.12.12	00:56:00.210	1.33917				2
2025.12.12	00:56:01.447	1.33918				2
2025.12.12	00:56:01.755	1.33917				2
2025.12.12	00:56:02.372	1.33916				2
2025.12.12	00:56:02.996	1.33917				2
2025.12.12	00:56:03.308	1.33916				2
2025.12.12	00:56:03.919	1.33917				2
2025.12.12	00:56:06.080	1.33916				2
2025.12.12	00:56:06.387	1.33917				2
2025.12.12	00:56:18.105	1.33916				2
2025.12.12	00:56:18.412	1.33917				2
2025.12.12	00:56:19.335	1.33915				2
2025.12.12	00:56:29.531		1.33941			4
2025.12.12	00:56:31.688	1.33914				2
2025.12.12	00:56:31.990	1.33915				2
2025.12.12	00:56:33.224		1.33942			4
2025.12.12	00:56:36.932		1.33941			4
2025.12.12	00:56:37.240	1.33916				2
2025.12.12	00:56:38.467	1.33915				2
2025.12.12	00:56:40.015	1.33916				2
2025.12.12	00:56:41.869	1.33915				2
2025.12.12	00:56:43.414	1.33916				2
2025.12.12	00:56:44.335	1.33909				2
2025.12.12	00:56:44.644	1.33910				2
2025.12.12	00:56:48.977		1.33942			4
2025.12.12	00:56:49.285	1.33912				2
2025.12.12	00:56:49.599	1.33911				2
2025.12.12	00:56:51.146	1.33909	1.33941			6
2025.12.12	00:56:51.455	1.33910	1.33940			6
2025.12.12	00:56:53.626	1.33909	1.33941			6
2025.12.12	00:56:58.864	1.33910				2
2025.12.12	00:56:59.174	1.33909				2
2025.12.12	00:56:59.483	1.33910				2
2025.12.12	00:56:59.785		1.33942			4
2025.12.12	00:57:00.100	1.33910				2
2025.12.12	00:57:01.027	1.33909				2
2025.12.12	00:57:01.334	1.33910				2
2025.12.12	00:57:01.640		1.33941			4
2025.12.12	00:57:04.735	1.33909				2
2025.12.12	00:57:06.588	1.33910				2
2025.12.12	00:57:06.898	1.33911				2
2025.12.12	00:57:07.205	1.33909				2
2025.12.12	00:57:12.807	1.33908	1.33942			6
2025.12.12	00:57:13.112	1.33909	1.33941			6
2025.12.12	00:57:19.312	1.33908	1.33942			6
2025.12.12	00:57:21.170		1.33941			4
2025.12.12	00:57:21.481		1.33942			4
2025.12.12	00:57:23.648		1.33941			4
2025.12.12	00:57:24.254		1.33942			4
2025.12.12	00:57:24.570		1.33943			4
2025.12.12	00:57:24.877		1.33944			4
2025.12.12	00:57:25.179		1.33943			4
2025.12.12	00:57:25.480		1.33941			4
2025.12.12	00:57:25.788		1.33940			4
2025.12.12	00:57:26.095		1.33941			4
2025.12.12	00:57:26.406		1.33942			4
2025.12.12	00:57:28.265		1.33943			4
2025.12.12	00:57:30.113	1.33907	1.33942			6
2025.12.12	00:57:30.733		1.33941			4
2025.12.12	00:57:31.043		1.33944			4
2025.12.12	00:57:31.970		1.33943			4
2025.12.12	00:57:32.594	1.33908	1.33942			6
2025.12.12	00:57:33.206	1.33907	1.33944			6
2025.12.12	00:57:33.515		1.33942			4
2025.12.12	00:57:33.829		1.33943			4
2025.12.12	00:57:34.137		1.33941			4
2025.12.12	00:57:35.983		1.33943			4
2025.12.12	00:57:36.297		1.33944			4
2025.12.12	00:57:37.221		1.33942			4
2025.12.12	00:57:38.150		1.33941			4
2025.12.12	00:57:40.312		1.33940			4
2025.12.12	00:57:40.622		1.33941			4
2025.12.12	00:57:40.929		1.33940			4
2025.12.12	00:57:44.314		1.33941			4
2025.12.12	00:57:45.855	1.33906				2
2025.12.12	00:57:47.088		1.33940			4
2025.12.12	00:57:47.701		1.33939			4
2025.12.12	00:57:49.553		1.33934			4
2025.12.12	00:57:50.784	1.33907				2
2025.12.12	00:57:51.095		1.33936			4
2025.12.12	00:57:52.020		1.33934			4
2025.12.12	00:57:54.482		1.33941			4
2025.12.12	00:57:54.791	1.33905				2
2025.12.12	00:57:56.642		1.33939			4
2025.12.12	00:57:57.257	1.33906				2
2025.12.12	00:57:57.563		1.33940			4
2025.12.12	00:58:00.030	1.33906				2
2025.12.12	00:58:00.339	1.33905	1.33941			6
2025.12.12	00:58:03.110	1.33906				2
2025.12.12	00:58:03.417		1.33942			4
2025.12.12	00:58:06.194	1.33905	1.33940			6
2025.12.12	00:58:07.121		1.33939			4
2025.12.12	00:58:07.428		1.33940			4
2025.12.12	00:58:08.355		1.33939			4
2025.12.12	00:58:09.280		1.33938			4
2025.12.12	00:58:09.588	1.33904	1.33941			6
2025.12.12	00:58:10.512		1.33938			4
2025.12.12	00:58:11.438		1.33941			4
2025.12.12	00:58:11.748		1.33939			4
2025.12.12	00:58:16.374		1.33937			4
2025.12.12	00:58:16.681		1.33939			4
2025.12.12	00:58:18.842		1.33936			4
2025.12.12	00:58:21.004		1.33939			4
2025.12.12	00:58:22.249		1.33938			4
2025.12.12	00:58:22.560		1.33939			4
2025.12.12	00:58:22.866		1.33940			4
2025.12.12	00:58:23.175		1.33938			4
2025.12.12	00:58:24.411		1.33937			4
2025.12.12	00:58:24.719		1.33935			4
2025.12.12	00:58:26.573		1.33937			4
2025.12.12	00:58:26.880		1.33935			4
2025.12.12	00:58:27.491		1.33934			4
2025.12.12	00:58:28.106	1.33905				2
2025.12.12	00:58:28.416		1.33935			4
2025.12.12	00:58:28.724	1.33904				2
2025.12.12	00:58:29.348	1.33905				2
2025.12.12	00:58:29.652	1.33906				2
2025.12.12	00:58:29.964		1.33934			4
2025.12.12	00:58:31.504	1.33907				2
2025.12.12	00:58:31.810	1.33905	1.33936			6
2025.12.12	00:58:32.734	1.33907	1.33938			6
2025.12.12	00:58:33.040		1.33940			4
2025.12.12	00:58:33.660		1.33939			4
2025.12.12	00:58:33.966		1.33937			4
2025.12.12	00:58:34.279		1.33936			4
2025.12.12	00:58:37.056	1.33906	1.33938			6
2025.12.12	00:58:37.360		1.33936			4
2025.12.12	00:58:37.972		1.33935			4
2025.12.12	00:58:38.281		1.33939			4
2025.12.12	00:58:39.206		1.33936			4
2025.12.12	00:58:39.517		1.33937			4
2025.12.12	00:58:39.825	1.33905	1.33936			6
2025.12.12	00:58:41.983	1.33906	1.33934			6
2025.12.12	00:58:42.906	1.33905	1.33937			6
2025.12.12	00:58:43.215	1.33906				2
2025.12.12	00:58:43.523		1.33936			4
2025.12.12	00:58:43.840		1.33935			4
2025.12.12	00:58:44.762		1.33936			4
2025.12.12	00:58:45.377		1.33934			4
2025.12.12	00:58:45.997	1.33905				2
2025.12.12	00:58:47.543	1.33906				2
2025.12.12	00:58:49.082	1.33907	1.33936			6
2025.12.12	00:58:49.396	1.33905				2
2025.12.12	00:58:51.859		1.33937			4
2025.12.12	00:58:54.019		1.33936			4
2025.12.12	00:58:54.333		1.33935			4
2025.12.12	00:58:54.636		1.33937			4
2025.12.12	00:58:55.261		1.33934			4
2025.12.12	00:58:58.036		1.33936			4
2025.12.12	00:58:58.962		1.33937			4
2025.12.12	00:59:00.197	1.33906				2
2025.12.12	00:59:01.122	1.33905	1.33936			6
2025.12.12	00:59:04.210	1.33904	1.33934			6
2025.12.12	00:59:05.752		1.33935			4
2025.12.12	00:59:06.064		1.33933			4
2025.12.12	00:59:11.005		1.33934			4
2025.12.12	00:59:11.937		1.33936			4
2025.12.12	00:59:12.238	1.33903	1.33933			6
2025.12.12	00:59:14.408	1.33904	1.33935			6
2025.12.12	00:59:19.034		1.33934			4
2025.12.12	00:59:19.345		1.33936			4
2025.12.12	00:59:20.269		1.33934			4
2025.12.12	00:59:21.190		1.33935			4
2025.12.12	00:59:21.496		1.33936			4
2025.12.12	00:59:21.802		1.33933			4
2025.12.12	00:59:22.109	1.33903	1.33935			6
2025.12.12	00:59:23.039		1.33933			4
2025.12.12	00:59:24.579	1.33904	1.33935			6
2025.12.12	00:59:25.804	1.33903				2
2025.12.12	00:59:26.739	1.33904				2
2025.12.12	00:59:27.049	1.33903	1.33933			6
2025.12.12	00:59:27.352		1.33936			4
2025.12.12	00:59:27.671		1.33933			4
2025.12.12	00:59:29.212	1.33904	1.33934			6
2025.12.12	00:59:29.521	1.33903	1.33933			6
2025.12.12	00:59:29.828	1.33904				2
2025.12.12	00:59:30.134	1.33903	1.33932			6
2025.12.12	00:59:30.752	1.33902				2
2025.12.12	00:59:31.059	1.33903				2
2025.12.12	00:59:31.677	1.33902				2
2025.12.12	00:59:31.979	1.33903				2
2025.12.12	00:59:32.282		1.33934			4
2025.12.12	00:59:32.584	1.33902				2
2025.12.12	00:59:32.890		1.33933			4
2025.12.12	00:59:35.973		1.33935			4
2025.12.12	00:59:36.281		1.33932			4
2025.12.12	00:59:36.593	1.33901				2
2025.12.12	00:59:38.141	1.33902	1.33933			6
2025.12.12	00:59:38.752		1.33934			4
2025.12.12	00:59:39.371		1.33933			4
2025.12.12	00:59:40.596	1.33901				2
2025.12.12	00:59:42.751		1.33932			4
2025.12.12	00:59:49.234		1.33933			4
2025.12.12	00:59:53.247	1.33900				2
2025.12.12	00:59:53.552		1.33932			4
2025.12.12	00:59:54.174	1.33901	1.33933			6
2025.12.12	00:59:54.479		1.33932			4
2025.12.12	00:59:54.785		1.33933			4
2025.12.12	00:59:57.261		1.33934			4
2025.12.12	00:59:58.185		1.33933			4
2025.12.12	01:00:00.039	1.33902	1.33932			6
2025.12.12	01:00:00.344	1.33913	1.33919			6
2025.12.12	01:00:00.976	1.33901	1.33939			6
2025.12.12	01:00:01.279	1.33899	1.33937			6
2025.12.12	01:00:01.581		1.33935			4
2025.12.12	01:00:01.884	1.33908	1.33920			6
2025.12.12	01:00:02.185	1.33899	1.33951			6
2025.12.12	01:00:02.493	1.33901	1.33953			6
2025.12.12	01:00:02.794		1.33951			4
2025.12.12	01:00:03.103	1.33900				2
2025.12.12	01:00:03.408	1.33892	1.33968			6
2025.12.12	01:00:03.723	1.33893	1.33971			6
2025.12.12	01:00:04.029	1.33892	1.33968			6
2025.12.12	01:00:04.335		1.33970			4
2025.12.12	01:00:04.979	1.33891				2
2025.12.12	01:00:05.292		1.33971			4
2025.12.12	01:00:05.613	1.33893	1.33969			6
2025.12.12	01:00:05.919	1.33890	1.33972			6
2025.12.12	01:00:06.237	1.33891	1.33971			6
2025.12.12	01:00:06.541	1.33892	1.33969			6
2025.12.12	01:00:07.158	1.33898	1.33943			6
2025.12.12	01:00:07.465	1.33907	1.33948			6
2025.12.12	01:00:07.768	1.33901	1.33950			6
2025.12.12	01:00:08.083	1.33908	1.33946			6
2025.12.12	01:00:08.395		1.33943			4
2025.12.12	01:00:08.699	1.33902	1.33952			6
2025.12.12	01:00:09.008	1.33899	1.33937			6
2025.12.12	01:00:09.310	1.33900	1.33934			6
2025.12.12	01:00:09.631	1.33899	1.33936			6
2025.12.12	01:00:11.174	1.33900				2
2025.12.12	01:00:12.734		1.33935			4
2025.12.12	01:00:18.593	1.33901	1.33945			6
2025.12.12	01:00:19.831		1.33934			4
2025.12.12	01:00:20.135	1.33900				2
2025.12.12	01:00:20.443	1.33914	1.33920			6
2025.12.12	01:00:51.697	1.33913	1.33919			6
2025.12.12	01:01:00.018	1.33913				2
2025.12.12	01:01:00.322	1.33916	1.33917			6
2025.12.12	01:01:00.628	1.33917	1.33918			6
2025.12.12	01:01:00.931	1.33925	1.33926			6
2025.12.12	01:01:01.845	1.33926	1.33927			6
2025.12.12	01:01:07.385	1.33928	1.33929			6
2025.12.12	01:01:17.238	1.33926	1.33927			6
2025.12.12	01:01:43.345	1.33920	1.33921			6
2025.12.12	01:01:43.652	1.33917	1.33918			6
2025.12.12	01:01:45.807	1.33916	1.33917			6
2025.12.12	01:01:50.547	1.33915	1.33916			6
2025.12.12	01:01:51.153	1.33916	1.33917			6
2025.12.12	01:01:53.589	1.33915	1.33916			6
2025.12.12	01:02:00.015	1.33915				2
2025.12.12	01:02:01.850	1.33916	1.33917			6
2025.12.12	01:02:08.288	1.33915	1.33916			6
2025.12.12	01:02:15.989	1.33914	1.33915			6
2025.12.12	01:02:16.296	1.33915	1.33916			6
2025.12.12	01:02:16.911	1.33916	1.33917			6
2025.12.12	01:02:17.526	1.33914	1.33915			6
2025.12.12	01:02:18.755	1.33915	1.33916			6
2025.12.12	01:02:20.907	1.33914	1.33915			6
2025.12.12	01:02:26.431	1.33913	1.33914			6
2025.12.12	01:02:31.342	1.33914	1.33915			6
2025.12.12	01:02:31.948	1.33913	1.33914			6
2025.12.12	01:02:36.242	1.33914	1.33915			6
2025.12.12	01:02:37.163	1.33915	1.33916			6
2025.12.12	01:02:45.744	1.33914	1.33915			6
2025.12.12	01:02:46.660	1.33915	1.33916			6
2025.12.12	01:02:48.500	1.33914	1.33915			6
2025.12.12	01:03:00.158	1.33914				2
2025.12.12	01:03:17.983	1.33915	1.33916			6
2025.12.12	01:03:29.059	1.33914	1.33915			6
2025.12.12	01:03:31.208	1.33915	1.33916			6
2025.12.12	01:03:33.672	1.33916	1.33917			6
2025.12.12	01:04:00.048	1.33916				2
2025.12.12	01:04:03.419	1.33917	1.33918			6
2025.12.12	01:04:04.944	1.33916	1.33917			6
2025.12.12	01:04:14.764	1.33915	1.33916			6
2025.12.12	01:04:24.284	1.33916	1.33917			6
2025.12.12	01:04:26.142	1.33914	1.33915			6
2025.12.12	01:04:35.960	1.33915	1.33916			6
2025.12.12	01:04:37.187	1.33916	1.33917			6
2025.12.12	01:04:37.490	1.33914	1.33915			6
2025.12.12	01:04:38.102	1.33916	1.33917			6
2025.12.12	01:04:38.411	1.33914	1.33915			6
2025.12.12	01:04:43.334	1.33917	1.33918			6
2025.12.12	01:04:48.240	1.33918	1.33919			6
2025.12.12	01:04:51.306	1.33916	1.33917			6
2025.12.12	01:04:52.228	1.33918	1.33919			6
2025.12.12	01:04:53.464	1.33917	1.33918			6
2025.12.12	01:05:00.230	1.33920	1.33921			6
2025.12.12	01:05:00.536	1.33918	1.33919			6
2025.12.12	01:05:07.276	1.33917	1.33918			6
2025.12.12	01:05:17.706	1.33918	1.33919			6
2025.12.12	01:05:23.547	1.33919	1.33920			6
2025.12.12	01:05:24.461	1.33918	1.33919			6
2025.12.12	01:05:33.363	1.33917	1.33918			6
2025.12.12	01:05:40.112	1.33908	1.33909			6
2025.12.12	01:05:40.417	1.33909	1.33910			6
2025.12.12	01:05:42.245	1.33907	1.33908			6
2025.12.12	01:05:42.546	1.33909	1.33910			6
2025.12.12	01:05:43.775	1.33908	1.33909			6
2025.12.12	01:05:45.931	1.33915	1.33916			6
2025.12.12	01:05:46.237	1.33917	1.33918			6
2025.12.12	01:05:48.988	1.33916	1.33917			6
2025.12.12	01:05:50.527	1.33918	1.33919			6
2025.12.12	01:05:51.441	1.33917	1.33918			6
2025.12.12	01:05:51.756	1.33918	1.33919			6
2025.12.12	01:05:53.289	1.33917	1.33918			6
2025.12.12	01:05:53.597	1.33918	1.33919			6
2025.12.12	01:05:57.574	1.33917	1.33918			6
2025.12.12	01:05:58.499	1.33918	1.33919			6
2025.12.12	01:06:00.042	1.33918				2
2025.12.12	01:06:00.968	1.33917	1.33918			6
2025.12.12	01:06:01.886	1.33918	1.33919			6
2025.12.12	01:06:03.415	1.33920	1.33921			6
2025.12.12	01:06:04.330	1.33919	1.33920			6
2025.12.12	01:06:07.377	1.33920	1.33921			6
2025.12.12	01:06:15.078	1.33919	1.33920			6
2025.12.12	01:06:15.384	1.33920	1.33921			6
2025.12.12	01:06:18.161	1.33919	1.33920			6
2025.12.12	01:06:18.472	1.33920	1.33921			6
2025.12.12	01:06:25.841	1.33919	1.33920			6
2025.12.12	01:06:27.075	1.33920	1.33921			6
2025.12.12	01:06:27.385	1.33919	1.33920			6
2025.12.12	01:06:28.309	1.33920	1.33921			6
2025.12.12	01:06:34.439	1.33919	1.33920			6
2025.12.12	01:06:39.642	1.33920	1.33921			6
2025.12.12	01:06:43.648	1.33919	1.33920			6
2025.12.12	01:06:43.956	1.33920	1.33921			6
2025.12.12	01:06:48.298	1.33919	1.33920			6
2025.12.12	01:06:48.912	1.33920	1.33921			6
2025.12.12	01:06:51.987	1.33919	1.33920			6
2025.12.12	01:06:52.909	1.33920	1.33921			6
2025.12.12	01:06:53.216	1.33919	1.33920			6
2025.12.12	01:06:54.139	1.33920	1.33921			6
2025.12.12	01:06:56.899	1.33919	1.33920			6
2025.12.12	01:06:57.518	1.33920	1.33921			6
2025.12.12	01:06:59.058	1.33919	1.33920			6
2025.12.12	01:06:59.678	1.33920	1.33921			6
2025.12.12	01:07:00.290	1.33920				2
2025.12.12	01:07:06.127	1.33919	1.33920			6
2025.12.12	01:07:06.436	1.33920	1.33921			6
2025.12.12	01:07:11.961	1.33919	1.33920			6
2025.12.12	01:07:12.883	1.33920	1.33921			6
2025.12.12	01:07:24.274	1.33919	1.33920			6
2025.12.12	01:07:25.209	1.33920	1.33921			6
2025.12.12	01:07:34.982	1.33919	1.33920			6
2025.12.12	01:07:35.284	1.33920	1.33921			6
2025.12.12	01:07:36.807	1.33919	1.33920			6
2025.12.12	01:07:37.114	1.33920	1.33921			6
2025.12.12	01:07:39.260	1.33919	1.33920			6
2025.12.12	01:07:39.878	1.33920	1.33921			6
2025.12.12	01:07:42.326	1.33919	1.33920			6
2025.12.12	01:07:42.631	1.33920	1.33921			6
2025.12.12	01:07:44.780	1.33919	1.33920			6
2025.12.12	01:07:45.089	1.33920	1.33921			6
2025.12.12	01:07:46.626	1.33919	1.33920			6
2025.12.12	01:07:46.930	1.33920	1.33921			6
2025.12.12	01:07:50.341	1.33919	1.33920			6
2025.12.12	01:07:51.255	1.33920	1.33921			6
2025.12.12	01:07:56.777	1.33919	1.33920			6
2025.12.12	01:07:57.081	1.33920	1.33921			6
2025.12.12	01:07:58.923	1.33919	1.33920			6
2025.12.12	01:08:00.143	1.33919				2
2025.12.12	01:08:00.448	1.33920	1.33921			6
2025.12.12	01:08:01.987	1.33919	1.33920			6
2025.12.12	01:08:02.289	1.33920	1.33921			6
2025.12.12	01:08:33.562	1.33919	1.33920			6
2025.12.12	01:08:34.483	1.33920	1.33921			6
2025.12.12	01:08:51.039	1.33919	1.33920			6
2025.12.12	01:08:51.655	1.33920	1.33921			6
2025.12.12	01:08:51.965	1.33919	1.33920			6
2025.12.12	01:08:53.800	1.33920	1.33921			6
2025.12.12	01:08:54.112	1.33919	1.33920			6
2025.12.12	01:08:56.862	1.33920	1.33921			6
2025.12.12	01:08:57.170	1.33919	1.33920			6
2025.12.12	01:08:57.784	1.33920	1.33921			6
2025.12.12	01:08:58.095	1.33919	1.33920			6
2025.12.12	01:08:59.624	1.33920	1.33921			6
2025.12.12	01:08:59.933	1.33919	1.33920			6
2025.12.12	01:09:00.241	1.33919				2
2025.12.12	01:09:01.797	1.33920	1.33921			6
2025.12.12	01:09:06.083	1.33919	1.33920			6
2025.12.12	01:09:06.389	1.33920	1.33921			6
2025.12.12	01:09:13.140	1.33919	1.33920			6
2025.12.12	01:09:17.450	1.33920	1.33921			6
2025.12.12	01:09:33.974	1.33919	1.33920			6
2025.12.12	01:09:35.828	1.33920	1.33921			6
2025.12.12	01:09:36.141	1.33919	1.33920			6
2025.12.12	01:09:37.366	1.33920	1.33921			6
2025.12.12	01:09:38.584	1.33919	1.33920			6
2025.12.12	01:09:42.258	1.33920	1.33921			6
2025.12.12	01:10:00.007	1.33920				2
2025.12.12	01:10:00.312	1.33919	1.33920			6
2025.12.12	01:10:00.614	1.33920	1.33921			6
2025.12.12	01:10:44.494	1.33926	1.33927			6
2025.12.12	01:10:44.797	1.33927	1.33928			6
2025.12.12	01:10:45.724	1.33926	1.33927			6
2025.12.12	01:10:50.942	1.33927	1.33928			6
2025.12.12	01:10:56.164	1.33926	1.33927			6
2025.12.12	01:10:58.919	1.33927	1.33928			6
2025.12.12	01:10:59.526	1.33928	1.33929			6
2025.12.12	01:10:59.832	1.33927	1.33928			6
2025.12.12	01:11:00.138	1.33927				2
2025.12.12	01:11:10.840	1.33926	1.33927			6
2025.12.12	01:11:13.594	1.33927	1.33928			6
2025.12.12	01:11:25.887	1.33928	1.33929			6
2025.12.12	01:11:27.724	1.33927	1.33928			6
2025.12.12	01:11:28.038	1.33929	1.33930			6
2025.12.12	01:11:34.155	1.33930	1.33931			6
2025.12.12	01:11:51.622	1.33929	1.33930			6
2025.12.12	01:11:56.519	1.33930	1.33931			6
2025.12.12	01:11:57.741	1.33929	1.33930			6
2025.12.12	01:12:00.188	1.33929				2
2025.12.12	01:12:14.906	1.33928	1.33929			6
2025.12.12	01:12:18.592	1.33924	1.33925			6
2025.12.12	01:12:18.898	1.33920	1.33921			6
2025.12.12	01:12:19.205	1.33919	1.33920			6
2025.12.12	01:12:21.950	1.33920	1.33921			6
2025.12.12	01:12:22.862	1.33919	1.33920			6
2025.12.12	01:12:58.777	1.33912	1.33913			6
2025.12.12	01:12:59.087	1.33911	1.33912			6
2025.12.12	01:13:00.010	1.33911				2
2025.12.12	01:13:16.541	1.33912	1.33913			6
2025.12.12	01:13:16.851	1.33911	1.33912			6
2025.12.12	01:13:17.160	1.33912	1.33913			6
2025.12.12	01:13:18.615	1.33911	1.33912			6
2025.12.12	01:13:22.034	1.33910	1.33911			6
2025.12.12	01:13:24.368	1.33909	1.33910			6
2025.12.12	01:13:25.344	1.33910	1.33911			6
2025.12.12	01:13:27.533	1.33909	1.33910			6
2025.12.12	01:13:27.837	1.33910	1.33911			6
2025.12.12	01:13:29.064	1.33908	1.33909			6
2025.12.12	01:13:32.427	1.33909	1.33910			6
2025.12.12	01:13:39.481	1.33910	1.33911			6
2025.12.12	01:13:42.215	1.33909	1.33910			6
2025.12.12	01:13:42.522	1.33908	1.33909			6
2025.12.12	01:13:45.887	1.33907	1.33908			6
2025.12.12	01:14:00.285	1.33910	1.33911			6
2025.12.12	01:14:13.793	1.33909	1.33910			6
2025.12.12	01:14:15.333	1.33910	1.33911			6
2025.12.12	01:14:26.705	1.33909	1.33910			6
2025.12.12	01:14:27.319	1.33908	1.33909			6
2025.12.12	01:14:34.988	1.33907	1.33908			6
2025.12.12	01:14:35.913	1.33908	1.33909			6
2025.12.12	01:14:38.370	1.33909	1.33910			6
2025.12.12	01:14:41.428	1.33908	1.33909			6
2025.12.12	01:14:41.735	1.33909	1.33910			6
2025.12.12	01:14:42.648	1.33908	1.33909			6
2025.12.12	01:14:45.107	1.33910	1.33911			6
2025.12.12	01:14:45.724	1.33909	1.33910			6
2025.12.12	01:14:51.237	1.33910	1.33911			6
2025.12.12	01:14:57.080	1.33909	1.33910			6
2025.12.12	01:15:00.162	1.33909				2
2025.12.12	01:15:03.225	1.33908	1.33909			6
2025.12.12	01:15:04.459	1.33909	1.33910			6
2025.12.12	01:15:28.691	1.33903	1.33904			6
2025.12.12	01:15:28.998	1.33902	1.33903			6
2025.12.12	01:15:33.594	1.33901	1.33902			6
2025.12.12	01:15:34.508	1.33902	1.33903			6
2025.12.12	01:15:44.932	1.33901	1.33902			6
2025.12.12	01:15:48.714	1.33902	1.33903			6
2025.12.12	01:16:00.051	1.33902				2
2025.12.12	01:16:05.274	1.33901	1.33902			6
2025.12.12	01:16:08.662	1.33902	1.33903			6
2025.12.12	01:17:00.199	1.33902				2
2025.12.12	01:17:08.801		1.33903			4
2025.12.12	01:17:15.230	1.33901	1.33902			6
2025.12.12	01:17:17.057	1.33902	1.33903			6
2025.12.12	01:17:19.215	1.33901	1.33902			6
2025.12.12	01:17:22.896	1.33902	1.33903			6
2025.12.12	01:17:32.740	1.33900	1.33901			6
2025.12.12	01:18:00.014	1.33900				2
2025.12.12	01:18:23.070	1.33901	1.33902			6
2025.12.12	01:18:23.375	1.33900	1.33901			6
2025.12.12	01:18:24.909	1.33901	1.33902			6
2025.12.12	01:18:48.522	1.33900	1.33901			6
2025.12.12	01:18:50.043	1.33901	1.33902			6
2025.12.12	01:18:51.567	1.33900	1.33901			6
2025.12.12	01:18:53.713	1.33901	1.33902			6
2025.12.12	01:19:00.166	1.33901				2
2025.12.12	01:19:07.543	1.33905	1.33906			6
2025.12.12	01:19:08.153	1.33906	1.33907			6
2025.12.12	01:19:20.720	1.33907	1.33908			6
2025.12.12	01:19:25.943	1.33908	1.33909			6
2025.12.12	01:19:26.252	1.33909	1.33910			6
2025.12.12	01:19:31.481	1.33908	1.33909			6
2025.12.12	01:19:32.088	1.33907	1.33908			6
2025.12.12	01:19:32.392	1.33908	1.33909			6
2025.12.12	01:19:36.081	1.33907	1.33908			6
2025.12.12	01:19:42.499	1.33908	1.33909			6
2025.12.12	01:19:42.812	1.33907	1.33908			6
2025.12.12	01:19:44.032	1.33908	1.33909			6
2025.12.12	01:19:46.767	1.33907	1.33908			6
2025.12.12	01:19:59.036	1.33908	1.33909			6
2025.12.12	01:19:59.954	1.33907	1.33908			6
2025.12.12	01:20:00.259	1.33909	1.33910			6
2025.12.12	01:20:00.881	1.33908	1.33909			6
2025.12.12	01:20:13.746	1.33909	1.33910			6
2025.12.12	01:20:16.197	1.33908	1.33909			6
2025.12.12	01:20:25.737	1.33907	1.33908			6
2025.12.12	01:20:29.112	1.33906	1.33907			6
2025.12.12	01:20:29.415	1.33907	1.33908			6
2025.12.12	01:20:46.001	1.33906	1.33907			6
2025.12.12	01:20:49.356	1.33907	1.33908			6
2025.12.12	01:20:53.341	1.33908	1.33909			6
2025.12.12	01:21:00.082	1.33908				2
2025.12.12	01:21:02.550	1.33909	1.33910			6
2025.12.12	01:21:02.856	1.33910	1.33911			6
2025.12.12	01:21:07.774	1.33909	1.33910			6
2025.12.12	01:21:45.208	1.33910	1.33911			6
2025.12.12	01:21:45.512	1.33909	1.33910			6
2025.12.12	01:21:52.574	1.33910	1.33911			6
2025.12.12	01:21:57.163	1.33909	1.33910			6
2025.12.12	01:22:00.255	1.33909				2
2025.12.12	01:22:05.157	1.33910	1.33911			6
2025.12.12	01:22:21.076	1.33911	1.33912			6
2025.12.12	01:22:40.680	1.33910	1.33911			6
2025.12.12	01:22:43.117	1.33911	1.33912			6
2025.12.12	01:22:45.573	1.33910	1.33911			6
2025.12.12	01:22:46.189	1.33911	1.33912			6
2025.12.12	01:22:57.531	1.33908	1.33909			6
2025.12.12	01:23:00.305	1.33908				2
2025.12.12	01:23:15.015	1.33907	1.33908			6
2025.12.12	01:23:33.373	1.33906	1.33907			6
2025.12.12	01:23:52.691	1.33904	1.33905			6
2025.12.12	01:23:52.995	1.33903	1.33904			6
2025.12.12	01:23:54.529	1.33902	1.33903			6
2025.12.12	01:23:55.450	1.33904	1.33905			6
2025.12.12	01:23:57.903	1.33903	1.33904			6
2025.12.12	01:23:59.740	1.33904	1.33905			6
2025.12.12	01:24:00.042	1.33904				2
2025.12.12	01:24:02.180	1.33903	1.33904			6
2025.12.12	01:24:03.097	1.33904	1.33905			6
2025.12.12	01:24:04.936	1.33903	1.33904			6
2025.12.12	01:24:08.912	1.33904	1.33905			6
2025.12.12	01:24:09.223	1.33903	1.33904			6
2025.12.12	01:24:17.797	1.33904	1.33905			6
2025.12.12	01:24:19.328	1.33905	1.33906			6
2025.12.12	01:24:19.637	1.33904	1.33905			6
2025.12.12	01:24:21.166	1.33905	1.33906			6
2025.12.12	01:24:22.393	1.33904	1.33905			6
2025.12.12	01:24:22.700	1.33903	1.33904			6
2025.12.12	01:24:25.465	1.33902	1.33903			6
2025.12.12	01:24:26.080	1.33903	1.33904			6
2025.12.12	01:24:26.390	1.33904	1.33905			6
2025.12.12	01:24:29.151	1.33905	1.33906			6
2025.12.12	01:24:29.457	1.33906	1.33907			6
2025.12.12	01:24:30.081	1.33904	1.33905			6
2025.12.12	01:24:30.384	1.33905	1.33906			6
2025.12.12	01:24:30.687	1.33906	1.33907			6
2025.12.12	01:24:30.995	1.33907	1.33908			6
2025.12.12	01:24:40.200	1.33906	1.33907			6
2025.12.12	01:24:40.508	1.33907	1.33908			6
2025.12.12	01:24:45.110	1.33908	1.33909			6
2025.12.12	01:24:45.414	1.33907	1.33908			6
2025.12.12	01:24:47.558	1.33904	1.33905			6
2025.12.12	01:24:47.863	1.33905	1.33906			6
2025.12.12	01:24:48.477	1.33904	1.33905			6
2025.12.12	01:25:00.144	1.33904				2
2025.12.12	01:25:09.637	1.33903	1.33904			6
2025.12.12	01:25:14.546	1.33902	1.33903			6
2025.12.12	01:25:16.395	1.33903	1.33904			6
2025.12.12	01:25:31.095	1.33905	1.33906			6
2025.12.12	01:25:31.398	1.33907	1.33908			6
2025.12.12	01:25:31.707	1.33906	1.33907			6
2025.12.12	01:25:39.070	1.33907	1.33908			6
2025.12.12	01:25:40.907	1.33906	1.33907			6
2025.12.12	01:26:00.225	1.33906				2
2025.12.12	01:26:08.495	1.33905	1.33906			6
2025.12.12	01:26:13.089	1.33906	1.33907			6
2025.12.12	01:26:13.395	1.33907	1.33908			6
2025.12.12	01:26:18.289	1.33904	1.33905			6
2025.12.12	01:26:21.058	1.33903	1.33904			6
2025.12.12	01:26:21.360	1.33902	1.33903			6
2025.12.12	01:26:21.671	1.33903	1.33904			6
2025.12.12	01:26:22.597	1.33904	1.33905			6
2025.12.12	01:26:23.815	1.33902	1.33903			6
2025.12.12	01:26:25.047	1.33903	1.33904			6
2025.12.12	01:26:29.026	1.33902	1.33903			6
2025.12.12	01:26:29.940	1.33903	1.33904			6
2025.12.12	01:26:31.175	1.33902	1.33903			6
2025.12.12	01:26:32.389	1.33903	1.33904			6
2025.12.12	01:26:33.920	1.33902	1.33903			6
2025.12.12	01:26:36.078	1.33901	1.33902			6
2025.12.12	01:26:37.301	1.33902	1.33903			6
2025.12.12	01:27:00.268	1.33902				2
2025.12.12	01:27:15.297	1.33903	1.33904			6
2025.12.12	01:27:16.835	1.33901	1.33902			6
2025.12.12	01:27:18.060	1.33902	1.33903			6
2025.12.12	01:27:27.556	1.33901	1.33902			6
2025.12.12	01:27:27.863	1.33902	1.33903			6
2025.12.12	01:27:31.851	1.33901	1.33902			6
2025.12.12	01:27:42.573	1.33902	1.33903			6
2025.12.12	01:27:53.913	1.33901	1.33902			6
2025.12.12	01:28:00.034	1.33901				2
2025.12.12	01:28:01.246	1.33903	1.33904			6
2025.12.12	01:28:06.164	1.33902	1.33903			6
2025.12.12	01:28:09.235	1.33903	1.33904			6
2025.12.12	01:28:09.537	1.33902	1.33903			6
2025.12.12	01:28:10.155	1.33903	1.33904			6
2025.12.12	01:28:11.687	1.33904	1.33905			6
2025.12.12	01:28:12.937	1.33905	1.33906			6
2025.12.12	01:28:14.168	1.33906	1.33907			6
2025.12.12	01:28:17.844	1.33905	1.33906			6
2025.12.12	01:28:18.768	1.33907	1.33908			6
2025.12.12	01:28:19.373	1.33908	1.33909			6
2025.12.12	01:28:19.676	1.33907	1.33908			6
2025.12.12	01:28:21.215	1.33908	1.33909			6
2025.12.12	01:28:22.139	1.33909	1.33910			6
2025.12.12	01:28:26.430	1.33908	1.33909			6
2025.12.12	01:29:00.166	1.33908				2
2025.12.12	01:29:01.994	1.33909	1.33910			6
2025.12.12	01:29:02.599	1.33908	1.33909			6
2025.12.12	01:29:03.214	1.33909	1.33910			6
2025.12.12	01:29:03.515	1.33908	1.33909			6
2025.12.12	01:29:13.027	1.33907	1.33908			6
2025.12.12	01:29:13.640	1.33908	1.33909			6
2025.12.12	01:29:14.253	1.33907	1.33908			6
2025.12.12	01:29:14.556	1.33908	1.33909			6
2025.12.12	01:29:17.604	1.33907	1.33908			6
2025.12.12	01:29:18.525	1.33908	1.33909			6
2025.12.12	01:29:19.441	1.33907	1.33908			6
2025.12.12	01:29:20.057	1.33908	1.33909			6
2025.12.12	01:29:24.346	1.33907	1.33908			6
2025.12.12	01:29:41.797	1.33908	1.33909			6
2025.12.12	01:29:43.631	1.33907	1.33908			6
2025.12.12	01:29:46.713	1.33908	1.33909			6
2025.12.12	01:29:47.016	1.33907	1.33908			6
2025.12.12	01:29:47.937	1.33908	1.33909			6
2025.12.12	01:29:48.859	1.33907	1.33908			6
2025.12.12	01:29:49.784	1.33908	1.33909			6
2025.12.12	01:29:50.393	1.33907	1.33908			6
2025.12.12	01:29:51.617	1.33908	1.33909			6
2025.12.12	01:29:54.387	1.33907	1.33908			6
2025.12.12	01:29:56.856	1.33908	1.33909			6
2025.12.12	01:29:57.464	1.33907	1.33908			6
2025.12.12	01:29:59.625	1.33908	1.33909			6
2025.12.12	01:30:00.244	1.33907	1.33908			6
2025.12.12	01:30:01.461	1.33908	1.33909			6
2025.12.12	01:30:01.768	1.33907	1.33908			6
2025.12.12	01:30:02.683	1.33908	1.33909			6
2025.12.12	01:30:05.138	1.33909	1.33910			6
2025.12.12	01:30:06.052	1.33908	1.33909			6
2025.12.12	01:30:06.674	1.33909	1.33910			6
2025.12.12	01:30:07.281	1.33901	1.33902			6
2025.12.12	01:30:07.583	1.33902	1.33903			6
2025.12.12	01:30:08.496	1.33903	1.33904			6
2025.12.12	01:30:10.036	1.33902	1.33903			6
2025.12.12	01:30:10.951	1.33903	1.33904			6
2025.12.12	01:30:21.664	1.33902	1.33903			6
2025.12.12	01:30:22.886	1.33903	1.33904			6
2025.12.12	01:30:27.190	1.33902	1.33903			6
2025.12.12	01:30:32.401	1.33905	1.33906			6
2025.12.12	01:30:33.014	1.33906	1.33907			6
2025.12.12	01:30:33.626	1.33907	1.33908			6
2025.12.12	01:30:34.230	1.33906	1.33907			6
2025.12.12	01:30:37.296	1.33905	1.33906			6
2025.12.12	01:31:00.013	1.33905				2
2025.12.12	01:31:11.311	1.33903	1.33904			6
2025.12.12	01:31:11.616	1.33902	1.33903			6
2025.12.12	01:31:13.461	1.33901	1.33902			6
2025.12.12	01:31:13.771	1.33902	1.33903			6
2025.12.12	01:31:19.001	1.33901	1.33902			6
2025.12.12	01:31:21.777	1.33902	1.33903			6
2025.12.12	01:31:25.146	1.33900	1.33901			6
2025.12.12	01:31:28.240	1.33899	1.33900			6
2025.12.12	01:31:30.082	1.33898	1.33899			6
2025.12.12	01:31:31.001	1.33900	1.33901			6
2025.12.12	01:31:31.611	1.33901	1.33902			6
2025.12.12	01:31:32.227	1.33900	1.33901			6
2025.12.12	01:31:33.142	1.33901	1.33902			6
2025.12.12	01:31:35.881	1.33900	1.33901			6
2025.12.12	01:31:37.102	1.33899	1.33900			6
2025.12.12	01:31:42.944	1.33900	1.33901			6
2025.12.12	01:31:47.232	1.33899	1.33900			6
2025.12.12	01:31:47.851	1.33900	1.33901			6
2025.12.12	01:31:51.805	1.33901	1.33902			6
2025.12.12	01:32:00.055	1.33901				2
2025.12.12	01:32:04.654	1.33900	1.33901			6
2025.12.12	01:32:05.881	1.33901	1.33902			6
2025.12.12	01:32:06.190	1.33900	1.33901			6
2025.12.12	01:32:07.106	1.33901	1.33902			6
2025.12.12	01:32:13.537	1.33900	1.33901			6
2025.12.12	01:32:15.065	1.33901	1.33902			6
2025.12.12	01:32:22.107	1.33900	1.33901			6
2025.12.12	01:32:23.036	1.33901	1.33902			6
2025.12.12	01:32:26.105	1.33900	1.33901			6
2025.12.12	01:32:29.163	1.33899	1.33900			6
2025.12.12	01:32:30.386	1.33898	1.33899			6
2025.12.12	01:32:31.617	1.33899	1.33900			6
2025.12.12	01:32:37.740	1.33902	1.33903			6
2025.12.12	01:32:41.118	1.33903	1.33904			6
2025.12.12	01:32:45.424	1.33904	1.33905			6
2025.12.12	01:32:56.140	1.33901	1.33902			6
2025.12.12	01:32:58.594	1.33900	1.33901			6
2025.12.12	01:32:59.508	1.33901	1.33902			6
2025.12.12	01:33:00.126	1.33901				2
2025.12.12	01:33:05.950	1.33902	1.33903			6
2025.12.12	01:33:06.564	1.33901	1.33902			6
2025.12.12	01:33:14.197	1.33900	1.33901			6
2025.12.12	01:33:21.983	1.33905	1.33906			6
2025.12.12	01:33:30.044	1.33906	1.33907			6
2025.12.12	01:33:30.967	1.33905	1.33906			6
2025.12.12	01:33:36.247	1.33915	1.33916			6
2025.12.12	01:33:37.178	1.33914	1.33917			6
2025.12.12	01:33:37.487	1.33913	1.33914			6
2025.12.12	01:33:37.794	1.33907	1.33910			6
2025.12.12	01:33:38.403	1.33911	1.33912			6
2025.12.12	01:33:41.829		1.33913			4
2025.12.12	01:33:42.147		1.33912			4
2025.12.12	01:33:42.464		1.33913			4
2025.12.12	01:33:43.087	1.33909	1.33912			6
2025.12.12	01:33:43.393		1.33911			4
2025.12.12	01:33:43.711		1.33912			4
2025.12.12	01:33:44.032	1.33907	1.33910			6
2025.12.12	01:33:45.598	1.33908	1.33911			6
2025.12.12	01:33:47.465	1.33907	1.33910			6
2025.12.12	01:33:48.087	1.33905	1.33908			6
2025.12.12	01:34:00.231	1.33905				2
2025.12.12	01:34:23.148		1.33907			4
2025.12.12	01:34:25.637	1.33904	1.33906			6
2025.12.12	01:34:25.943	1.33905	1.33907			6
2025.12.12	01:34:28.736	1.33906	1.33908			6
2025.12.12	01:34:29.044	1.33905	1.33907			6
2025.12.12	01:34:29.663	1.33906	1.33908			6
2025.12.12	01:34:30.587	1.33905	1.33907			6
2025.12.12	01:34:31.514	1.33906	1.33908			6
2025.12.12	01:34:31.822	1.33902	1.33904			6
2025.12.12	01:34:32.128	1.33901	1.33903			6
2025.12.12	01:34:33.375		1.33904			4
2025.12.12	01:34:35.238		1.33903			4
2025.12.12	01:34:36.811		1.33902			4
2025.12.12	01:34:37.123	1.33900	1.33901			6
2025.12.12	01:34:47.659	1.33899	1.33900			6
2025.12.12	01:34:56.037	1.33898	1.33899			6
2025.12.12	01:35:00.074	1.33898				2
2025.12.12	01:35:11.246	1.33899	1.33900			6
2025.12.12	01:35:19.681	1.33898	1.33899			6
2025.12.12	01:35:23.726		1.33900			4
2025.12.12	01:35:24.974		1.33899			4
2025.12.12	01:35:29.028	1.33897				2
2025.12.12	01:35:37.696	1.33898	1.33900			6
2025.12.12	01:35:48.814	1.33897	1.33899			6
2025.12.12	01:35:51.908	1.33898	1.33900			6
2025.12.12	01:35:55.023	1.33897	1.33899			6
2025.12.12	01:35:59.377	1.33898				2
2025.12.12	01:36:00.298	1.33898				2
2025.12.12	01:36:10.123	1.33899	1.33900			6
2025.12.12	01:36:15.342	1.33898	1.33899			6
2025.12.12	01:36:49.384	1.33896	1.33897			6
2025.12.12	01:36:53.973	1.33898	1.33899			6
2025.12.12	01:36:54.278	1.33897	1.33898			6
2025.12.12	01:36:58.584	1.33898	1.33899			6
2025.12.12	01:37:00.131	1.33898				2
2025.12.12	01:37:45.239	1.33899	1.33900			6
2025.12.12	01:38:00.259	1.33899				2
2025.12.12	01:38:10.662	1.33901	1.33902			6
2025.12.12	01:38:10.963	1.33905	1.33906			6
2025.12.12	01:38:14.645	1.33904	1.33905			6
2025.12.12	01:38:16.478	1.33903	1.33904			6
2025.12.12	01:38:19.553	1.33904	1.33905			6
2025.12.12	01:38:20.778	1.33903	1.33904			6
2025.12.12	01:38:23.532	1.33902	1.33903			6
2025.12.12	01:38:37.948	1.33903	1.33904			6
2025.12.12	01:38:38.253	1.33904	1.33905			6
2025.12.12	01:38:40.091	1.33903	1.33904			6
2025.12.12	01:38:43.143	1.33904	1.33905			6
2025.12.12	01:38:54.817	1.33905	1.33906			6
2025.12.12	01:38:55.124	1.33904	1.33905			6
2025.12.12	01:39:00.030	1.33904				2
2025.12.12	01:39:26.717	1.33905	1.33906			6
2025.12.12	01:39:34.071	1.33904	1.33905			6
2025.12.12	01:39:34.993	1.33903	1.33904			6
2025.12.12	01:39:35.303	1.33901	1.33902			6
2025.12.12	01:39:37.129	1.33900	1.33901			6
2025.12.12	01:39:39.596	1.33903	1.33904			6
2025.12.12	01:39:48.190	1.33900	1.33901			6
2025.12.12	01:39:49.103	1.33899	1.33900			6
2025.12.12	01:40:00.174	1.33899				2
2025.12.12	01:40:21.017	1.33904	1.33905			6
2025.12.12	01:40:24.104	1.33903	1.33904			6
2025.12.12	01:40:28.422	1.33904	1.33905			6
2025.12.12	01:40:32.745	1.33903	1.33904			6
2025.12.12	01:40:36.768	1.33904	1.33905			6
2025.12.12	01:40:41.118	1.33902	1.33903			6
2025.12.12	01:40:45.780	1.33900	1.33901			6
2025.12.12	01:40:52.082	1.33901	1.33902			6
2025.12.12	01:40:59.239	1.33902	1.33903			6
2025.12.12	01:40:59.555	1.33903	1.33904			6
2025.12.12	01:41:00.175	1.33903				2
2025.12.12	01:41:09.739	1.33905	1.33906			6
2025.12.12	01:41:10.049	1.33903	1.33904			6
2025.12.12	01:41:10.365	1.33904	1.33905			6
2025.12.12	01:41:12.814	1.33906	1.33907			6
2025.12.12	01:41:13.119	1.33905	1.33906			6
2025.12.12	01:41:15.298	1.33906	1.33907			6
2025.12.12	01:41:29.395	1.33905	1.33906			6
2025.12.12	01:41:41.677	1.33904	1.33905			6
2025.12.12	01:42:00.086	1.33904				2
2025.12.12	01:42:13.257	1.33905	1.33906			6
2025.12.12	01:42:33.532	1.33904	1.33905			6
2025.12.12	01:42:38.144	1.33906	1.33907			6
2025.12.12	01:42:39.369	1.33905	1.33906			6
2025.12.12	01:42:52.541	1.33906	1.33907			6
2025.12.12	01:42:57.461	1.33905	1.33906			6
2025.12.12	01:42:58.702	1.33906	1.33907			6
2025.12.12	01:43:00.242	1.33906				2
2025.12.12	01:43:11.861	1.33907	1.33908			6
2025.12.12	01:43:12.164	1.33906	1.33907			6
2025.12.12	01:43:18.912	1.33908	1.33909			6
2025.12.12	01:43:23.228	1.33907	1.33908			6
2025.12.12	01:43:31.489	1.33906	1.33907			6
2025.12.12	01:43:32.100	1.33905	1.33906			6
2025.12.12	01:43:35.148	1.33904	1.33905			6
2025.12.12	01:43:35.449	1.33905	1.33906			6
2025.12.12	01:43:36.062	1.33904	1.33905			6
2025.12.12	01:43:37.586	1.33903	1.33904			6
2025.12.12	01:43:40.037	1.33904	1.33905			6
2025.12.12	01:43:42.198	1.33903	1.33904			6
2025.12.12	01:43:42.511	1.33904	1.33905			6
2025.12.12	01:43:46.817	1.33905	1.33906			6
2025.12.12	01:43:48.660	1.33904	1.33905			6
2025.12.12	01:43:50.508	1.33903	1.33904			6
2025.12.12	01:44:00.032	1.33903				2
2025.12.12	01:44:01.275	1.33902	1.33903			6
2025.12.12	01:44:02.210	1.33903	1.33904			6
2025.12.12	01:44:02.514	1.33904	1.33905			6
2025.12.12	01:44:06.509	1.33905	1.33906			6
2025.12.12	01:44:07.124	1.33904	1.33905			6
2025.12.12	01:44:12.949	1.33905	1.33906			6
2025.12.12	01:44:13.253	1.33904	1.33905			6
2025.12.12	01:44:13.864	1.33905	1.33906			6
2025.12.12	01:44:15.409	1.33904	1.33905			6
2025.12.12	01:44:16.321	1.33905	1.33906			6
2025.12.12	01:44:16.940	1.33904	1.33905			6
2025.12.12	01:44:21.837	1.33903	1.33904			6
2025.12.12	01:44:23.969	1.33904	1.33905			6
2025.12.12	01:44:29.492	1.33903	1.33904			6
2025.12.12	01:44:32.258	1.33905	1.33906			6
2025.12.12	01:44:33.789	1.33906	1.33907			6
2025.12.12	01:44:39.012	1.33905	1.33906			6
2025.12.12	01:44:39.627	1.33906	1.33907			6
2025.12.12	01:44:51.602	1.33907	1.33908			6
2025.12.12	01:44:52.213	1.33908	1.33909			6
2025.12.12	01:45:00.208	1.33908				2
2025.12.12	01:45:22.599	1.33909	1.33910			6
2025.12.12	01:45:28.144	1.33916	1.33917			6
2025.12.12	01:45:28.450	1.33919	1.33920			6
2025.12.12	01:45:29.372	1.33917	1.33919			6
2025.12.12	01:45:35.260	1.33918	1.33920			6
2025.12.12	01:45:37.750	1.33917	1.33919			6
2025.12.12	01:45:41.798	1.33918	1.33920			6
2025.12.12	01:45:49.591	1.33917	1.33919			6
2025.12.12	01:45:51.141	1.33922	1.33924			6
2025.12.12	01:45:56.749	1.33920	1.33922			6
2025.12.12	01:46:00.141	1.33920				2
2025.12.12	01:46:00.762	1.33921	1.33923			6
2025.12.12	01:46:02.625	1.33920	1.33922			6
2025.12.12	01:46:06.053	1.33922	1.33924			6
2025.12.12	01:46:08.530	1.33921	1.33923			6
2025.12.12	01:46:08.836	1.33922	1.33924			6
2025.12.12	01:46:12.893	1.33921	1.33923			6
2025.12.12	01:46:13.210	1.33922	1.33924			6
2025.12.12	01:46:16.022	1.33921	1.33922			6
2025.12.12	01:46:16.326	1.33919	1.33921			6
2025.12.12	01:46:16.644	1.33917	1.33919			6
2025.12.12	01:46:16.949	1.33916	1.33918			6
2025.12.12	01:46:17.252	1.33914	1.33917			6
2025.12.12	01:46:17.874	1.33915	1.33918			6
2025.12.12	01:46:19.419	1.33916	1.33919			6
2025.12.12	01:46:19.737	1.33915	1.33918			6
2025.12.12	01:46:23.169	1.33916	1.33919			6
2025.12.12	01:46:40.583	1.33915	1.33918			6
2025.12.12	01:46:41.508	1.33916	1.33919			6
2025.12.12	01:46:42.735	1.33915	1.33918			6
2025.12.12	01:46:47.124	1.33916	1.33919			6
2025.12.12	01:46:47.426	1.33915	1.33918			6
2025.12.12	01:46:58.392	1.33916				2
2025.12.12	01:47:00.263	1.33916				2
2025.12.12	01:47:01.204	1.33917	1.33919			6
2025.12.12	01:47:03.989	1.33918	1.33920			6
2025.12.12	01:47:09.249	1.33919	1.33921			6
2025.12.12	01:47:11.115	1.33920				2
2025.12.12	01:47:21.966	1.33919				2
2025.12.12	01:47:36.634	1.33917	1.33919			6
2025.12.12	01:47:37.258		1.33918			4
2025.12.12	01:47:37.563	1.33911	1.33912			6
2025.12.12	01:47:38.186	1.33910	1.33911			6
2025.12.12	01:47:47.193	1.33909	1.33910			6
2025.12.12	01:47:49.358		1.33911			4
2025.12.12	01:47:49.977		1.33910			4
2025.12.12	01:48:00.163	1.33909				2
2025.12.12	01:48:11.283		1.33911			4
2025.12.12	01:48:16.834		1.33910			4
2025.12.12	01:48:56.265	1.33910	1.33911			6
2025.12.12	01:48:57.488	1.33909	1.33910			6
2025.12.12	01:49:00.242	1.33909				2
2025.12.12	01:49:06.082	1.33911	1.33912			6
2025.12.12	01:49:06.386	1.33910	1.33911			6
2025.12.12	01:49:07.935	1.33915	1.33916			6
2025.12.12	01:49:08.237	1.33916	1.33917			6
2025.12.12	01:49:09.156	1.33915	1.33918			6
2025.12.12	01:49:12.253		1.33917			4
2025.12.12	01:49:12.558	1.33914				2
2025.12.12	01:49:20.280	1.33918	1.33920			6
2025.12.12	01:49:21.509	1.33917				2
2025.12.12	01:49:26.144	1.33916	1.33919			6
2025.12.12	01:49:27.069	1.33917	1.33920			6
2025.12.12	01:49:39.800	1.33918	1.33921			6
2025.12.12	01:49:40.106		1.33920			4
2025.12.12	01:49:44.118	1.33917	1.33919			6
2025.12.12	01:49:47.520	1.33918	1.33920			6
2025.12.12	01:49:48.445	1.33916	1.33918			6
2025.12.12	01:49:50.616	1.33915	1.33917			6
2025.12.12	01:50:00.179	1.33915				2
2025.12.12	01:50:00.492	1.33916	1.33918			6
2025.12.12	01:50:04.214	1.33915	1.33917			6
2025.12.12	01:50:04.519	1.33911	1.33913			6
2025.12.12	01:50:05.153	1.33910				2
2025.12.12	01:50:06.731	1.33909	1.33912			6
2025.12.12	01:50:09.200	1.33910	1.33913			6
2025.12.12	01:50:09.510	1.33909	1.33912			6
2025.12.12	01:50:09.812	1.33910	1.33913			6
2025.12.12	01:50:10.743	1.33909	1.33911			6
2025.12.12	01:50:11.667	1.33908				2
2025.12.12	01:50:17.209		1.33910			4
2025.12.12	01:50:22.156	1.33909				2
2025.12.12	01:50:22.461		1.33911			4
2025.12.12	01:50:28.008		1.33910			4
2025.12.12	01:50:28.313		1.33911			4
2025.12.12	01:50:34.815		1.33910			4
2025.12.12	01:50:37.909		1.33911			4
2025.12.12	01:50:38.533	1.33908	1.33910			6
2025.12.12	01:50:43.480	1.33905	1.33907			6
2025.12.12	01:50:54.363	1.33906	1.33908			6
2025.12.12	01:51:00.264	1.33906				2
2025.12.12	01:51:15.763	1.33905	1.33907			6
2025.12.12	01:51:17.621	1.33904	1.33906			6
2025.12.12	01:51:22.293	1.33905				2
2025.12.12	01:51:25.050	1.33904	1.33905			6
2025.12.12	01:51:26.582	1.33908	1.33909			6
2025.12.12	01:51:27.196		1.33910			4
2025.12.12	01:51:49.186		1.33909			4
2025.12.12	01:51:49.794	1.33909	1.33910			6
2025.12.12	01:52:00.235	1.33909				2
2025.12.12	01:52:04.240	1.33908	1.33909			6
2025.12.12	01:52:06.999	1.33910	1.33911			6
2025.12.12	01:52:07.608	1.33909	1.33910			6
2025.12.12	01:52:08.225	1.33911	1.33912			6
2025.12.12	01:52:08.527	1.33912	1.33913			6
2025.12.12	01:52:08.830	1.33911	1.33912			6
2025.12.12	01:52:26.026	1.33912	1.33913			6
2025.12.12	01:52:26.637	1.33911	1.33912			6
2025.12.12	01:52:36.756	1.33910	1.33911			6
2025.12.12	01:52:46.577	1.33911	1.33912			6
2025.12.12	01:53:00.060	1.33911				2
2025.12.12	01:53:12.952	1.33910	1.33911			6
2025.12.12	01:53:16.017	1.33911	1.33912			6
2025.12.12	01:53:26.738	1.33912	1.33913			6
2025.12.12	01:53:32.244	1.33913	1.33914			6
2025.12.12	01:53:33.152	1.33914	1.33915			6
2025.12.12	01:53:38.077	1.33917	1.33918			6
2025.12.12	01:53:54.910	1.33914	1.33915			6
2025.12.12	01:53:56.125	1.33913	1.33914			6
2025.12.12	01:54:00.113	1.33913				2
2025.12.12	01:54:03.486	1.33914	1.33915			6
2025.12.12	01:54:03.789	1.33915	1.33916			6
2025.12.12	01:54:04.093	1.33916	1.33917			6
2025.12.12	01:54:17.016	1.33917	1.33918			6
2025.12.12	01:54:23.462	1.33915	1.33916			6
2025.12.12	01:54:28.972	1.33916	1.33917			6
2025.12.12	01:54:39.731	1.33915	1.33916			6
2025.12.12	01:54:56.606	1.33916	1.33917			6
2025.12.12	01:54:59.981	1.33915	1.33916			6
2025.12.12	01:55:00.288	1.33915				2
2025.12.12	01:55:14.977	1.33916	1.33917			6
2025.12.12	01:55:16.513	1.33915	1.33916			6
2025.12.12	01:55:17.744	1.33916	1.33917			6
2025.12.12	01:55:19.883	1.33914	1.33915			6
2025.12.12	01:55:20.186	1.33913	1.33914			6
2025.12.12	01:55:20.493	1.33911	1.33912			6
2025.12.12	01:55:35.195	1.33912	1.33913			6
2025.12.12	01:56:00.052	1.33912				2
2025.12.12	01:56:15.400	1.33913	1.33914			6
2025.12.12	01:56:16.620	1.33914	1.33915			6
2025.12.12	01:56:17.852	1.33915	1.33916			6
2025.12.12	01:56:24.928	1.33914	1.33915			6
2025.12.12	01:56:29.827	1.33915	1.33916			6
2025.12.12	01:56:34.728	1.33914	1.33915			6
2025.12.12	01:56:35.340	1.33913	1.33914			6
2025.12.12	01:56:36.559	1.33912	1.33913			6
2025.12.12	01:57:00.146	1.33912				2
2025.12.12	01:57:35.778	1.33911	1.33912			6
2025.12.12	01:57:36.395	1.33912	1.33913			6
2025.12.12	01:57:39.441	1.33911	1.33912			6
2025.12.12	01:57:40.052	1.33912	1.33913			6
2025.12.12	01:57:44.043	1.33911	1.33912			6
2025.12.12	01:57:44.656	1.33910	1.33911			6
2025.12.12	01:57:57.576	1.33911	1.33912			6
2025.12.12	01:57:57.879	1.33913	1.33914			6
2025.12.12	01:57:59.734	1.33914	1.33915			6
2025.12.12	01:58:00.036	1.33914				2
2025.12.12	01:58:00.657	1.33913	1.33914			6
2025.12.12	01:58:01.262	1.33914	1.33915			6
2025.12.12	01:58:08.616	1.33915	1.33916			6
2025.12.12	01:58:17.535	1.33916	1.33917			6
2025.12.12	01:58:23.065	1.33918	1.33919			6
2025.12.12	01:58:27.980	1.33917	1.33918			6
2025.12.12	01:58:28.288	1.33918	1.33919			6
2025.12.12	01:58:36.288	1.33917	1.33918			6
2025.12.12	01:58:36.901	1.33918	1.33919			6
2025.12.12	01:58:37.817	1.33917	1.33918			6
2025.12.12	01:58:52.238	1.33918	1.33919			6
2025.12.12	01:58:52.543	1.33919	1.33920			6
2025.12.12	01:58:55.615	1.33920	1.33921			6
2025.12.12	01:58:56.229	1.33919	1.33920			6
2025.12.12	01:59:00.238	1.33919				2
2025.12.12	01:59:02.079	1.33920	1.33921			6
2025.12.12	01:59:04.525	1.33919	1.33920			6
2025.12.12	01:59:11.242	1.33918	1.33919			6
2025.12.12	01:59:14.931	1.33919	1.33920			6
2025.12.12	01:59:21.660	1.33923	1.33924			6
2025.12.12	01:59:21.964	1.33926	1.33927			6
2025.12.12	01:59:22.269	1.33925	1.33926			6
2025.12.12	01:59:22.572	1.33926	1.33927			6
2025.12.12	01:59:22.880	1.33925	1.33926			6
2025.12.12	01:59:29.328	1.33924	1.33925			6
2025.12.12	01:59:29.637	1.33925	1.33926			6
2025.12.12	01:59:33.623	1.33924	1.33925			6
2025.12.12	01:59:44.371	1.33925	1.33926			6
2025.12.12	01:59:50.799	1.33932	1.33933			6
2025.12.12	01:59:51.102	1.33936	1.33937			6
2025.12.12	01:59:51.409	1.33933	1.33934			6
2025.12.12	01:59:59.197	1.33934	1.33935			6
2025.12.12	01:59:59.504	1.33933	1.33934			6
2025.12.12	02:00:00.111	1.33932	1.33933			6
2025.12.12	02:00:00.428	1.33933	1.33934			6
2025.12.12	02:00:01.044	1.33934	1.33935			6
2025.12.12	02:00:02.267	1.33935	1.33936			6
2025.12.12	02:00:05.977	1.33936	1.33937			6
2025.12.12	02:00:06.288	1.33935	1.33936			6
2025.12.12	02:00:06.910	1.33936	1.33937			6
2025.12.12	02:00:07.212	1.33935	1.33936			6
2025.12.12	02:00:07.519	1.33936	1.33937			6
2025.12.12	02:00:08.135	1.33935	1.33936			6
2025.12.12	02:00:09.056	1.33936	1.33937			6
2025.12.12	02:00:09.361	1.33935	1.33936			6
2025.12.12	02:00:12.116	1.33936	1.33937			6
2025.12.12	02:00:14.882	1.33935	1.33936			6
2025.12.12	02:00:15.188	1.33936	1.33937			6
2025.12.12	02:00:15.502	1.33935	1.33936			6
2025.12.12	02:00:18.538	1.33934	1.33935			6
2025.12.12	02:00:19.458	1.33935	1.33936			6
2025.12.12	02:00:20.063	1.33936	1.33937			6
2025.12.12	02:00:20.369	1.33935	1.33936			6
2025.12.12	02:00:21.289	1.33936	1.33937			6
2025.12.12	02:00:24.659	1.33934	1.33935			6
2025.12.12	02:00:24.961	1.33935	1.33936			6
2025.12.12	02:00:25.267	1.33934	1.33935			6
2025.12.12	02:00:29.589	1.33935	1.33936			6
2025.12.12	02:00:41.559	1.33937	1.33938			6
2025.12.12	02:00:41.865	1.33935	1.33936			6
2025.12.12	02:00:43.093	1.33936	1.33937			6
2025.12.12	02:00:48.321	1.33937	1.33938			6
2025.12.12	02:00:48.624	1.33944	1.33945			6
2025.12.12	02:00:48.930	1.33948	1.33949			6
2025.12.12	02:00:49.231	1.33946				2
2025.12.12	02:00:49.543	1.33945				2
2025.12.12	02:00:50.487	1.33941	1.33945			6
2025.12.12	02:00:51.127	1.33940				2
2025.12.12	02:00:52.377	1.33939	1.33944			6
2025.12.12	02:00:54.879	1.33940	1.33945			6
2025.12.12	02:00:59.252	1.33943				2
2025.12.12	02:00:59.574	1.33948	1.33952			6
2025.12.12	02:00:59.883		1.33951			4
2025.12.12	02:01:00.194	1.33947				2
2025.12.12	02:01:00.515	1.33946	1.33950			6
2025.12.12	02:01:01.767	1.33945				2
2025.12.12	02:01:02.381	1.33943	1.33949			6
2025.12.12	02:01:03.941	1.33942				2
2025.12.12	02:01:04.245		1.33944			4
2025.12.12	02:01:04.549	1.33938	1.33943			6
2025.12.12	02:01:05.788	1.33937				2
2025.12.12	02:01:08.274	1.33938				2
2025.12.12	02:01:08.593	1.33939				2
2025.12.12	02:01:11.082	1.33940	1.33944			6
2025.12.12	02:01:11.722	1.33938	1.33942			6
2025.12.12	02:01:12.027	1.33940	1.33944			6
2025.12.12	02:01:12.329	1.33939				2
2025.12.12	02:01:12.965	1.33938	1.33943			6
2025.12.12	02:01:15.114	1.33937	1.33942			6
2025.12.12	02:01:15.741	1.33938	1.33943			6
2025.12.12	02:01:16.047		1.33942			4
2025.12.12	02:01:16.375	1.33937				2
2025.12.12	02:01:17.000		1.33943			4
2025.12.12	02:01:17.301		1.33942			4
2025.12.12	02:01:19.148	1.33938				2
2025.12.12	02:01:19.455	1.33940	1.33945			6
2025.12.12	02:01:21.036	1.33939				2
2025.12.12	02:01:21.338	1.33940				2
2025.12.12	02:01:22.577	1.33939				2
2025.12.12	02:01:22.896	1.33940				2
2025.12.12	02:01:24.127	1.33939				2
2025.12.12	02:01:24.756	1.33940				2
2025.12.12	02:01:25.391	1.33939				2
2025.12.12	02:01:26.317	1.33938	1.33943			6
2025.12.12	02:01:26.941	1.33937				2
2025.12.12	02:01:29.440	1.33936				2
2025.12.12	02:01:29.750	1.33937				2
2025.12.12	02:01:30.704	1.33936	1.33940			6
2025.12.12	02:01:33.511	1.33939	1.33942			6
2025.12.12	02:01:33.817		1.33941			4
2025.12.12	02:01:35.062	1.33938	1.33942			6
2025.12.12	02:01:35.985	1.33939				2
2025.12.12	02:01:36.305		1.33943			4
2025.12.12	02:01:38.184	1.33938	1.33942			6
2025.12.12	02:01:40.053		1.33943			4
2025.12.12	02:01:40.361	1.33939				2
2025.12.12	02:01:41.602	1.33938				2
2025.12.12	02:01:42.857	1.33937				2
2025.12.12	02:01:43.159		1.33942			4
2025.12.12	02:01:43.461	1.33938	1.33943			6
2025.12.12	02:01:43.762	1.33937				2
2025.12.12	02:01:45.012	1.33939				2
2025.12.12	02:01:45.320	1.33938				2
2025.12.12	02:01:45.933	1.33939				2
2025.12.12	02:01:46.557	1.33937				2
2025.12.12	02:01:46.873	1.33939	1.33942			6
2025.12.12	02:01:47.193	1.33941	1.33944			6
2025.12.12	02:01:47.513		1.33945			4
2025.12.12	02:01:49.379	1.33939	1.33944			6
2025.12.12	02:01:49.686	1.33941	1.33945			6
2025.12.12	02:01:50.002		1.33944			4
2025.12.12	02:01:50.627	1.33940				2
2025.12.12	02:01:51.859	1.33939				2
2025.12.12	02:01:52.171	1.33940				2
2025.12.12	02:01:52.478	1.33939				2
2025.12.12	02:01:56.214	1.33938				2
2025.12.12	02:01:58.067	1.33939				2
2025.12.12	02:01:58.374	1.33938				2
2025.12.12	02:01:58.682	1.33939				2
2025.12.12	02:01:59.609	1.33944	1.33945			6
2025.12.12	02:01:59.923		1.33948			4
2025.12.12	02:02:00.226	1.33944				2
2025.12.12	02:02:00.530		1.33949			4
2025.12.12	02:02:01.146	1.33943				2
2025.12.12	02:02:01.755		1.33948			4
2025.12.12	02:02:06.713		1.33947			4
2025.12.12	02:02:07.025	1.33942	1.33946			6
2025.12.12	02:02:07.332	1.33943	1.33947			6
2025.12.12	02:02:07.943	1.33945	1.33949			6
2025.12.12	02:02:08.547	1.33946	1.33950			6
2025.12.12	02:02:09.160	1.33944	1.33949			6
2025.12.12	02:02:09.479		1.33950			4
2025.12.12	02:02:10.417	1.33942	1.33946			6
2025.12.12	02:02:11.034		1.33947			4
2025.12.12	02:02:11.345		1.33948			4
2025.12.12	02:02:12.269	1.33939	1.33944			6
2025.12.12	02:02:12.584	1.33940	1.33943			6
2025.12.12	02:02:12.894	1.33939	1.33944			6
2025.12.12	02:02:13.209	1.33938	1.33943			6
2025.12.12	02:02:13.512	1.33939				2
2025.12.12	02:02:14.453	1.33938				2
2025.12.12	02:02:15.071		1.33942			4
2025.12.12	02:02:15.381	1.33937				2
2025.12.12	02:02:16.620	1.33936	1.33941			6
2025.12.12	02:02:16.926	1.33937				2
2025.12.12	02:02:17.228	1.33935	1.33940			6
2025.12.12	02:02:17.543		1.33939			4
2025.12.12	02:02:17.848		1.33940			4
2025.12.12	02:02:21.589	1.33936				2
2025.12.12	02:02:21.901	1.33935	1.33939			6
2025.12.12	02:02:22.207	1.33932	1.33938			6
2025.12.12	02:02:22.515	1.33933				2
2025.12.12	02:02:25.299		1.33939			4
2025.12.12	02:02:27.161		1.33937			4
2025.12.12	02:02:27.781		1.33938			4
2025.12.12	02:02:29.022	1.33932	1.33937			6
2025.12.12	02:02:29.332	1.33929	1.33935			6
2025.12.12	02:02:29.636	1.33928	1.33933			6
2025.12.12	02:02:29.939	1.33927				2
2025.12.12	02:02:30.248		1.33932			4
2025.12.12	02:02:30.552		1.33933			4
2025.12.12	02:02:31.175		1.33932			4
2025.12.12	02:02:32.111		1.33933			4
2025.12.12	02:02:32.422	1.33929				2
2025.12.12	02:02:32.740	1.33928				2
2025.12.12	02:02:34.604	1.33929				2
2025.12.12	02:02:35.239	1.33928				2
2025.12.12	02:02:44.204		1.33932			4
2025.12.12	02:02:45.437		1.33933			4
2025.12.12	02:02:49.161		1.33932			4
2025.12.12	02:02:53.175	1.33927				2
2025.12.12	02:02:53.491	1.33928	1.33931			6
2025.12.12	02:02:53.796	1.33929				2
2025.12.12	02:02:54.716	1.33928				2
2025.12.12	02:02:55.650	1.33927	1.33930			6
2025.12.12	02:02:55.961	1.33925	1.33928			6
2025.12.12	02:02:56.280	1.33923	1.33927			6
2025.12.12	02:02:57.215	1.33924	1.33929			6
2025.12.12	02:02:57.526	1.33923	1.33928			6
2025.12.12	02:02:58.150	1.33924	1.33927			6
2025.12.12	02:02:59.389	1.33923				2
2025.12.12	02:03:00.011	1.33923				2
2025.12.12	02:03:00.320		1.33926			4
2025.12.12	02:03:01.875	1.33924				2
2025.12.12	02:03:02.180	1.33923				2
2025.12.12	02:03:03.425	1.33924	1.33927			6
2025.12.12	02:03:04.048		1.33928			4
2025.12.12	02:03:04.366	1.33925	1.33927			6
2025.12.12	02:03:04.673		1.33928			4
2025.12.12	02:03:08.710		1.33927			4
2025.12.12	02:03:09.323	1.33930	1.33933			6
2025.12.12	02:03:09.626	1.33928				2
2025.12.12	02:03:10.560	1.33927				2
2025.12.12	02:03:11.482	1.33928				2
2025.12.12	02:03:19.215	1.33930	1.33932			6
2025.12.12	02:03:19.517		1.33933			4
2025.12.12	02:03:20.805	1.33929				2
2025.12.12	02:03:21.110	1.33930				2
2025.12.12	02:03:22.037	1.33928				2
2025.12.12	02:03:22.339	1.33930				2
2025.12.12	02:03:24.521	1.33929				2
2025.12.12	02:03:25.142	1.33928	1.33934			6
2025.12.12	02:03:25.444		1.33932			4
2025.12.12	02:03:25.748	1.33926	1.33929			6
2025.12.12	02:03:26.365	1.33927				2
2025.12.12	02:03:26.670	1.33928	1.33932			6
2025.12.12	02:03:26.978	1.33927	1.33931			6
2025.12.12	02:03:27.283		1.33932			4
2025.12.12	02:03:28.224		1.33931			4
2025.12.12	02:03:29.152	1.33928	1.33932			6
2025.12.12	02:03:29.458	1.33929	1.33931			6
2025.12.12	02:03:30.092	1.33928				2
2025.12.12	02:03:30.409	1.33929	1.33932			6
2025.12.12	02:03:30.718	1.33928				2
2025.12.12	02:03:32.278	1.33927				2
2025.12.12	02:03:32.896		1.33931			4
2025.12.12	02:03:33.507	1.33926				2
2025.12.12	02:03:35.382	1.33925	1.33929			6
2025.12.12	02:03:35.688	1.33926				2
2025.12.12	02:03:35.994		1.33930			4
2025.12.12	02:03:37.221		1.33931			4
2025.12.12	02:03:39.379	1.33927				2
2025.12.12	02:03:40.603	1.33925	1.33930			6
2025.12.12	02:03:41.530	1.33927				2
2025.12.12	02:03:53.876		1.33931			4
2025.12.12	02:03:55.727		1.33930			4
2025.12.12	02:03:56.032	1.33929	1.33931			6
2025.12.12	02:03:56.339	1.33927	1.33932			6
2025.12.12	02:03:57.254		1.33933			4
2025.12.12	02:03:57.559	1.33933	1.33934			6
2025.12.12	02:03:57.868	1.33936	1.33940			6
2025.12.12	02:03:58.487	1.33938	1.33941			6
2025.12.12	02:03:58.798	1.33937				2
2025.12.12	02:03:59.103		1.33942			4
2025.12.12	02:04:00.035	1.33937				2
2025.12.12	02:04:00.972	1.33936				2
2025.12.12	02:04:01.291	1.33937				2
2025.12.12	02:04:04.393	1.33939				2
2025.12.12	02:04:04.702	1.33938				2
2025.12.12	02:04:05.327		1.33943			4
2025.12.12	02:04:08.129		1.33942			4
2025.12.12	02:04:12.474	1.33937	1.33943			6
2025.12.12	02:04:12.782	1.33938	1.33942			6
2025.12.12	02:04:13.096	1.33937				2
2025.12.12	02:04:13.715	1.33938				2
2025.12.12	02:04:14.022	1.33937	1.33941			6
2025.12.12	02:04:14.324		1.33942			4
2025.12.12	02:04:15.272	1.33935	1.33939			6
2025.12.12	02:04:15.588	1.33936				2
2025.12.12	02:04:15.899	1.33934				2
2025.12.12	02:04:16.207		1.33938			4
2025.12.12	02:04:16.518	1.33933	1.33937			6
2025.12.12	02:04:18.379	1.33932	1.33936			6
2025.12.12	02:04:18.691	1.33933	1.33937			6
2025.12.12	02:04:20.236		1.33938			4
2025.12.12	02:04:23.962	1.33928	1.33933			6
2025.12.12	02:04:24.278		1.33932			4
2025.12.12	02:04:26.775	1.33926				2
2025.12.12	02:04:27.712		1.33931			4
2025.12.12	02:04:28.945	1.33925				2
2025.12.12	02:04:29.563	1.33926				2
2025.12.12	02:04:30.181		1.33932			4
2025.12.12	02:04:30.788	1.33927	1.33933			6
2025.12.12	02:04:31.422	1.33926				2
2025.12.12	02:04:31.729	1.33927				2
2025.12.12	02:04:32.351	1.33926				2
2025.12.12	02:04:32.974	1.33927	1.33932			6
2025.12.12	02:04:33.284	1.33926				2
2025.12.12	02:04:34.829		1.33933			4
2025.12.12	02:04:37.296		1.33932			4
2025.12.12	02:04:38.255		1.33933			4
2025.12.12	02:04:38.562		1.33932			4
2025.12.12	02:04:38.880	1.33925				2
2025.12.12	02:04:39.802	1.33926				2
2025.12.12	02:04:40.421		1.33933			4
2025.12.12	02:04:40.727	1.33925	1.33932			6
2025.12.12	02:04:45.409	1.33926				2
2025.12.12	02:04:46.035	1.33925				2
2025.12.12	02:04:52.829	1.33926				2
2025.12.12	02:04:53.139		1.33933			4
2025.12.12	02:04:53.443	1.33928	1.33932			6
2025.12.12	02:04:53.746	1.33926	1.33931			6
2025.12.12	02:04:54.671		1.33932			4
2025.12.12	02:04:56.829		1.33931			4
2025.12.12	02:04:57.449		1.33932			4
2025.12.12	02:04:57.757	1.33927				2
2025.12.12	02:04:58.067	1.33926				2
2025.12.12	02:04:58.373		1.33931			4
2025.12.12	02:04:59.296		1.33932			4
