<DATE>	<TIME>	<BID>	<ASK>	<LAST>	<VOLUME>	<FLAGS>
2025.12.01	00:03:30.725	1.32238	1.32317			6
2025.12.01	00:03:47.222	1.32235	1.32315			6
2025.12.01	00:04:00.432	1.32235				2
2025.12.01	00:04:47.431		1.32315			4
2025.12.01	00:05:00.435	1.32238	1.32320			6
2025.12.01	00:05:01.042	1.32244				2
2025.12.01	00:05:01.355	1.32247				2
2025.12.01	00:05:01.667		1.32337			4
2025.12.01	00:05:03.143		1.32336			4
2025.12.01	00:05:03.445	1.32245	1.32338			6
2025.12.01	00:05:04.430		1.32339			4
2025.12.01	00:05:05.430		1.32340			4
2025.12.01	00:05:06.430	1.32176	1.32336			6
2025.12.01	00:05:07.434	1.32245	1.32340			6
2025.12.01	00:05:07.792	1.32244	1.32328			6
2025.12.01	00:05:08.431		1.32327			4
2025.12.01	00:05:10.422	1.32241	1.32328			6
2025.12.01	00:05:12.182	1.32227	1.32331			6
2025.12.01	00:05:12.486	1.32244	1.32328			6
2025.12.01	00:05:13.034	1.32241				2
2025.12.01	00:05:13.434		1.32329			4
2025.12.01	00:05:13.936	1.32240	1.32319			6
2025.12.01	00:05:14.393	1.32238				2
2025.12.01	00:05:15.982	1.32240				2
2025.12.01	00:05:16.823	1.32238				2
2025.12.01	00:05:17.430		1.32318			4
2025.12.01	00:05:17.981		1.32337			4
2025.12.01	00:05:18.283	1.32236	1.32343			6
2025.12.01	00:05:18.897	1.32239				2
2025.12.01	00:05:19.199		1.32344			4
2025.12.01	00:05:19.503		1.32343			4
2025.12.01	00:05:20.430	1.32238	1.32338			6
2025.12.01	00:05:21.977	1.32236				2
2025.12.01	00:05:22.900	1.32238				2
2025.12.01	00:05:23.211		1.32331			4
2025.12.01	00:05:23.525		1.32338			4
2025.12.01	00:05:23.847		1.32326			4
2025.12.01	00:05:24.433		1.32336			4
2025.12.01	00:05:25.281	1.32241				2
2025.12.01	00:05:25.982	1.32238				2
2025.12.01	00:05:27.098	1.32241	1.32323			6
2025.12.01	00:05:27.431		1.32336			4
2025.12.01	00:05:28.182	1.32184	1.32331			6
2025.12.01	00:05:28.491	1.32244	1.32337			6
2025.12.01	00:05:29.433		1.32336			4
2025.12.01	00:05:30.011	1.32241	1.32324			6
2025.12.01	00:05:30.431	1.32250	1.32327			6
2025.12.01	00:05:31.091	1.32253				2
2025.12.01	00:05:31.434		1.32315			4
2025.12.01	00:05:32.188	1.32255				2
2025.12.01	00:05:32.655		1.32310			4
2025.12.01	00:05:32.990	1.32250				2
2025.12.01	00:05:36.065	1.32253				2
2025.12.01	00:05:36.984	1.32250				2
2025.12.01	00:05:41.097	1.32253				2
2025.12.01	00:05:42.095	1.32250				2
2025.12.01	00:05:47.785	1.32253	1.32302			6
2025.12.01	00:05:50.063	1.32255				2
2025.12.01	00:05:56.284	1.32253				2
2025.12.01	00:06:05.985	1.32255				2
2025.12.01	00:06:07.063	1.32253				2
2025.12.01	00:06:09.088	1.32255				2
2025.12.01	00:06:10.059	1.32253				2
2025.12.01	00:06:10.772	1.32248	1.32300			6
2025.12.01	00:06:12.188	1.32246				2
2025.12.01	00:06:20.094	1.32248				2
2025.12.01	00:06:27.069	1.32246				2
2025.12.01	00:06:28.094		1.32309			4
2025.12.01	00:06:30.968	1.32244				2
2025.12.01	00:06:33.066	1.32246				2
2025.12.01	00:06:33.581		1.32302			4
2025.12.01	00:06:33.984	1.32244				2
2025.12.01	00:06:34.813		1.32310			4
2025.12.01	00:06:36.981	1.32246				2
2025.12.01	00:06:38.062	1.32248				2
2025.12.01	00:06:39.673		1.32319			4
2025.12.01	00:06:40.624		1.32304			4
2025.12.01	00:06:40.967	1.32249				2
2025.12.01	00:06:41.840		1.32301			4
2025.12.01	00:06:42.981	1.32251				2
2025.12.01	00:06:46.458		1.32319			4
2025.12.01	00:06:50.121		1.32310			4
2025.12.01	00:06:52.669		1.32307			4
2025.12.01	00:06:53.511		1.32303			4
2025.12.01	00:06:54.511		1.32301			4
2025.12.01	00:07:00.966	1.32251				2
2025.12.01	00:08:00.967	1.32251	1.32301			6
2025.12.01	00:08:20.966	1.32252				2
2025.12.01	00:08:26.960	1.32238	1.32304			6
2025.12.01	00:08:34.773		1.32318			4
2025.12.01	00:08:44.182		1.32304			4
2025.12.01	00:09:00.493	1.32239				2
2025.12.01	00:09:03.186		1.32318			4
2025.12.01	00:09:07.476		1.32304			4
2025.12.01	00:09:14.345		1.32318			4
2025.12.01	00:10:00.372	1.32239				2
2025.12.01	00:10:15.341		1.32318			4
2025.12.01	00:10:22.830		1.32316			4
2025.12.01	00:10:30.959		1.32318			4
2025.12.01	00:10:49.792		1.32311			4
2025.12.01	00:10:53.409		1.32318			4
2025.12.01	00:11:00.341	1.32239				2
2025.12.01	00:11:53.441		1.32318			4
2025.12.01	00:12:00.492	1.32239				2
2025.12.01	00:12:54.341		1.32318			4
2025.12.01	00:13:02.741	1.32239				2
2025.12.01	00:13:54.341		1.32318			4
2025.12.01	00:14:00.492	1.32239				2
2025.12.01	00:14:54.343		1.32318			4
2025.12.01	00:15:00.623	1.32239				2
2025.12.01	00:15:04.666	1.32251	1.32336			6
2025.12.01	00:15:05.432	1.32250	1.32340			6
2025.12.01	00:15:06.032		1.32337			4
2025.12.01	00:15:06.341	1.32249	1.32330			6
2025.12.01	00:15:07.432	1.32248	1.32329			6
2025.12.01	00:15:08.433	1.32247	1.32301			6
2025.12.01	00:15:09.433	1.32190	1.32300			6
2025.12.01	00:15:10.344	1.32248	1.32340			6
2025.12.01	00:15:10.966		1.32330			4
2025.12.01	00:15:11.430		1.32338			4
2025.12.01	00:15:12.033		1.32330			4
2025.12.01	00:15:12.431		1.32329			4
2025.12.01	00:15:13.434		1.32339			4
2025.12.01	00:15:14.433		1.32329			4
2025.12.01	00:15:15.341		1.32330			4
2025.12.01	00:15:16.430	1.32190	1.32300			6
2025.12.01	00:15:17.432	1.32248	1.32338			6
2025.12.01	00:15:20.146	1.32227	1.32315			6
2025.12.01	00:15:20.452	1.32248	1.32338			6
2025.12.01	00:15:21.346		1.32332			4
2025.12.01	00:15:21.817		1.32337			4
2025.12.01	00:15:22.240		1.32338			4
2025.12.01	00:15:22.548		1.32337			4
2025.12.01	00:15:23.434		1.32338			4
2025.12.01	00:15:25.247		1.32337			4
2025.12.01	00:15:26.147	1.32227	1.32306			6
2025.12.01	00:15:26.463	1.32248	1.32337			6
2025.12.01	00:15:28.433	1.32181	1.32309			6
2025.12.01	00:15:29.434	1.32248	1.32337			6
2025.12.01	00:15:32.434		1.32336			4
2025.12.01	00:15:33.431		1.32337			4
2025.12.01	00:15:34.840	1.32247	1.32327			6
2025.12.01	00:15:35.319	1.32181	1.32316			6
2025.12.01	00:15:36.041		1.32315			4
2025.12.01	00:15:36.431	1.32248	1.32334			6
2025.12.01	00:15:38.339		1.32337			4
2025.12.01	00:15:47.435	1.32182	1.32314			6
2025.12.01	00:15:48.339	1.32248	1.32337			6
2025.12.01	00:15:59.432	1.32182	1.32314			6
2025.12.01	00:16:00.432	1.32248	1.32337			6
2025.12.01	00:16:08.766	1.32264				2
2025.12.01	00:16:15.355	1.32270				2
2025.12.01	00:16:19.521	1.32264				2
2025.12.01	00:16:25.271	1.32258				2
2025.12.01	00:16:27.169	1.32253				2
2025.12.01	00:17:00.041	1.32253				2
2025.12.01	00:17:01.840		1.32337			4
2025.12.01	00:18:00.494	1.32253				2
2025.12.01	00:18:03.041		1.32337			4
2025.12.01	00:18:20.740	1.32233	1.32336			6
2025.12.01	00:18:21.430		1.32337			4
2025.12.01	00:18:25.432	1.32201	1.32319			6
2025.12.01	00:18:25.963	1.32217	1.32310			6
2025.12.01	00:18:26.434	1.32233	1.32337			6
2025.12.01	00:18:30.433		1.32316			4
2025.12.01	00:18:31.435		1.32337			4
2025.12.01	00:18:43.430	1.32178	1.32312			6
2025.12.01	00:18:44.433	1.32233	1.32337			6
2025.12.01	00:18:56.431		1.32317			4
2025.12.01	00:18:57.430		1.32337			4
2025.12.01	00:18:58.430	1.32182	1.32308			6
2025.12.01	00:18:59.027	1.32178	1.32312			6
2025.12.01	00:18:59.431	1.32233	1.32337			6
2025.12.01	00:19:00.434	1.32233				2
2025.12.01	00:19:10.431	1.32179	1.32311			6
2025.12.01	00:19:11.434	1.32233	1.32337			6
2025.12.01	00:19:17.140		1.32315			4
2025.12.01	00:19:17.441		1.32337			4
2025.12.01	00:19:21.317		1.32335			4
2025.12.01	00:19:28.430	1.32179	1.32311			6
2025.12.01	00:19:29.432	1.32233	1.32335			6
2025.12.01	00:19:33.836		1.32334			4
2025.12.01	00:19:46.434	1.32178	1.32312			6
2025.12.01	00:19:47.434	1.32233	1.32334			6
2025.12.01	00:19:58.435	1.32178	1.32312			6
2025.12.01	00:19:59.432	1.32233	1.32334			6
2025.12.01	00:20:00.431	1.32233				2
2025.12.01	00:20:11.433	1.32180	1.32310			6
2025.12.01	00:20:12.344	1.32233	1.32334			6
2025.12.01	00:20:19.430		1.32317			4
2025.12.01	00:20:20.430		1.32334			4
2025.12.01	00:20:23.431	1.32180	1.32310			6
2025.12.01	00:20:24.185	1.32233	1.32334			6
2025.12.01	00:20:25.239		1.32319			4
2025.12.01	00:20:25.543		1.32334			4
2025.12.01	00:20:36.339	1.32179	1.32311			6
2025.12.01	00:20:37.433	1.32233	1.32334			6
2025.12.01	00:20:38.140		1.32318			4
2025.12.01	00:20:38.446		1.32334			4
2025.12.01	00:20:39.433		1.32316			4
2025.12.01	00:20:44.434		1.32315			4
2025.12.01	00:20:53.430		1.32316			4
2025.12.01	00:21:00.432	1.32233				2
2025.12.01	00:21:13.798		1.32329			4
2025.12.01	00:21:14.434	1.32231				2
2025.12.01	00:21:19.186	1.32163	1.32325			6
2025.12.01	00:21:19.499	1.32231	1.32329			6
2025.12.01	00:21:36.432	1.32255	1.32336			6
2025.12.01	00:21:38.337		1.32338			4
2025.12.01	00:21:45.878	1.32256				2
2025.12.01	00:21:46.302	1.32258				2
2025.12.01	00:21:46.810	1.32260				2
2025.12.01	00:21:48.301	1.32262				2
2025.12.01	00:21:48.880	1.32264				2
2025.12.01	00:21:49.921	1.32288	1.32489			6
2025.12.01	00:21:52.696	1.32276	1.32477			6
2025.12.01	00:21:52.998	1.32270	1.32471			6
2025.12.01	00:22:00.072	1.32270				2
2025.12.01	00:22:00.377	1.32252	1.32450			6
2025.12.01	00:22:02.233	1.32258	1.32459			6
2025.12.01	00:22:07.506		1.32429			4
2025.12.01	00:22:07.816	1.32254	1.32428			6
2025.12.01	00:22:09.943	1.32266				2
2025.12.01	00:22:15.043	1.32253	1.32427			6
2025.12.01	00:22:18.161	1.32270				2
2025.12.01	00:22:23.506	1.32263				2
2025.12.01	00:22:25.841		1.32410			4
2025.12.01	00:22:26.898	1.32256				2
2025.12.01	00:22:27.746		1.32429			4
2025.12.01	00:22:31.339		1.32431			4
2025.12.01	00:22:35.569		1.32430			4
2025.12.01	00:22:36.101	1.32261	1.32417			6
2025.12.01	00:22:42.388		1.32404			4
2025.12.01	00:22:42.806		1.32408			4
2025.12.01	00:22:51.341		1.32409			4
2025.12.01	00:22:51.769	1.32262	1.32427			6
2025.12.01	00:23:00.099	1.32262				2
2025.12.01	00:23:13.989	1.32274				2
2025.12.01	00:23:20.339		1.32425			4
2025.12.01	00:24:00.494	1.32274				2
2025.12.01	00:24:20.967		1.32425			4
2025.12.01	00:25:01.426	1.32274				2
2025.12.01	00:25:04.523		1.32423			4
2025.12.01	00:26:02.535	1.32274	1.32428			6
2025.12.01	00:26:23.341		1.32426			4
2025.12.01	00:27:03.533	1.32274				2
2025.12.01	00:27:32.393		1.32426			4
2025.12.01	00:27:49.490	1.32270	1.32424			6
2025.12.01	00:28:05.111	1.32270				2
2025.12.01	00:28:50.494		1.32424			4
2025.12.01	00:29:06.030	1.32270				2
2025.12.01	00:29:18.339		1.32425			4
2025.12.01	00:30:00.303	1.32271				2
2025.12.01	00:30:09.749	1.32267				2
2025.12.01	00:30:10.869	1.32274	1.32420			6
2025.12.01	00:30:12.344		1.32419			4
2025.12.01	00:30:13.760		1.32418			4
2025.12.01	00:30:16.094		1.32419			4
2025.12.01	00:30:17.058	1.32260	1.32426			6
2025.12.01	00:30:18.064		1.32425			4
2025.12.01	00:30:20.849	1.32274	1.32415			6
2025.12.01	00:30:21.167		1.32416			4
2025.12.01	00:30:21.532		1.32413			4
2025.12.01	00:30:21.986		1.32415			4
2025.12.01	00:30:23.101		1.32412			4
2025.12.01	00:30:23.418		1.32415			4
2025.12.01	00:30:24.130		1.32412			4
2025.12.01	00:30:30.196		1.32419			4
2025.12.01	00:30:30.629		1.32417			4
2025.12.01	00:30:33.137		1.32416			4
2025.12.01	00:30:36.679	1.32273				2
2025.12.01	00:30:46.533		1.32413			4
2025.12.01	00:30:47.034		1.32416			4
2025.12.01	00:30:47.533		1.32413			4
2025.12.01	00:30:48.041		1.32416			4
2025.12.01	00:30:48.529		1.32413			4
2025.12.01	00:30:49.030		1.32416			4
2025.12.01	00:30:49.531		1.32413			4
2025.12.01	00:30:49.998		1.32416			4
2025.12.01	00:30:50.468		1.32413			4
2025.12.01	00:30:50.940		1.32389			4
2025.12.01	00:31:01.245	1.32273				2
2025.12.01	00:31:04.538		1.32386			4
2025.12.01	00:31:05.000		1.32389			4
2025.12.01	00:31:05.468		1.32387			4
2025.12.01	00:31:05.968		1.32391			4
2025.12.01	00:31:08.141		1.32392			4
2025.12.01	00:31:17.059		1.32422			4
2025.12.01	00:31:34.934		1.32419			4
2025.12.01	00:31:39.953	1.32275	1.32429			6
2025.12.01	00:32:00.966	1.32275				2
2025.12.01	00:32:03.920		1.32415			4
2025.12.01	00:32:05.164		1.32417			4
2025.12.01	00:32:05.660		1.32440			4
2025.12.01	00:32:23.127		1.32438			4
2025.12.01	00:32:23.633		1.32440			4
2025.12.01	00:32:33.241		1.32439			4
2025.12.01	00:32:33.743		1.32440			4
2025.12.01	00:32:43.130		1.32437			4
2025.12.01	00:32:43.903		1.32440			4
2025.12.01	00:32:47.521	1.32276	1.32431			6
2025.12.01	00:32:53.536		1.32437			4
2025.12.01	00:32:54.043		1.32440			4
2025.12.01	00:32:54.356		1.32439			4
2025.12.01	00:33:00.941	1.32276				2
2025.12.01	00:33:13.837		1.32438			4
2025.12.01	00:33:14.744		1.32437			4
2025.12.01	00:33:30.769		1.32439			4
2025.12.01	00:33:54.626	1.32278	1.32434			6
2025.12.01	00:33:55.341		1.32427			4
2025.12.01	00:34:01.541	1.32278				2
2025.12.01	00:34:24.869		1.32435			4
2025.12.01	00:34:25.883		1.32429			4
2025.12.01	00:34:48.150		1.32435			4
2025.12.01	00:34:53.224		1.32439			4
2025.12.01	00:34:54.346		1.32437			4
2025.12.01	00:34:56.123		1.32436			4
2025.12.01	00:34:57.182		1.32432			4
2025.12.01	00:35:00.643	1.32278				2
2025.12.01	00:35:11.823		1.32437			4
2025.12.01	00:35:13.228		1.32429			4
2025.12.01	00:35:21.743	1.32280	1.32420			6
2025.12.01	00:35:33.165		1.32416			4
2025.12.01	00:35:43.176		1.32429			4
2025.12.01	00:36:06.652	1.32280				2
2025.12.01	00:36:44.610		1.32429			4
2025.12.01	00:36:53.315	1.32270	1.32439			6
2025.12.01	00:37:00.494	1.32270				2
2025.12.01	00:37:52.878		1.32429			4
2025.12.01	00:37:53.276		1.32427			4
2025.12.01	00:37:53.904	1.32274	1.32428			6
2025.12.01	00:37:54.281	1.32270	1.32431			6
2025.12.01	00:37:54.911		1.32429			4
2025.12.01	00:37:55.306	1.32288	1.32432			6
2025.12.01	00:37:56.245		1.32433			4
2025.12.01	00:37:56.740		1.32432			4
2025.12.01	00:37:57.126		1.32431			4
2025.12.01	00:37:57.528		1.32432			4
2025.12.01	00:37:58.042		1.32435			4
2025.12.01	00:38:00.702	1.32288	1.32433			6
2025.12.01	00:38:03.942		1.32432			4
2025.12.01	00:38:05.806	1.32289				2
2025.12.01	00:38:06.997		1.32431			4
2025.12.01	00:38:12.097	1.32288				2
2025.12.01	00:38:19.783		1.32433			4
2025.12.01	00:38:20.093		1.32434			4
2025.12.01	00:38:23.006		1.32433			4
2025.12.01	00:38:30.033		1.32432			4
2025.12.01	00:38:35.743		1.32433			4
2025.12.01	00:38:37.540		1.32432			4
2025.12.01	00:38:42.171		1.32431			4
2025.12.01	00:38:44.011		1.32430			4
2025.12.01	00:38:44.346		1.32431			4
2025.12.01	00:38:45.461		1.32432			4
2025.12.01	00:38:46.245		1.32431			4
2025.12.01	00:38:47.246		1.32430			4
2025.12.01	00:38:50.800		1.32434			4
2025.12.01	00:38:51.118		1.32432			4
2025.12.01	00:38:51.615		1.32431			4
2025.12.01	00:38:52.891		1.32430			4
2025.12.01	00:38:56.146		1.32429			4
2025.12.01	00:39:00.041	1.32288				2
2025.12.01	00:39:00.461		1.32430			4
2025.12.01	00:39:01.561		1.32425			4
2025.12.01	00:39:01.914		1.32426			4
2025.12.01	00:39:04.010		1.32429			4
2025.12.01	00:39:04.369		1.32425			4
2025.12.01	00:39:07.073	1.32282	1.32424			6
2025.12.01	00:39:08.244	1.32290				2
2025.12.01	00:39:10.095		1.32425			4
2025.12.01	00:39:10.438		1.32428			4
2025.12.01	00:39:12.041		1.32425			4
2025.12.01	00:39:12.641		1.32424			4
2025.12.01	00:39:14.892		1.32425			4
2025.12.01	00:39:17.951		1.32426			4
2025.12.01	00:39:20.442		1.32427			4
2025.12.01	00:39:21.248		1.32429			4
2025.12.01	00:39:28.241		1.32428			4
2025.12.01	00:39:29.488		1.32429			4
2025.12.01	00:39:30.246		1.32428			4
2025.12.01	00:39:31.075		1.32427			4
2025.12.01	00:39:38.442		1.32426			4
2025.12.01	00:39:45.686		1.32427			4
2025.12.01	00:39:54.862		1.32426			4
2025.12.01	00:39:55.220		1.32425			4
2025.12.01	00:39:55.672		1.32424			4
2025.12.01	00:39:55.978		1.32429			4
2025.12.01	00:39:58.280		1.32426			4
2025.12.01	00:39:59.250		1.32425			4
2025.12.01	00:40:02.141	1.32290				2
2025.12.01	00:40:06.645		1.32426			4
2025.12.01	00:40:12.041		1.32425			4
2025.12.01	00:40:12.495		1.32424			4
2025.12.01	00:40:13.841		1.32425			4
2025.12.01	00:40:15.260		1.32426			4
2025.12.01	00:40:15.860		1.32424			4
2025.12.01	00:40:22.393		1.32426			4
2025.12.01	00:40:23.017		1.32402			4
2025.12.01	00:40:25.172		1.32400			4
2025.12.01	00:40:25.493		1.32401			4
2025.12.01	00:40:29.321		1.32402			4
2025.12.01	00:40:30.448		1.32404			4
2025.12.01	00:40:31.353		1.32401			4
2025.12.01	00:40:32.794		1.32400			4
2025.12.01	00:40:34.252		1.32397			4
2025.12.01	00:40:37.242		1.32398			4
2025.12.01	00:40:41.864		1.32397			4
2025.12.01	00:40:47.765		1.32399			4
2025.12.01	00:40:50.141		1.32397			4
2025.12.01	00:40:51.576		1.32396			4
2025.12.01	00:40:53.807		1.32397			4
2025.12.01	00:40:55.322		1.32396			4
2025.12.01	00:40:56.806		1.32397			4
2025.12.01	00:40:58.330		1.32400			4
2025.12.01	00:41:01.093	1.32290	1.32401			6
2025.12.01	00:41:02.442		1.32400			4
2025.12.01	00:41:02.811		1.32396			4
2025.12.01	00:41:09.282		1.32397			4
2025.12.01	00:41:10.417		1.32396			4
2025.12.01	00:41:12.645		1.32397			4
2025.12.01	00:41:13.830		1.32398			4
2025.12.01	00:41:14.741		1.32397			4
2025.12.01	00:41:15.283		1.32399			4
2025.12.01	00:41:18.932		1.32400			4
2025.12.01	00:41:23.017		1.32433			4
2025.12.01	00:41:23.561		1.32399			4
2025.12.01	00:41:24.941		1.32398			4
2025.12.01	00:41:26.119		1.32400			4
2025.12.01	00:41:30.606		1.32399			4
2025.12.01	00:41:36.643		1.32400			4
2025.12.01	00:41:37.993		1.32399			4
2025.12.01	00:41:40.257		1.32400			4
2025.12.01	00:41:41.387	1.32277	1.32362			6
2025.12.01	00:41:45.048	1.32283				2
2025.12.01	00:41:45.667	1.32284				2
2025.12.01	00:41:56.376	1.32287				2
2025.12.01	00:42:00.057	1.32287				2
2025.12.01	00:42:20.288	1.32281				2
2025.12.01	00:42:25.194	1.32285				2
2025.12.01	00:42:26.100	1.32288				2
2025.12.01	00:42:30.087	1.32287				2
2025.12.01	00:42:33.156	1.32272	1.32402			6
2025.12.01	00:42:33.459		1.32401			4
2025.12.01	00:42:34.247	1.32269	1.32363			6
2025.12.01	00:42:35.140	1.32271				2
2025.12.01	00:42:35.470	1.32273	1.32347			6
2025.12.01	00:42:41.142		1.32327			4
2025.12.01	00:42:46.535	1.32270	1.32362			6
2025.12.01	00:42:47.161	1.32272				2
2025.12.01	00:42:49.026	1.32265				2
2025.12.01	00:42:56.139	1.32269	1.32359			6
2025.12.01	00:43:00.315	1.32269				2
2025.12.01	00:43:13.923		1.32356			4
2025.12.01	00:43:14.239		1.32345			4
2025.12.01	00:43:18.323		1.32347			4
2025.12.01	00:43:18.942		1.32345			4
2025.12.01	00:43:21.942		1.32344			4
2025.12.01	00:43:27.126		1.32346			4
2025.12.01	00:43:27.642		1.32344			4
2025.12.01	00:43:31.169		1.32345			4
2025.12.01	00:43:36.341		1.32344			4
2025.12.01	00:43:51.340		1.32358			4
2025.12.01	00:44:00.492	1.32269				2
2025.12.01	00:44:10.495	1.32270				2
2025.12.01	00:44:18.734		1.32357			4
2025.12.01	00:44:46.618	1.32272	1.32341			6
2025.12.01	00:44:48.382		1.32333			4
2025.12.01	00:44:49.217		1.32334			4
2025.12.01	00:44:49.733		1.32330			4
2025.12.01	00:44:51.349		1.32331			4
2025.12.01	00:44:59.879		1.32330			4
2025.12.01	00:45:00.496	1.32272	1.32331			6
2025.12.01	00:45:00.813		1.32355			4
2025.12.01	00:45:03.173	1.32269	1.32359			6
2025.12.01	00:45:05.032		1.32358			4
2025.12.01	00:45:06.574	1.32272	1.32355			6
2025.12.01	00:45:11.778	1.32288	1.32339			6
2025.12.01	00:45:30.298	1.32287	1.32340			6
2025.12.01	00:45:35.217		1.32339			4
2025.12.01	00:45:40.457	1.32288				2
2025.12.01	00:45:40.766		1.32337			4
2025.12.01	00:45:41.706		1.32339			4
2025.12.01	00:45:49.441		1.32338			4
2025.12.01	00:45:51.296		1.32339			4
2025.12.01	00:45:54.391		1.32338			4
2025.12.01	00:45:56.879		1.32339			4
2025.12.01	00:45:58.117		1.32338			4
2025.12.01	00:45:59.661		1.32339			4
2025.12.01	00:46:00.285	1.32288				2
2025.12.01	00:46:04.316		1.32338			4
2025.12.01	00:46:05.242		1.32336			4
2025.12.01	00:46:05.551		1.32338			4
2025.12.01	00:46:13.611		1.32335			4
2025.12.01	00:46:16.091		1.32337			4
2025.12.01	00:46:19.192		1.32338			4
2025.12.01	00:46:20.727		1.32337			4
2025.12.01	00:46:22.909		1.32336			4
2025.12.01	00:46:24.144		1.32337			4
2025.12.01	00:46:26.311		1.32336			4
2025.12.01	00:46:26.928		1.32337			4
2025.12.01	00:46:28.791		1.32338			4
2025.12.01	00:46:29.408		1.32337			4
2025.12.01	00:46:43.636		1.32334			4
2025.12.01	00:46:44.872		1.32337			4
2025.12.01	00:46:45.802		1.32336			4
2025.12.01	00:46:48.274		1.32334			4
2025.12.01	00:46:53.228		1.32333			4
2025.12.01	00:46:54.465		1.32332			4
2025.12.01	00:46:55.694		1.32333			4
2025.12.01	00:46:56.310		1.32334			4
2025.12.01	00:46:59.402		1.32333			4
2025.12.01	00:47:00.022	1.32288				2
2025.12.01	00:47:00.336		1.32334			4
2025.12.01	00:47:02.509		1.32333			4
2025.12.01	00:47:03.125	1.32284	1.32335			6
2025.12.01	00:47:04.361		1.32336			4
2025.12.01	00:47:05.599		1.32335			4
2025.12.01	00:47:06.525	1.32288	1.32333			6
2025.12.01	00:47:20.387	1.32289				2
2025.12.01	00:47:21.309		1.32331			4
2025.12.01	00:47:21.610		1.32332			4
2025.12.01	00:47:23.774		1.32331			4
2025.12.01	00:47:26.539		1.32332			4
2025.12.01	00:47:37.652		1.32330			4
2025.12.01	00:47:39.200		1.32333			4
2025.12.01	00:47:39.511		1.32332			4
2025.12.01	00:47:45.992		1.32331			4
2025.12.01	00:47:56.175		1.32332			4
2025.12.01	00:47:58.654		1.32329			4
2025.12.01	00:48:00.194	1.32289				2
2025.12.01	00:48:18.410		1.32333			4
2025.12.01	00:48:18.718		1.32331			4
2025.12.01	00:48:19.640		1.32330			4
2025.12.01	00:48:21.791		1.32328			4
2025.12.01	00:48:22.401		1.32327			4
2025.12.01	00:48:22.717		1.32329			4
2025.12.01	00:48:26.413		1.32326			4
2025.12.01	00:48:26.721		1.32330			4
2025.12.01	00:48:47.345		1.32329			4
2025.12.01	00:48:47.652		1.32328			4
2025.12.01	00:48:50.134		1.32329			4
2025.12.01	00:48:56.011	1.32288				2
2025.12.01	00:48:58.479	1.32293	1.32330			6
2025.12.01	00:48:58.786		1.32329			4
2025.12.01	00:49:00.023	1.32293				2
2025.12.01	00:49:00.641		1.32326			4
2025.12.01	00:49:11.145	1.32294	1.32324			6
2025.12.01	00:49:11.762		1.32326			4
2025.12.01	00:49:12.064		1.32328			4
2025.12.01	00:49:35.582		1.32324			4
2025.12.01	00:49:35.892		1.32328			4
2025.12.01	00:49:36.508		1.32324			4
2025.12.01	00:49:36.819		1.32329			4
2025.12.01	00:49:49.506		1.32327			4
2025.12.01	00:49:49.816		1.32324			4
2025.12.01	00:49:50.125		1.32323			4
2025.12.01	00:49:50.740		1.32324			4
2025.12.01	00:49:51.670		1.32323			4
2025.12.01	00:50:00.025	1.32294				2
2025.12.01	00:50:01.887		1.32329			4
2025.12.01	00:50:02.503		1.32327			4
2025.12.01	00:50:04.056		1.32325			4
2025.12.01	00:50:04.985		1.32328			4
2025.12.01	00:50:11.816		1.32329			4
2025.12.01	00:50:19.556		1.32327			4
2025.12.01	00:50:23.881		1.32328			4
2025.12.01	00:50:30.699		1.32326			4
2025.12.01	00:50:52.057	1.32291	1.32325			6
2025.12.01	00:50:53.906		1.32327			4
2025.12.01	00:50:56.074		1.32325			4
2025.12.01	00:50:56.696		1.32322			4
2025.12.01	00:50:57.011		1.32323			4
2025.12.01	00:50:59.169		1.32335			4
2025.12.01	00:50:59.472	1.32289	1.32322			6
2025.12.01	00:51:00.099	1.32289				2
2025.12.01	00:51:00.710		1.32323			4
2025.12.01	00:51:01.331		1.32324			4
2025.12.01	00:51:01.946		1.32323			4
2025.12.01	00:51:05.036		1.32324			4
2025.12.01	00:51:05.345		1.32323			4
2025.12.01	00:51:06.270	1.32290				2
2025.12.01	00:51:07.202		1.32322			4
2025.12.01	00:51:07.510		1.32323			4
2025.12.01	00:51:10.292		1.32322			4
2025.12.01	00:51:12.454		1.32321			4
2025.12.01	00:51:16.465	1.32289				2
2025.12.01	00:51:21.096	1.32290				2
2025.12.01	00:51:21.405		1.32324			4
2025.12.01	00:51:26.041		1.32323			4
2025.12.01	00:51:30.676		1.32322			4
2025.12.01	00:51:31.292	1.32289				2
2025.12.01	00:51:31.607		1.32323			4
2025.12.01	00:51:38.399		1.32322			4
2025.12.01	00:51:39.634		1.32320			4
2025.12.01	00:51:51.058	1.32290				2
2025.12.01	00:51:51.359		1.32319			4
2025.12.01	00:51:51.984		1.32321			4
2025.12.01	00:51:56.920		1.32320			4
2025.12.01	00:51:57.535		1.32321			4
2025.12.01	00:52:00.008	1.32290				2
2025.12.01	00:52:00.623	1.32291	1.32325			6
2025.12.01	00:52:00.937		1.32326			4
2025.12.01	00:52:01.241		1.32327			4
2025.12.01	00:52:02.483		1.32326			4
2025.12.01	00:52:11.738		1.32325			4
2025.12.01	00:52:20.691		1.32324			4
2025.12.01	00:52:26.566		1.32325			4
2025.12.01	00:52:30.886		1.32326			4
2025.12.01	00:52:34.593		1.32325			4
2025.12.01	00:52:35.829		1.32324			4
2025.12.01	00:52:51.299		1.32325			4
2025.12.01	00:52:52.221		1.32324			4
2025.12.01	00:53:00.270	1.32291				2
2025.12.01	00:53:32.778		1.32325			4
2025.12.01	00:53:41.733		1.32324			4
2025.12.01	00:53:44.509		1.32325			4
2025.12.01	00:53:54.707		1.32326			4
2025.12.01	00:53:59.019		1.32325			4
2025.12.01	00:54:00.265	1.32291				2
2025.12.01	00:54:20.072		1.32326			4
2025.12.01	00:54:21.915		1.32327			4
2025.12.01	00:54:52.720		1.32325			4
2025.12.01	00:55:00.150	1.32291				2
2025.12.01	00:55:07.576		1.32335			4
2025.12.01	00:55:07.890		1.32325			4
2025.12.01	00:55:08.809		1.32335			4
2025.12.01	00:55:30.423		1.32334			4
2025.12.01	00:55:31.661		1.32335			4
2025.12.01	00:55:33.208		1.32334			4
2025.12.01	00:56:00.116	1.32291				2
2025.12.01	00:56:01.353		1.32335			4
2025.12.01	00:56:02.899		1.32334			4
2025.12.01	00:56:06.297		1.32333			4
2025.12.01	00:56:08.460		1.32334			4
2025.12.01	00:56:10.932		1.32335			4
2025.12.01	00:56:18.977		1.32334			4
2025.12.01	00:56:22.678		1.32335			4
2025.12.01	00:56:31.344		1.32334			4
2025.12.01	00:56:48.004		1.32333			4
2025.12.01	00:56:51.399		1.32335			4
2025.12.01	00:56:56.026	1.32301	1.32341			6
2025.12.01	00:57:00.034	1.32301				2
2025.12.01	00:57:00.341		1.32337			4
2025.12.01	00:57:10.237		1.32336			4
2025.12.01	00:57:12.086		1.32337			4
2025.12.01	00:57:14.558		1.32341			4
2025.12.01	00:57:30.329		1.32336			4
2025.12.01	00:57:30.646		1.32332			4
2025.12.01	00:57:33.428		1.32337			4
2025.12.01	00:57:42.695		1.32341			4
2025.12.01	00:57:44.857		1.32336			4
2025.12.01	00:57:45.783	1.32293	1.32335			6
2025.12.01	00:57:46.084	1.32289	1.32321			6
2025.12.01	00:57:57.448		1.32334			4
2025.12.01	00:57:59.303		1.32323			4
2025.12.01	00:57:59.607		1.32321			4
2025.12.01	00:58:00.216	1.32289				2
2025.12.01	00:58:08.181		1.32322			4
2025.12.01	00:58:15.845		1.32324			4
2025.12.01	00:58:17.710		1.32326			4
2025.12.01	00:58:18.017		1.32324			4
2025.12.01	00:58:22.689		1.32326			4
2025.12.01	00:58:22.995		1.32324			4
2025.12.01	00:58:26.389		1.32325			4
2025.12.01	00:58:30.118		1.32326			4
2025.12.01	00:58:40.660		1.32325			4
2025.12.01	00:58:42.846		1.32332			4
2025.12.01	00:58:44.076		1.32333			4
2025.12.01	00:58:47.476	1.32294	1.32335			6
2025.12.01	00:58:48.089	1.32289	1.32330			6
2025.12.01	00:58:49.636		1.32325			4
2025.12.01	00:58:49.944		1.32324			4
2025.12.01	00:58:50.252	1.32299	1.32335			6
2025.12.01	00:58:52.104	1.32295	1.32327			6
2025.12.01	00:58:52.409		1.32325			4
2025.12.01	00:58:52.711	1.32291	1.32329			6
2025.12.01	00:58:54.266	1.32293	1.32327			6
2025.12.01	00:58:54.570	1.32294	1.32326			6
2025.12.01	00:58:54.873	1.32291	1.32327			6
2025.12.01	00:58:55.179	1.32292	1.32328			6
2025.12.01	00:58:55.492	1.32293	1.32327			6
2025.12.01	00:58:55.798	1.32292	1.32328			6
2025.12.01	00:58:56.104	1.32295	1.32325			6
2025.12.01	00:58:56.725	1.32293	1.32327			6
2025.12.01	00:58:57.643	1.32292	1.32328			6
2025.12.01	00:58:57.956	1.32293	1.32327			6
2025.12.01	00:58:58.568	1.32292	1.32328			6
2025.12.01	00:58:58.879	1.32295	1.32325			6
2025.12.01	00:58:59.181	1.32292	1.32328			6
2025.12.01	00:58:59.492	1.32293	1.32327			6
2025.12.01	00:59:00.114	1.32293	1.32328			6
2025.12.01	00:59:00.420	1.32294	1.32326			6
2025.12.01	00:59:00.732	1.32293	1.32327			6
2025.12.01	00:59:01.042	1.32300	1.32335			6
2025.12.01	00:59:01.353	1.32299				2
2025.12.01	00:59:01.657	1.32300				2
2025.12.01	00:59:09.994	1.32291	1.32329			6
2025.12.01	00:59:10.309	1.32292	1.32328			6
2025.12.01	00:59:18.341	1.32301	1.32332			6
2025.12.01	00:59:18.645	1.32289	1.32330			6
2025.12.01	00:59:18.949		1.32329			4
2025.12.01	00:59:20.513		1.32327			4
2025.12.01	00:59:20.823	1.32291	1.32329			6
2025.12.01	00:59:22.685	1.32292	1.32328			6
2025.12.01	00:59:22.995	1.32291	1.32329			6
2025.12.01	00:59:23.303	1.32290	1.32330			6
2025.12.01	00:59:24.541	1.32294				2
2025.12.01	00:59:24.845	1.32299	1.32329			6
2025.12.01	00:59:25.151		1.32335			4
2025.12.01	00:59:25.464	1.32300				2
2025.12.01	00:59:25.765	1.32299				2
2025.12.01	00:59:27.011	1.32289	1.32327			6
2025.12.01	00:59:27.313	1.32290	1.32330			6
2025.12.01	00:59:28.243	1.32292	1.32328			6
2025.12.01	00:59:28.557	1.32290	1.32330			6
2025.12.01	00:59:29.174	1.32293	1.32327			6
2025.12.01	00:59:29.477	1.32291	1.32329			6
2025.12.01	00:59:30.101	1.32290	1.32330			6
2025.12.01	00:59:30.408	1.32292	1.32328			6
2025.12.01	00:59:31.330	1.32291	1.32329			6
2025.12.01	00:59:31.641	1.32299	1.32335			6
2025.12.01	00:59:31.949	1.32294	1.32329			6
2025.12.01	00:59:32.256	1.32289				2
2025.12.01	00:59:38.440		1.32330			4
2025.12.01	00:59:39.362		1.32329			4
2025.12.01	00:59:40.288		1.32328			4
2025.12.01	00:59:42.450		1.32329			4
2025.12.01	00:59:45.226		1.32328			4
2025.12.01	00:59:46.156	1.32296	1.32330			6
2025.12.01	00:59:46.461	1.32298	1.32335			6
2025.12.01	00:59:46.770	1.32299				2
2025.12.01	00:59:48.323	1.32291	1.32329			6
2025.12.01	00:59:49.557	1.32296	1.32330			6
2025.12.01	00:59:49.866	1.32298	1.32335			6
2025.12.01	00:59:50.178	1.32296				2
2025.12.01	00:59:50.488	1.32292	1.32328			6
2025.12.01	00:59:52.037	1.32294	1.32326			6
2025.12.01	00:59:52.351	1.32292	1.32328			6
2025.12.01	00:59:53.277	1.32298	1.32335			6
2025.12.01	00:59:53.586	1.32296				2
2025.12.01	00:59:54.210	1.32292	1.32328			6
2025.12.01	00:59:54.826	1.32293	1.32327			6
2025.12.01	00:59:55.140	1.32291	1.32329			6
2025.12.01	00:59:55.761	1.32289	1.32328			6
2025.12.01	00:59:56.372		1.32329			4
2025.12.01	00:59:56.682		1.32328			4
2025.12.01	00:59:57.613		1.32327			4
2025.12.01	00:59:57.920		1.32329			4
2025.12.01	00:59:59.787	1.32291				2
2025.12.01	01:00:00.100	1.32290	1.32330			6
2025.12.01	01:00:00.404	1.32293	1.32329			6
2025.12.01	01:00:01.114		1.32330			4
2025.12.01	01:00:01.424		1.32324			4
2025.12.01	01:00:01.740	1.32302	1.32314			6
2025.12.01	01:00:02.050	1.32304	1.32316			6
2025.12.01	01:00:02.361	1.32303	1.32315			6
2025.12.01	01:00:02.669	1.32304	1.32316			6
2025.12.01	01:00:02.980	1.32303	1.32315			6
2025.12.01	01:00:03.283	1.32304	1.32316			6
2025.12.01	01:00:04.199	1.32309	1.32314			6
2025.12.01	01:00:04.503	1.32293	1.32331			6
2025.12.01	01:00:05.430		1.32333			4
2025.12.01	01:00:05.736		1.32335			4
2025.12.01	01:00:06.983	1.32298	1.32330			6
2025.12.01	01:00:07.289		1.32331			4
2025.12.01	01:00:08.234	1.32299	1.32330			6
2025.12.01	01:00:08.550	1.32297				2
2025.12.01	01:00:09.477	1.32298				2
2025.12.01	01:00:09.783	1.32293	1.32328			6
2025.12.01	01:00:10.086	1.32309	1.32314			6
2025.12.01	01:00:10.390	1.32308	1.32313			6
2025.12.01	01:00:10.704	1.32294	1.32331			6
2025.12.01	01:00:11.018	1.32308	1.32313			6
2025.12.01	01:00:11.938	1.32307	1.32312			6
2025.12.01	01:00:12.857	1.32295	1.32330			6
2025.12.01	01:00:13.169	1.32309	1.32314			6
2025.12.01	01:00:13.784	1.32308	1.32313			6
2025.12.01	01:00:14.704	1.32309	1.32314			6
2025.12.01	01:00:15.008	1.32295	1.32334			6
2025.12.01	01:00:15.617		1.32332			4
2025.12.01	01:00:16.239		1.32334			4
2025.12.01	01:00:16.557	1.32293				2
2025.12.01	01:00:17.175		1.32333			4
2025.12.01	01:00:17.483		1.32334			4
2025.12.01	01:00:18.122		1.32333			4
2025.12.01	01:00:20.300		1.32334			4
2025.12.01	01:00:21.232	1.32299	1.32335			6
2025.12.01	01:00:21.536	1.32298				2
2025.12.01	01:00:23.723	1.32299				2
2025.12.01	01:00:24.650		1.32337			4
2025.12.01	01:00:27.457	1.32310				2
2025.12.01	01:00:27.768		1.32338			4
2025.12.01	01:00:28.084		1.32339			4
2025.12.01	01:00:28.393	1.32311	1.32338			6
2025.12.01	01:00:30.258	1.32320	1.32348			6
2025.12.01	01:00:30.863	1.32324	1.32354			6
2025.12.01	01:00:31.168		1.32348			4
2025.12.01	01:00:31.807		1.32349			4
2025.12.01	01:00:32.423		1.32348			4
2025.12.01	01:00:33.659		1.32349			4
2025.12.01	01:00:34.880		1.32348			4
2025.12.01	01:00:35.183		1.32347			4
2025.12.01	01:00:35.486	1.32323	1.32348			6
2025.12.01	01:00:39.199	1.32324				2
2025.12.01	01:00:39.506	1.32325	1.32349			6
2025.12.01	01:00:39.820		1.32350			4
2025.12.01	01:00:41.052	1.32324	1.32349			6
2025.12.01	01:00:45.700	1.32325				2
2025.12.01	01:00:51.259	1.32326	1.32348			6
2025.12.01	01:00:58.082	1.32331	1.32353			6
2025.12.01	01:00:58.387	1.32332	1.32356			6
2025.12.01	01:00:58.706	1.32333				2
2025.12.01	01:00:59.315	1.32353	1.32354			6
2025.12.01	01:00:59.623	1.32358	1.32359			6
2025.12.01	01:01:00.235	1.32357	1.32358			6
2025.12.01	01:01:00.543	1.32355	1.32356			6
2025.12.01	01:01:01.774	1.32361	1.32362			6
2025.12.01	01:01:03.311	1.32362	1.32363			6
2025.12.01	01:01:04.232	1.32364	1.32365			6
2025.12.01	01:01:04.540	1.32361	1.32362			6
2025.12.01	01:01:16.272	1.32359	1.32360			6
2025.12.01	01:01:19.344	1.32360	1.32361			6
2025.12.01	01:01:21.793	1.32358	1.32359			6
2025.12.01	01:01:22.715	1.32357	1.32358			6
2025.12.01	01:01:23.018	1.32353	1.32354			6
2025.12.01	01:01:23.626	1.32354	1.32355			6
2025.12.01	01:01:24.541	1.32353	1.32354			6
2025.12.01	01:01:24.848	1.32351	1.32352			6
2025.12.01	01:01:29.742	1.32349	1.32350			6
2025.12.01	01:01:45.421	1.32346	1.32347			6
2025.12.01	01:01:46.338	1.32345	1.32346			6
2025.12.01	01:01:47.265	1.32342	1.32343			6
2025.12.01	01:01:47.568	1.32341	1.32342			6
2025.12.01	01:01:59.548	1.32340	1.32341			6
2025.12.01	01:02:00.161	1.32340				2
2025.12.01	01:02:59.765		1.32341			4
2025.12.01	01:03:00.075	1.32340				2
2025.12.01	01:03:04.069	1.32339	1.32340			6
2025.12.01	01:03:05.606	1.32340	1.32341			6
2025.12.01	01:03:31.106	1.32341	1.32342			6
2025.12.01	01:03:31.411	1.32345	1.32346			6
2025.12.01	01:03:32.643	1.32344	1.32345			6
2025.12.01	01:03:34.179	1.32345	1.32346			6
2025.12.01	01:03:34.491	1.32344	1.32345			6
2025.12.01	01:03:35.724	1.32343	1.32344			6
2025.12.01	01:03:36.027	1.32342	1.32343			6
2025.12.01	01:03:41.231	1.32348	1.32349			6
2025.12.01	01:03:45.229	1.32349	1.32350			6
2025.12.01	01:03:46.761	1.32348	1.32349			6
2025.12.01	01:03:55.966	1.32349	1.32350			6
2025.12.01	01:03:58.744	1.32358	1.32359			6
2025.12.01	01:04:00.271	1.32358				2
2025.12.01	01:04:09.479	1.32357	1.32358			6
2025.12.01	01:04:15.295	1.32358	1.32359			6
2025.12.01	01:04:33.064	1.32359	1.32360			6
2025.12.01	01:04:33.369	1.32360	1.32361			6
2025.12.01	01:04:35.526	1.32359	1.32360			6
2025.12.01	01:04:38.288	1.32360	1.32361			6
2025.12.01	01:04:41.052	1.32363	1.32364			6
2025.12.01	01:04:45.970	1.32366	1.32367			6
2025.12.01	01:04:46.272	1.32365	1.32366			6
2025.12.01	01:04:47.795	1.32366	1.32367			6
2025.12.01	01:04:48.104	1.32367	1.32368			6
2025.12.01	01:04:48.718	1.32368	1.32369			6
2025.12.01	01:04:49.631	1.32369	1.32370			6
2025.12.01	01:04:50.854	1.32368	1.32369			6
2025.12.01	01:04:51.161	1.32369	1.32370			6
2025.12.01	01:04:51.468	1.32373	1.32374			6
2025.12.01	01:05:00.044	1.32373				2
2025.12.01	01:05:04.030	1.32367	1.32368			6
2025.12.01	01:05:07.409	1.32365	1.32366			6
2025.12.01	01:05:10.491	1.32364	1.32365			6
2025.12.01	01:05:10.799	1.32365	1.32366			6
2025.12.01	01:05:13.859	1.32366	1.32367			6
2025.12.01	01:05:14.161	1.32365	1.32366			6
2025.12.01	01:05:57.395	1.32367	1.32368			6
2025.12.01	01:05:57.702	1.32365	1.32366			6
2025.12.01	01:06:00.170	1.32365				2
2025.12.01	01:06:03.564	1.32368	1.32369			6
2025.12.01	01:06:04.481	1.32366	1.32367			6
2025.12.01	01:06:06.637	1.32367	1.32368			6
2025.12.01	01:06:07.557	1.32366	1.32367			6
2025.12.01	01:06:08.470	1.32368	1.32369			6
2025.12.01	01:06:09.384	1.32366	1.32367			6
2025.12.01	01:06:09.692	1.32365	1.32366			6
2025.12.01	01:06:10.617	1.32367	1.32368			6
2025.12.01	01:06:11.530	1.32365	1.32366			6
2025.12.01	01:06:56.325	1.32366	1.32367			6
2025.12.01	01:06:56.630	1.32365	1.32366			6
2025.12.01	01:07:00.295	1.32365				2
2025.12.01	01:07:02.135	1.32366	1.32367			6
2025.12.01	01:07:02.437	1.32365	1.32366			6
2025.12.01	01:07:54.228	1.32387	1.32388			6
2025.12.01	01:07:54.536	1.32393	1.32394			6
2025.12.01	01:07:55.138	1.32391	1.32393			6
2025.12.01	01:08:00.076	1.32391				2
2025.12.01	01:08:00.697	1.32392	1.32394			6
2025.12.01	01:08:01.322	1.32391	1.32393			6
2025.12.01	01:08:01.629	1.32392	1.32394			6
2025.12.01	01:08:04.092	1.32393	1.32395			6
2025.12.01	01:08:05.320	1.32392	1.32394			6
2025.12.01	01:08:06.253	1.32393	1.32395			6
2025.12.01	01:08:07.486	1.32392	1.32394			6
2025.12.01	01:08:08.715	1.32393	1.32395			6
2025.12.01	01:08:09.634	1.32395	1.32397			6
2025.12.01	01:08:12.402	1.32400	1.32402			6
2025.12.01	01:08:13.332	1.32397	1.32399			6
2025.12.01	01:08:13.637	1.32398	1.32400			6
2025.12.01	01:08:14.866	1.32402	1.32404			6
2025.12.01	01:08:15.172	1.32401	1.32403			6
2025.12.01	01:08:16.401	1.32400	1.32402			6
2025.12.01	01:08:16.704	1.32401	1.32403			6
2025.12.01	01:08:17.324	1.32400	1.32402			6
2025.12.01	01:08:17.934	1.32398	1.32400			6
2025.12.01	01:08:20.699	1.32397	1.32399			6
2025.12.01	01:08:21.005	1.32395	1.32397			6
2025.12.01	01:08:21.315	1.32403	1.32405			6
2025.12.01	01:08:21.620	1.32402	1.32404			6
2025.12.01	01:08:22.236	1.32405	1.32407			6
2025.12.01	01:08:22.540	1.32410	1.32412			6
2025.12.01	01:08:23.467	1.32409	1.32411			6
2025.12.01	01:08:28.986	1.32412	1.32414			6
2025.12.01	01:08:30.526	1.32413	1.32415			6
2025.12.01	01:08:39.446	1.32409	1.32411			6
2025.12.01	01:08:41.915	1.32411	1.32413			6
2025.12.01	01:08:48.072	1.32410	1.32412			6
2025.12.01	01:08:53.290	1.32411	1.32413			6
2025.12.01	01:08:55.139	1.32410	1.32412			6
2025.12.01	01:08:59.464	1.32412	1.32414			6
2025.12.01	01:08:59.768	1.32410	1.32412			6
2025.12.01	01:09:00.073	1.32410				2
2025.12.01	01:09:04.087	1.32411				2
2025.12.01	01:09:07.752	1.32413	1.32414			6
2025.12.01	01:09:18.493	1.32412	1.32413			6
2025.12.01	01:09:20.356	1.32411	1.32412			6
2025.12.01	01:09:23.746	1.32409	1.32410			6
2025.12.01	01:09:30.299	1.32410	1.32411			6
2025.12.01	01:09:32.166	1.32409	1.32410			6
2025.12.01	01:09:41.419	1.32410	1.32411			6
2025.12.01	01:09:49.144	1.32411	1.32412			6
2025.12.01	01:09:56.817	1.32412	1.32413			6
2025.12.01	01:10:00.191	1.32412				2
2025.12.01	01:10:04.470	1.32409	1.32410			6
2025.12.01	01:10:06.919	1.32410	1.32411			6
2025.12.01	01:10:07.232	1.32409	1.32410			6
2025.12.01	01:10:07.538	1.32411	1.32412			6
2025.12.01	01:10:19.524	1.32410	1.32411			6
2025.12.01	01:10:25.043	1.32406	1.32407			6
2025.12.01	01:10:25.350	1.32407	1.32408			6
2025.12.01	01:10:29.951	1.32408	1.32409			6
2025.12.01	01:10:34.233	1.32409	1.32410			6
2025.12.01	01:10:34.846	1.32410	1.32411			6
2025.12.01	01:10:41.583	1.32411	1.32412			6
2025.12.01	01:10:41.892	1.32414	1.32415			6
2025.12.01	01:10:42.196	1.32415	1.32416			6
2025.12.01	01:10:42.506	1.32414	1.32415			6
2025.12.01	01:10:47.105	1.32413	1.32414			6
2025.12.01	01:10:50.788	1.32412	1.32413			6
2025.12.01	01:10:51.098	1.32411	1.32412			6
2025.12.01	01:10:53.233	1.32412	1.32413			6
2025.12.01	01:10:53.537	1.32411	1.32412			6
2025.12.01	01:10:53.839	1.32412	1.32413			6
2025.12.01	01:10:54.460	1.32411	1.32412			6
2025.12.01	01:10:54.769	1.32412	1.32413			6
2025.12.01	01:10:55.691	1.32411	1.32412			6
2025.12.01	01:10:58.746	1.32412	1.32413			6
2025.12.01	01:11:00.277	1.32413	1.32414			6
2025.12.01	01:11:00.590	1.32411	1.32412			6
2025.12.01	01:11:05.188	1.32412	1.32413			6
2025.12.01	01:11:10.377	1.32411	1.32412			6
2025.12.01	01:11:10.688	1.32412	1.32413			6
2025.12.01	01:11:11.618	1.32410	1.32411			6
2025.12.01	01:11:17.148	1.32407	1.32408			6
2025.12.01	01:11:24.250	1.32408	1.32409			6
2025.12.01	01:11:24.860	1.32409	1.32410			6
2025.12.01	01:11:29.777	1.32412	1.32413			6
2025.12.01	01:11:45.126	1.32410	1.32411			6
2025.12.01	01:11:45.748	1.32409	1.32410			6
2025.12.01	01:11:54.974	1.32408	1.32409			6
2025.12.01	01:11:55.890	1.32410	1.32411			6
2025.12.01	01:11:58.036	1.32411	1.32412			6
2025.12.01	01:11:59.566	1.32417	1.32418			6
2025.12.01	01:11:59.869	1.32431	1.32432			6
2025.12.01	01:12:00.173	1.32429	1.32431			6
2025.12.01	01:12:00.811	1.32430	1.32432			6
2025.12.01	01:12:01.735	1.32431	1.32433			6
2025.12.01	01:12:02.352	1.32434	1.32436			6
2025.12.01	01:12:02.965	1.32435				2
2025.12.01	01:12:03.905	1.32436	1.32437			6
2025.12.01	01:12:04.211	1.32428	1.32430			6
2025.12.01	01:12:04.829	1.32427	1.32429			6
2025.12.01	01:12:05.135		1.32430			4
2025.12.01	01:12:05.756	1.32426	1.32429			6
2025.12.01	01:12:15.355	1.32425	1.32428			6
2025.12.01	01:12:21.832	1.32429	1.32432			6
2025.12.01	01:12:31.103	1.32428	1.32431			6
2025.12.01	01:12:31.420	1.32427	1.32430			6
2025.12.01	01:12:32.039	1.32424	1.32427			6
2025.12.01	01:12:32.650	1.32423	1.32426			6
2025.12.01	01:12:34.179	1.32421	1.32424			6
2025.12.01	01:12:34.484	1.32416	1.32419			6
2025.12.01	01:12:35.426	1.32415	1.32418			6
2025.12.01	01:12:35.745	1.32416	1.32419			6
2025.12.01	01:12:37.911	1.32417	1.32420			6
2025.12.01	01:12:38.215	1.32421	1.32424			6
2025.12.01	01:12:40.697	1.32420	1.32423			6
2025.12.01	01:12:45.633	1.32421	1.32424			6
2025.12.01	01:12:48.721	1.32422	1.32425			6
2025.12.01	01:12:49.027	1.32424	1.32427			6
2025.12.01	01:12:49.333	1.32423	1.32426			6
2025.12.01	01:12:50.259	1.32422	1.32425			6
2025.12.01	01:12:50.879	1.32423	1.32426			6
2025.12.01	01:12:54.297	1.32422	1.32425			6
2025.12.01	01:12:55.226	1.32423	1.32426			6
2025.12.01	01:12:57.389		1.32425			4
2025.12.01	01:13:00.158	1.32423				2
2025.12.01	01:13:01.093	1.32424	1.32426			6
2025.12.01	01:13:03.261	1.32432	1.32434			6
2025.12.01	01:13:03.568	1.32435	1.32437			6
2025.12.01	01:13:04.183	1.32436	1.32439			6
2025.12.01	01:13:06.031	1.32435	1.32438			6
2025.12.01	01:13:07.887	1.32436	1.32439			6
2025.12.01	01:13:09.430	1.32435	1.32438			6
2025.12.01	01:13:10.355	1.32433	1.32436			6
2025.12.01	01:13:10.673	1.32434	1.32437			6
2025.12.01	01:13:11.902	1.32436	1.32439			6
2025.12.01	01:13:12.204	1.32437	1.32440			6
2025.12.01	01:13:21.143	1.32443	1.32446			6
2025.12.01	01:13:21.762	1.32444	1.32447			6
2025.12.01	01:13:22.077	1.32443	1.32446			6
2025.12.01	01:13:22.382	1.32442	1.32445			6
2025.12.01	01:13:22.695	1.32443	1.32446			6
2025.12.01	01:13:23.614	1.32444	1.32447			6
2025.12.01	01:13:23.927	1.32443	1.32446			6
2025.12.01	01:13:24.856	1.32444	1.32447			6
2025.12.01	01:13:25.776	1.32443	1.32446			6
2025.12.01	01:13:28.306	1.32444	1.32447			6
2025.12.01	01:13:31.061	1.32443	1.32446			6
2025.12.01	01:13:31.676	1.32442	1.32445			6
2025.12.01	01:13:31.981	1.32443	1.32446			6
2025.12.01	01:13:32.285	1.32444				2
2025.12.01	01:13:34.757	1.32445	1.32447			6
2025.12.01	01:13:35.376	1.32444	1.32446			6
2025.12.01	01:13:37.222	1.32445	1.32447			6
2025.12.01	01:13:37.533	1.32444	1.32446			6
2025.12.01	01:13:40.298	1.32445	1.32447			6
2025.12.01	01:13:47.997	1.32444	1.32446			6
2025.12.01	01:13:48.305	1.32445	1.32447			6
2025.12.01	01:13:48.924	1.32446	1.32448			6
2025.12.01	01:13:49.229	1.32453	1.32455			6
2025.12.01	01:13:50.464	1.32452	1.32454			6
2025.12.01	01:13:52.014	1.32451	1.32453			6
2025.12.01	01:13:52.947	1.32452	1.32454			6
2025.12.01	01:13:59.111	1.32453	1.32455			6
2025.12.01	01:13:59.418	1.32452	1.32454			6
2025.12.01	01:14:00.039	1.32452				2
2025.12.01	01:14:06.520	1.32450	1.32452			6
2025.12.01	01:14:07.143	1.32451	1.32453			6
2025.12.01	01:14:07.759	1.32450	1.32452			6
2025.12.01	01:14:08.386	1.32451	1.32453			6
2025.12.01	01:14:08.690	1.32450	1.32452			6
2025.12.01	01:14:12.389	1.32451	1.32453			6
2025.12.01	01:14:13.306	1.32450	1.32452			6
2025.12.01	01:14:16.081	1.32451	1.32453			6
2025.12.01	01:14:16.386	1.32449	1.32451			6
2025.12.01	01:14:17.006	1.32450	1.32452			6
2025.12.01	01:14:18.248		1.32451			4
2025.12.01	01:14:18.552	1.32451	1.32452			6
2025.12.01	01:14:21.916	1.32450	1.32451			6
2025.12.01	01:14:22.219	1.32453	1.32454			6
2025.12.01	01:14:22.523	1.32455	1.32456			6
2025.12.01	01:14:22.825	1.32459	1.32460			6
2025.12.01	01:14:23.137	1.32461	1.32462			6
2025.12.01	01:14:23.442	1.32465	1.32466			6
2025.12.01	01:14:24.052	1.32472	1.32473			6
2025.12.01	01:14:24.355	1.32473	1.32475			6
2025.12.01	01:14:24.964	1.32475	1.32477			6
2025.12.01	01:14:25.276	1.32476	1.32479			6
2025.12.01	01:14:26.203	1.32477	1.32480			6
2025.12.01	01:14:26.524	1.32478	1.32481			6
2025.12.01	01:14:27.759	1.32470	1.32473			6
2025.12.01	01:14:28.064	1.32469	1.32472			6
2025.12.01	01:14:28.370	1.32470	1.32473			6
2025.12.01	01:14:28.986	1.32469	1.32472			6
2025.12.01	01:14:29.289	1.32464	1.32467			6
2025.12.01	01:14:29.923	1.32465	1.32468			6
2025.12.01	01:14:30.231		1.32469			4
2025.12.01	01:14:30.535	1.32464	1.32468			6
2025.12.01	01:14:30.849	1.32466	1.32470			6
2025.12.01	01:14:31.158	1.32464	1.32468			6
2025.12.01	01:14:31.776	1.32465	1.32469			6
2025.12.01	01:14:36.099		1.32468			4
2025.12.01	01:14:36.409	1.32466	1.32469			6
2025.12.01	01:14:36.713	1.32465	1.32468			6
2025.12.01	01:14:37.332	1.32466	1.32469			6
2025.12.01	01:14:37.953	1.32465	1.32468			6
2025.12.01	01:14:38.261	1.32466	1.32469			6
2025.12.01	01:14:38.874	1.32475	1.32478			6
2025.12.01	01:14:39.179	1.32476	1.32479			6
2025.12.01	01:14:39.482	1.32477	1.32480			6
2025.12.01	01:14:39.799	1.32479	1.32482			6
2025.12.01	01:14:40.107		1.32483			4
2025.12.01	01:14:41.032	1.32481	1.32485			6
2025.12.01	01:14:41.344	1.32473	1.32477			6
2025.12.01	01:14:41.648	1.32478	1.32482			6
2025.12.01	01:14:41.966	1.32480	1.32484			6
2025.12.01	01:14:42.272	1.32483	1.32487			6
2025.12.01	01:14:42.579	1.32486	1.32488			6
2025.12.01	01:14:42.883	1.32484				2
2025.12.01	01:14:43.196		1.32489			4
2025.12.01	01:14:43.817	1.32481	1.32486			6
2025.12.01	01:14:44.118	1.32480	1.32485			6
2025.12.01	01:14:49.361	1.32479	1.32484			6
2025.12.01	01:14:51.220	1.32480	1.32485			6
2025.12.01	01:14:51.843	1.32481	1.32486			6
2025.12.01	01:14:52.460	1.32480	1.32485			6
2025.12.01	01:14:52.769	1.32482	1.32487			6
2025.12.01	01:14:53.075	1.32480	1.32485			6
2025.12.01	01:14:55.235	1.32481	1.32486			6
2025.12.01	01:14:56.162		1.32485			4
2025.12.01	01:14:57.089	1.32480	1.32484			6
2025.12.01	01:14:58.332	1.32479	1.32483			6
2025.12.01	01:14:58.634	1.32480	1.32484			6
2025.12.01	01:14:59.254	1.32481	1.32485			6
2025.12.01	01:14:59.559	1.32480	1.32484			6
2025.12.01	01:15:00.176	1.32480				2
2025.12.01	01:15:00.488	1.32469	1.32473			6
2025.12.01	01:15:00.799	1.32468	1.32472			6
2025.12.01	01:15:02.037	1.32469				2
2025.12.01	01:15:02.341	1.32468				2
2025.12.01	01:15:02.952	1.32466	1.32471			6
2025.12.01	01:15:07.275	1.32467				2
2025.12.01	01:15:07.588	1.32466				2
2025.12.01	01:15:07.904	1.32467				2
2025.12.01	01:15:08.523	1.32466				2
2025.12.01	01:15:09.136	1.32467				2
2025.12.01	01:15:09.746	1.32466				2
2025.12.01	01:15:10.054	1.32467				2
2025.12.01	01:15:12.825	1.32466				2
2025.12.01	01:15:13.445	1.32467				2
2025.12.01	01:15:15.296	1.32468	1.32473			6
2025.12.01	01:15:15.598	1.32469				2
2025.12.01	01:15:19.614	1.32470	1.32474			6
2025.12.01	01:15:19.927	1.32469				2
2025.12.01	01:15:24.250	1.32470	1.32475			6
2025.12.01	01:15:24.561	1.32469	1.32474			6
2025.12.01	01:15:25.175		1.32473			4
2025.12.01	01:15:25.494	1.32470	1.32474			6
2025.12.01	01:15:31.357	1.32471	1.32475			6
2025.12.01	01:15:32.278	1.32470	1.32474			6
2025.12.01	01:15:32.585	1.32471	1.32475			6
2025.12.01	01:15:33.203	1.32470	1.32474			6
2025.12.01	01:15:33.509	1.32471	1.32475			6
2025.12.01	01:15:34.753	1.32468	1.32472			6
2025.12.01	01:15:35.059	1.32464	1.32468			6
2025.12.01	01:15:47.088	1.32463	1.32467			6
2025.12.01	01:15:49.864	1.32464	1.32468			6
2025.12.01	01:16:00.027	1.32464				2
2025.12.01	01:16:00.951	1.32463	1.32466			6
2025.12.01	01:16:01.567	1.32462				2
2025.12.01	01:16:01.874	1.32463	1.32467			6
2025.12.01	01:16:02.180	1.32462	1.32466			6
2025.12.01	01:16:04.964	1.32463	1.32467			6
2025.12.01	01:16:05.272		1.32466			4
2025.12.01	01:16:05.881	1.32464	1.32467			6
2025.12.01	01:16:06.193	1.32456	1.32459			6
2025.12.01	01:16:07.111	1.32455				2
2025.12.01	01:16:09.574	1.32454	1.32458			6
2025.12.01	01:16:09.878	1.32453	1.32457			6
2025.12.01	01:16:15.401	1.32452	1.32456			6
2025.12.01	01:16:16.004	1.32448	1.32452			6
2025.12.01	01:16:21.541	1.32435	1.32439			6
2025.12.01	01:16:21.845	1.32436	1.32440			6
2025.12.01	01:16:22.152	1.32433	1.32438			6
2025.12.01	01:16:22.770	1.32435	1.32440			6
2025.12.01	01:16:23.077	1.32436	1.32441			6
2025.12.01	01:16:23.384	1.32437				2
2025.12.01	01:16:24.306	1.32436				2
2025.12.01	01:16:25.231		1.32440			4
2025.12.01	01:16:26.145	1.32437	1.32441			6
2025.12.01	01:16:29.532	1.32436	1.32440			6
2025.12.01	01:16:30.455	1.32435	1.32439			6
2025.12.01	01:16:31.373	1.32436				2
2025.12.01	01:16:31.678	1.32435				2
2025.12.01	01:16:32.298	1.32436	1.32440			6
2025.12.01	01:16:32.611	1.32435	1.32439			6
2025.12.01	01:16:34.153	1.32436	1.32440			6
2025.12.01	01:16:34.760	1.32435	1.32439			6
2025.12.01	01:16:36.606	1.32436	1.32440			6
2025.12.01	01:16:36.909	1.32435	1.32439			6
2025.12.01	01:16:37.528	1.32436	1.32440			6
2025.12.01	01:16:37.835	1.32435	1.32439			6
2025.12.01	01:16:38.763	1.32436	1.32440			6
2025.12.01	01:16:40.608	1.32435	1.32439			6
2025.12.01	01:16:41.222	1.32445	1.32448			6
2025.12.01	01:16:41.527	1.32452	1.32456			6
2025.12.01	01:16:41.841	1.32451	1.32455			6
2025.12.01	01:16:42.145		1.32457			4
2025.12.01	01:16:43.069	1.32452	1.32458			6
2025.12.01	01:16:43.379	1.32451	1.32457			6
2025.12.01	01:16:44.304	1.32452				2
2025.12.01	01:16:44.916	1.32451	1.32456			6
2025.12.01	01:16:46.766	1.32452	1.32457			6
2025.12.01	01:16:47.999	1.32451	1.32456			6
2025.12.01	01:16:48.924	1.32452	1.32457			6
2025.12.01	01:16:49.539	1.32451	1.32456			6
2025.12.01	01:16:51.396	1.32452	1.32457			6
2025.12.01	01:16:53.859	1.32451	1.32456			6
2025.12.01	01:16:54.782	1.32452	1.32457			6
2025.12.01	01:16:55.096	1.32451	1.32456			6
2025.12.01	01:16:56.021	1.32452	1.32457			6
2025.12.01	01:16:57.260	1.32451	1.32456			6
2025.12.01	01:16:59.110	1.32452	1.32457			6
2025.12.01	01:17:00.038	1.32451	1.32456			6
2025.12.01	01:17:12.980	1.32450	1.32455			6
2025.12.01	01:17:14.205		1.32454			4
2025.12.01	01:17:15.130	1.32451	1.32455			6
2025.12.01	01:17:16.672	1.32453	1.32457			6
2025.12.01	01:17:19.905	1.32454	1.32458			6
2025.12.01	01:17:21.451	1.32453	1.32457			6
2025.12.01	01:17:21.760	1.32454	1.32458			6
2025.12.01	01:17:27.912	1.32452	1.32456			6
2025.12.01	01:17:29.452	1.32451	1.32455			6
2025.12.01	01:17:30.386	1.32450	1.32454			6
2025.12.01	01:17:31.005	1.32451	1.32455			6
2025.12.01	01:17:35.937	1.32448	1.32452			6
2025.12.01	01:17:36.251	1.32450	1.32454			6
2025.12.01	01:17:36.556	1.32451	1.32455			6
2025.12.01	01:17:37.493	1.32450	1.32454			6
2025.12.01	01:17:38.415	1.32451	1.32455			6
2025.12.01	01:17:41.813	1.32449	1.32453			6
2025.12.01	01:17:42.738	1.32450	1.32454			6
2025.12.01	01:17:43.664	1.32451	1.32455			6
2025.12.01	01:17:49.203		1.32454			4
2025.12.01	01:17:56.282	1.32449	1.32452			6
2025.12.01	01:17:56.898	1.32451	1.32454			6
2025.12.01	01:18:00.287	1.32451				2
2025.12.01	01:18:01.823	1.32449	1.32452			6
2025.12.01	01:18:02.128	1.32448	1.32451			6
2025.12.01	01:18:03.043	1.32447	1.32450			6
2025.12.01	01:18:03.344	1.32446	1.32449			6
2025.12.01	01:18:03.648	1.32445	1.32448			6
2025.12.01	01:18:04.274	1.32446	1.32449			6
2025.12.01	01:18:04.579	1.32447	1.32450			6
2025.12.01	01:18:05.190	1.32448	1.32451			6
2025.12.01	01:18:05.492	1.32449	1.32452			6
2025.12.01	01:18:05.794	1.32447	1.32450			6
2025.12.01	01:18:06.402	1.32446	1.32449			6
2025.12.01	01:18:06.713	1.32448	1.32451			6
2025.12.01	01:18:07.319	1.32447	1.32450			6
2025.12.01	01:18:07.628	1.32448	1.32451			6
2025.12.01	01:18:07.938	1.32449	1.32452			6
2025.12.01	01:18:08.544	1.32448	1.32451			6
2025.12.01	01:18:09.772	1.32446	1.32449			6
2025.12.01	01:18:10.081	1.32448	1.32451			6
2025.12.01	01:18:10.689	1.32449	1.32452			6
2025.12.01	01:18:11.299	1.32447	1.32450			6
2025.12.01	01:18:11.605	1.32448	1.32451			6
2025.12.01	01:18:11.909	1.32449	1.32452			6
2025.12.01	01:18:12.519	1.32448	1.32451			6
2025.12.01	01:18:12.823	1.32447	1.32450			6
2025.12.01	01:18:13.439	1.32448	1.32451			6
2025.12.01	01:18:13.741	1.32447	1.32450			6
2025.12.01	01:18:17.117	1.32446	1.32449			6
2025.12.01	01:18:18.336	1.32447	1.32450			6
2025.12.01	01:18:20.187		1.32449			4
2025.12.01	01:18:20.498	1.32452	1.32454			6
2025.12.01	01:18:21.111		1.32455			4
2025.12.01	01:18:22.044	1.32451	1.32454			6
2025.12.01	01:18:25.114	1.32452	1.32455			6
2025.12.01	01:18:26.341		1.32454			4
2025.12.01	01:18:46.889	1.32450	1.32452			6
2025.12.01	01:18:47.199	1.32452	1.32454			6
2025.12.01	01:18:49.333	1.32453				2
2025.12.01	01:18:49.938	1.32452	1.32453			6
2025.12.01	01:18:52.104	1.32453	1.32454			6
2025.12.01	01:18:53.023	1.32452	1.32453			6
2025.12.01	01:18:53.952	1.32453	1.32454			6
2025.12.01	01:18:54.253	1.32452	1.32453			6
2025.12.01	01:18:55.178	1.32453	1.32454			6
2025.12.01	01:18:56.096	1.32452	1.32453			6
2025.12.01	01:18:56.401	1.32453	1.32454			6
2025.12.01	01:18:57.016	1.32452	1.32453			6
2025.12.01	01:18:59.152	1.32453	1.32454			6
2025.12.01	01:18:59.460	1.32452	1.32453			6
2025.12.01	01:19:00.087	1.32453	1.32454			6
2025.12.01	01:19:00.698	1.32452	1.32453			6
2025.12.01	01:19:01.005	1.32450	1.32451			6
2025.12.01	01:19:01.317	1.32453	1.32454			6
2025.12.01	01:19:04.704	1.32454	1.32455			6
2025.12.01	01:19:06.548	1.32453	1.32454			6
2025.12.01	01:19:10.545	1.32454	1.32455			6
2025.12.01	01:19:12.380	1.32458	1.32459			6
2025.12.01	01:19:12.685	1.32457	1.32458			6
2025.12.01	01:19:13.304	1.32458	1.32459			6
2025.12.01	01:19:14.233	1.32457	1.32458			6
2025.12.01	01:19:14.537	1.32459	1.32460			6
2025.12.01	01:19:14.841	1.32458	1.32459			6
2025.12.01	01:19:16.383	1.32457	1.32458			6
2025.12.01	01:19:16.987	1.32456	1.32457			6
2025.12.01	01:19:18.832	1.32457	1.32458			6
2025.12.01	01:19:19.138	1.32456	1.32457			6
2025.12.01	01:19:20.359	1.32457	1.32458			6
2025.12.01	01:19:20.664	1.32450	1.32451			6
2025.12.01	01:19:21.585	1.32449	1.32450			6
2025.12.01	01:19:24.051	1.32447	1.32448			6
2025.12.01	01:19:24.362	1.32448	1.32449			6
2025.12.01	01:19:27.160	1.32449	1.32450			6
2025.12.01	01:19:28.086	1.32450	1.32451			6
2025.12.01	01:19:28.389	1.32449	1.32450			6
2025.12.01	01:19:31.751	1.32450	1.32451			6
2025.12.01	01:19:32.059	1.32449	1.32450			6
2025.12.01	01:19:32.368	1.32450	1.32451			6
2025.12.01	01:19:33.288	1.32451	1.32452			6
2025.12.01	01:19:34.513	1.32450	1.32451			6
2025.12.01	01:19:35.126	1.32449	1.32450			6
2025.12.01	01:19:35.434	1.32451	1.32452			6
2025.12.01	01:19:35.740	1.32450	1.32451			6
2025.12.01	01:19:36.046	1.32451	1.32452			6
2025.12.01	01:19:36.663	1.32450	1.32451			6
2025.12.01	01:19:37.282	1.32451	1.32452			6
2025.12.01	01:19:37.587	1.32450	1.32451			6
2025.12.01	01:19:38.206	1.32451	1.32452			6
2025.12.01	01:19:38.509	1.32450	1.32451			6
2025.12.01	01:19:44.639	1.32451	1.32452			6
2025.12.01	01:19:45.253	1.32450	1.32451			6
2025.12.01	01:19:46.171	1.32449	1.32450			6
2025.12.01	01:19:46.477	1.32450	1.32451			6
2025.12.01	01:19:47.087	1.32449	1.32450			6
2025.12.01	01:19:47.703	1.32450	1.32451			6
2025.12.01	01:19:48.005	1.32449	1.32450			6
2025.12.01	01:19:48.311	1.32450	1.32451			6
2025.12.01	01:19:49.537	1.32451	1.32452			6
2025.12.01	01:19:49.844	1.32450	1.32451			6
2025.12.01	01:19:50.157	1.32455	1.32456			6
2025.12.01	01:19:51.389	1.32456	1.32457			6
2025.12.01	01:19:55.074	1.32455	1.32456			6
2025.12.01	01:19:57.542	1.32456	1.32457			6
2025.12.01	01:19:57.849	1.32455	1.32456			6
2025.12.01	01:19:58.774	1.32456	1.32457			6
2025.12.01	01:20:00.305	1.32456				2
2025.12.01	01:20:02.156	1.32455	1.32456			6
2025.12.01	01:20:03.704	1.32456	1.32457			6
2025.12.01	01:20:04.008	1.32455	1.32456			6
2025.12.01	01:20:13.828	1.32456	1.32457			6
2025.12.01	01:20:20.597	1.32455	1.32456			6
2025.12.01	01:20:22.427	1.32456	1.32457			6
2025.12.01	01:20:24.266	1.32455	1.32456			6
2025.12.01	01:20:26.101	1.32454	1.32455			6
2025.12.01	01:20:27.334	1.32453	1.32454			6
2025.12.01	01:20:42.065	1.32451	1.32452			6
2025.12.01	01:20:42.981	1.32452	1.32453			6
2025.12.01	01:20:44.810	1.32451	1.32452			6
2025.12.01	01:20:45.119	1.32452	1.32453			6
2025.12.01	01:20:47.899	1.32451	1.32452			6
2025.12.01	01:20:48.821	1.32453	1.32454			6
2025.12.01	01:20:49.127	1.32452	1.32453			6
2025.12.01	01:20:50.049	1.32451	1.32452			6
2025.12.01	01:20:50.970	1.32452	1.32453			6
2025.12.01	01:20:51.276	1.32451	1.32452			6
2025.12.01	01:20:53.113	1.32452	1.32453			6
2025.12.01	01:20:53.420	1.32451	1.32452			6
2025.12.01	01:20:54.023	1.32452	1.32453			6
2025.12.01	01:20:54.325	1.32451	1.32452			6
2025.12.01	01:20:57.071	1.32450	1.32451			6
2025.12.01	01:20:57.379	1.32451	1.32452			6
2025.12.01	01:20:57.683	1.32449	1.32450			6
2025.12.01	01:20:57.990	1.32448	1.32449			6
2025.12.01	01:20:58.299	1.32450	1.32451			6
2025.12.01	01:20:58.904	1.32451	1.32452			6
2025.12.01	01:20:59.820	1.32449	1.32450			6
2025.12.01	01:21:00.127	1.32451	1.32452			6
2025.12.01	01:21:00.432	1.32450	1.32451			6
2025.12.01	01:21:00.738	1.32448	1.32449			6
2025.12.01	01:21:01.045	1.32449	1.32450			6
2025.12.01	01:21:01.355	1.32452	1.32453			6
2025.12.01	01:21:01.659	1.32453	1.32454			6
2025.12.01	01:21:03.502	1.32452	1.32453			6
2025.12.01	01:21:04.728	1.32451	1.32452			6
2025.12.01	01:21:08.104	1.32449	1.32450			6
2025.12.01	01:21:08.410	1.32450	1.32451			6
2025.12.01	01:21:08.726	1.32448	1.32449			6
2025.12.01	01:21:09.027	1.32446	1.32447			6
2025.12.01	01:21:09.633	1.32448	1.32449			6
2025.12.01	01:21:09.941	1.32446	1.32447			6
2025.12.01	01:21:11.776	1.32447	1.32448			6
2025.12.01	01:21:12.384	1.32446	1.32447			6
2025.12.01	01:21:12.690	1.32447	1.32448			6
2025.12.01	01:21:12.996	1.32446	1.32447			6
2025.12.01	01:21:13.601	1.32447	1.32448			6
2025.12.01	01:21:13.908	1.32446	1.32447			6
2025.12.01	01:21:14.822	1.32447	1.32448			6
2025.12.01	01:21:15.128	1.32446	1.32447			6
2025.12.01	01:21:15.438	1.32444	1.32445			6
2025.12.01	01:21:15.752	1.32445	1.32446			6
2025.12.01	01:21:16.062	1.32444	1.32445			6
2025.12.01	01:21:17.281	1.32445	1.32446			6
2025.12.01	01:21:17.587	1.32444	1.32445			6
2025.12.01	01:21:17.894	1.32445	1.32446			6
2025.12.01	01:21:20.043	1.32444	1.32445			6
2025.12.01	01:21:20.657	1.32443	1.32444			6
2025.12.01	01:21:22.185	1.32444	1.32445			6
2025.12.01	01:21:22.491	1.32447	1.32448			6
2025.12.01	01:21:22.795	1.32449	1.32450			6
2025.12.01	01:21:23.098	1.32450	1.32451			6
2025.12.01	01:21:23.404	1.32449	1.32450			6
2025.12.01	01:21:24.933	1.32447	1.32448			6
2025.12.01	01:21:25.856	1.32448	1.32449			6
2025.12.01	01:21:26.163	1.32449	1.32450			6
2025.12.01	01:21:26.780	1.32448	1.32449			6
2025.12.01	01:21:29.221	1.32449	1.32450			6
2025.12.01	01:21:30.152	1.32447	1.32448			6
2025.12.01	01:21:30.458	1.32448	1.32449			6
2025.12.01	01:21:31.384	1.32452	1.32453			6
2025.12.01	01:21:32.296	1.32451	1.32452			6
2025.12.01	01:21:32.605	1.32450	1.32451			6
2025.12.01	01:21:32.909	1.32454	1.32455			6
2025.12.01	01:21:40.590	1.32455	1.32456			6
2025.12.01	01:21:41.510	1.32456	1.32457			6
2025.12.01	01:21:42.121	1.32454	1.32455			6
2025.12.01	01:21:54.359	1.32453	1.32454			6
2025.12.01	01:21:54.966	1.32454	1.32455			6
2025.12.01	01:21:55.894	1.32455	1.32456			6
2025.12.01	01:22:00.203	1.32454	1.32455			6
2025.12.01	01:22:02.338	1.32453	1.32454			6
2025.12.01	01:22:03.566	1.32454	1.32455			6
2025.12.01	01:22:07.246	1.32455	1.32456			6
2025.12.01	01:22:08.164	1.32456	1.32457			6
2025.12.01	01:22:10.614	1.32455	1.32456			6
2025.12.01	01:22:12.770	1.32456	1.32457			6
2025.12.01	01:22:13.082	1.32455	1.32456			6
2025.12.01	01:22:14.011	1.32456	1.32457			6
2025.12.01	01:22:14.320	1.32455	1.32456			6
2025.12.01	01:22:15.237	1.32456	1.32457			6
2025.12.01	01:22:15.549	1.32454	1.32455			6
2025.12.01	01:22:17.697	1.32456	1.32457			6
2025.12.01	01:22:17.999	1.32455	1.32456			6
2025.12.01	01:22:18.618	1.32456	1.32457			6
2025.12.01	01:22:18.927	1.32455	1.32456			6
2025.12.01	01:22:21.404	1.32456	1.32457			6
2025.12.01	01:22:24.149	1.32455	1.32456			6
2025.12.01	01:22:25.673	1.32456	1.32457			6
2025.12.01	01:22:28.128	1.32454	1.32455			6
2025.12.01	01:22:28.438	1.32456	1.32457			6
2025.12.01	01:22:28.741	1.32455	1.32456			6
2025.12.01	01:22:29.673	1.32456	1.32457			6
2025.12.01	01:22:43.138	1.32455	1.32456			6
2025.12.01	01:22:44.056	1.32456	1.32457			6
2025.12.01	01:22:46.814	1.32457	1.32458			6
2025.12.01	01:22:47.119	1.32456	1.32457			6
2025.12.01	01:22:47.424	1.32445	1.32446			6
2025.12.01	01:22:47.725	1.32444	1.32445			6
2025.12.01	01:23:00.293	1.32444				2
2025.12.01	01:23:01.529	1.32443	1.32444			6
2025.12.01	01:23:02.141	1.32444	1.32445			6
2025.12.01	01:23:03.966	1.32441	1.32442			6
2025.12.01	01:23:04.272	1.32440	1.32441			6
2025.12.01	01:23:04.576	1.32439	1.32440			6
2025.12.01	01:23:04.883	1.32441	1.32442			6
2025.12.01	01:23:05.790	1.32440	1.32441			6
2025.12.01	01:23:06.092	1.32439	1.32440			6
2025.12.01	01:23:06.397	1.32441	1.32442			6
2025.12.01	01:23:07.010	1.32440	1.32441			6
2025.12.01	01:23:07.629	1.32441	1.32442			6
2025.12.01	01:23:07.934	1.32440	1.32441			6
2025.12.01	01:23:08.239	1.32441	1.32442			6
2025.12.01	01:23:08.851	1.32440	1.32441			6
2025.12.01	01:23:09.159	1.32441	1.32442			6
2025.12.01	01:23:09.775	1.32440	1.32441			6
2025.12.01	01:23:10.086	1.32441	1.32442			6
2025.12.01	01:23:10.696	1.32433	1.32434			6
2025.12.01	01:23:11.930	1.32434	1.32435			6
2025.12.01	01:23:12.231	1.32433	1.32434			6
2025.12.01	01:23:13.464	1.32432	1.32433			6
2025.12.01	01:23:15.307	1.32425	1.32426			6
2025.12.01	01:23:16.225	1.32424	1.32425			6
2025.12.01	01:23:16.528	1.32423	1.32424			6
2025.12.01	01:23:18.378	1.32424	1.32425			6
2025.12.01	01:23:18.682	1.32421	1.32422			6
2025.12.01	01:23:22.662	1.32422	1.32423			6
2025.12.01	01:23:25.437	1.32421	1.32422			6
2025.12.01	01:23:26.347	1.32422	1.32423			6
2025.12.01	01:23:26.656	1.32421	1.32422			6
2025.12.01	01:23:29.092	1.32416	1.32417			6
2025.12.01	01:23:30.318	1.32415	1.32416			6
2025.12.01	01:23:31.238	1.32414	1.32415			6
2025.12.01	01:23:34.617	1.32413	1.32414			6
2025.12.01	01:23:37.386	1.32415	1.32416			6
2025.12.01	01:23:41.354	1.32424	1.32425			6
2025.12.01	01:23:41.658	1.32421	1.32422			6
2025.12.01	01:23:41.969	1.32415	1.32416			6
2025.12.01	01:23:45.036	1.32414	1.32415			6
2025.12.01	01:23:45.657	1.32415	1.32416			6
2025.12.01	01:23:46.878	1.32414	1.32415			6
2025.12.01	01:23:47.183	1.32415	1.32416			6
2025.12.01	01:23:47.489	1.32414	1.32415			6
2025.12.01	01:23:48.714	1.32415	1.32416			6
2025.12.01	01:23:49.634	1.32414	1.32415			6
2025.12.01	01:23:50.257	1.32415	1.32416			6
2025.12.01	01:23:50.560	1.32414	1.32415			6
2025.12.01	01:23:51.785	1.32415	1.32416			6
2025.12.01	01:23:53.016	1.32414	1.32415			6
2025.12.01	01:23:53.624	1.32415	1.32416			6
2025.12.01	01:23:57.901	1.32414	1.32415			6
2025.12.01	01:23:58.821	1.32415	1.32416			6
2025.12.01	01:24:00.046	1.32415				2
2025.12.01	01:24:03.412	1.32414	1.32415			6
2025.12.01	01:24:05.249	1.32412	1.32413			6
2025.12.01	01:24:05.556	1.32411	1.32412			6
2025.12.01	01:24:07.097	1.32410	1.32411			6
2025.12.01	01:24:07.399	1.32411	1.32412			6
2025.12.01	01:24:09.541	1.32412	1.32413			6
2025.12.01	01:24:21.198	1.32411	1.32412			6
2025.12.01	01:24:21.501	1.32412	1.32413			6
2025.12.01	01:24:22.113	1.32411	1.32412			6
2025.12.01	01:24:22.417	1.32412	1.32413			6
2025.12.01	01:24:23.336	1.32411	1.32412			6
2025.12.01	01:24:23.641	1.32412	1.32413			6
2025.12.01	01:24:24.266	1.32411	1.32412			6
2025.12.01	01:24:24.568	1.32412	1.32413			6
2025.12.01	01:24:26.419	1.32411	1.32412			6
2025.12.01	01:24:26.726	1.32412	1.32413			6
2025.12.01	01:24:29.470	1.32411	1.32412			6
2025.12.01	01:24:29.776	1.32412	1.32413			6
2025.12.01	01:24:31.919	1.32410	1.32411			6
2025.12.01	01:24:32.830	1.32411	1.32412			6
2025.12.01	01:24:34.978	1.32412	1.32413			6
2025.12.01	01:24:35.596	1.32404	1.32405			6
2025.12.01	01:24:35.901	1.32399	1.32400			6
2025.12.01	01:24:36.203	1.32397	1.32398			6
2025.12.01	01:24:36.508	1.32386	1.32387			6
2025.12.01	01:24:37.117	1.32384				2
2025.12.01	01:24:38.046	1.32385	1.32388			6
2025.12.01	01:24:38.671	1.32384	1.32387			6
2025.12.01	01:24:39.593	1.32383	1.32386			6
2025.12.01	01:24:39.900	1.32384	1.32387			6
2025.12.01	01:24:40.827	1.32383	1.32386			6
2025.12.01	01:24:41.761	1.32384	1.32387			6
2025.12.01	01:24:42.671	1.32383	1.32386			6
2025.12.01	01:24:43.896	1.32382	1.32385			6
2025.12.01	01:24:44.212	1.32383	1.32386			6
2025.12.01	01:24:45.141		1.32385			4
2025.12.01	01:24:45.761	1.32384	1.32386			6
2025.12.01	01:24:49.168	1.32383	1.32385			6
2025.12.01	01:24:51.945	1.32384	1.32386			6
2025.12.01	01:24:53.175	1.32383	1.32385			6
2025.12.01	01:24:54.725	1.32384	1.32386			6
2025.12.01	01:24:55.958	1.32383	1.32385			6
2025.12.01	01:24:57.200	1.32384	1.32386			6
2025.12.01	01:24:59.670	1.32383	1.32385			6
2025.12.01	01:25:00.290	1.32383				2
2025.12.01	01:25:01.217	1.32384	1.32386			6
2025.12.01	01:25:03.376	1.32383	1.32385			6
2025.12.01	01:25:04.305	1.32384				2
2025.12.01	01:25:04.615	1.32383	1.32384			6
2025.12.01	01:25:05.231	1.32384	1.32385			6
2025.12.01	01:25:05.840	1.32385	1.32386			6
2025.12.01	01:25:06.142	1.32374	1.32375			6
2025.12.01	01:25:07.370	1.32373	1.32376			6
2025.12.01	01:25:08.608	1.32372	1.32375			6
2025.12.01	01:25:08.914	1.32373	1.32376			6
2025.12.01	01:25:10.152		1.32375			4
2025.12.01	01:25:11.077	1.32374	1.32376			6
2025.12.01	01:25:12.926	1.32373	1.32375			6
2025.12.01	01:25:13.243	1.32381	1.32382			6
2025.12.01	01:25:13.548		1.32383			4
2025.12.01	01:25:13.856	1.32382	1.32384			6
2025.12.01	01:25:14.160	1.32381				2
2025.12.01	01:25:20.034	1.32380	1.32383			6
2025.12.01	01:25:21.571	1.32381	1.32384			6
2025.12.01	01:25:22.192	1.32380	1.32383			6
2025.12.01	01:25:23.116	1.32381	1.32384			6
2025.12.01	01:25:23.424	1.32380	1.32383			6
2025.12.01	01:25:24.967	1.32379	1.32382			6
2025.12.01	01:25:25.893	1.32380	1.32383			6
2025.12.01	01:25:27.743	1.32378	1.32381			6
2025.12.01	01:25:28.683	1.32379	1.32382			6
2025.12.01	01:25:29.920	1.32378	1.32381			6
2025.12.01	01:25:30.226	1.32380	1.32382			6
2025.12.01	01:25:30.843	1.32379				2
2025.12.01	01:25:31.152	1.32380				2
2025.12.01	01:25:32.681	1.32381	1.32383			6
2025.12.01	01:25:33.621	1.32382	1.32384			6
2025.12.01	01:25:33.938	1.32381	1.32383			6
2025.12.01	01:25:48.774	1.32380	1.32382			6
2025.12.01	01:25:49.393	1.32381	1.32383			6
2025.12.01	01:25:50.316		1.32382			4
2025.12.01	01:25:54.630	1.32382	1.32383			6
2025.12.01	01:25:55.861	1.32381	1.32382			6
2025.12.01	01:25:56.778	1.32380	1.32381			6
2025.12.01	01:25:57.387	1.32381	1.32382			6
2025.12.01	01:25:57.702	1.32380	1.32381			6
2025.12.01	01:25:58.007	1.32381	1.32382			6
2025.12.01	01:26:00.153	1.32381				2
2025.12.01	01:26:00.765	1.32380	1.32381			6
2025.12.01	01:26:01.068	1.32381	1.32382			6
2025.12.01	01:26:02.595	1.32382	1.32383			6
2025.12.01	01:26:05.959	1.32381	1.32382			6
2025.12.01	01:26:06.266	1.32382	1.32383			6
2025.12.01	01:26:13.311	1.32380	1.32381			6
2025.12.01	01:26:13.926	1.32381	1.32382			6
2025.12.01	01:26:15.453	1.32380	1.32381			6
2025.12.01	01:26:15.760	1.32381	1.32382			6
2025.12.01	01:26:18.224	1.32382	1.32383			6
2025.12.01	01:26:19.144	1.32381	1.32382			6
2025.12.01	01:26:19.449	1.32382	1.32383			6
2025.12.01	01:26:21.297	1.32393	1.32394			6
2025.12.01	01:26:21.609	1.32392	1.32393			6
2025.12.01	01:26:22.217	1.32393	1.32394			6
2025.12.01	01:26:23.126	1.32392				2
2025.12.01	01:26:23.437	1.32394	1.32396			6
2025.12.01	01:26:26.222		1.32395			4
2025.12.01	01:26:30.244	1.32393	1.32394			6
2025.12.01	01:26:31.487	1.32394	1.32395			6
2025.12.01	01:26:33.338	1.32395	1.32396			6
2025.12.01	01:26:37.962	1.32394	1.32395			6
2025.12.01	01:26:39.507	1.32395	1.32396			6
2025.12.01	01:26:41.355	1.32394	1.32395			6
2025.12.01	01:26:42.294	1.32395	1.32396			6
2025.12.01	01:26:43.214	1.32394	1.32395			6
2025.12.01	01:26:47.513	1.32393	1.32394			6
2025.12.01	01:26:47.820	1.32394	1.32395			6
2025.12.01	01:26:51.797	1.32393	1.32394			6
2025.12.01	01:26:52.108	1.32392	1.32393			6
2025.12.01	01:26:54.876	1.32391	1.32392			6
2025.12.01	01:26:56.097	1.32392	1.32393			6
2025.12.01	01:26:56.403	1.32391	1.32392			6
2025.12.01	01:26:57.933	1.32392	1.32393			6
2025.12.01	01:27:00.085	1.32391	1.32392			6
2025.12.01	01:27:01.000	1.32392	1.32393			6
2025.12.01	01:27:01.315	1.32391	1.32392			6
2025.12.01	01:27:03.790	1.32389	1.32390			6
2025.12.01	01:27:04.091	1.32391	1.32392			6
2025.12.01	01:27:04.708	1.32390	1.32391			6
2025.12.01	01:27:05.016	1.32391	1.32392			6
2025.12.01	01:27:05.329	1.32390	1.32391			6
2025.12.01	01:27:05.940	1.32384	1.32385			6
2025.12.01	01:27:09.302	1.32382	1.32383			6
2025.12.01	01:27:09.607	1.32383	1.32384			6
2025.12.01	01:27:13.274	1.32382	1.32383			6
2025.12.01	01:27:22.186	1.32379	1.32380			6
2025.12.01	01:27:22.490	1.32380	1.32381			6
2025.12.01	01:27:24.322	1.32381	1.32382			6
2025.12.01	01:27:24.631	1.32377	1.32378			6
2025.12.01	01:27:24.934	1.32375	1.32376			6
2025.12.01	01:27:36.861	1.32374	1.32375			6
2025.12.01	01:27:39.305	1.32375	1.32376			6
2025.12.01	01:27:39.917	1.32374	1.32375			6
2025.12.01	01:27:40.222	1.32375	1.32376			6
2025.12.01	01:27:44.208	1.32374	1.32375			6
2025.12.01	01:27:45.727	1.32375	1.32376			6
2025.12.01	01:27:46.036	1.32374	1.32375			6
2025.12.01	01:27:46.957	1.32373	1.32374			6
2025.12.01	01:27:47.268	1.32372	1.32373			6
2025.12.01	01:27:48.491	1.32371	1.32372			6
2025.12.01	01:27:49.104	1.32372	1.32373			6
2025.12.01	01:27:49.414	1.32371	1.32372			6
2025.12.01	01:27:51.244	1.32370	1.32371			6
2025.12.01	01:27:52.465	1.32371	1.32372			6
2025.12.01	01:27:53.701	1.32370	1.32371			6
2025.12.01	01:27:54.616	1.32371	1.32372			6
2025.12.01	01:27:54.919	1.32376	1.32377			6
2025.12.01	01:28:00.132	1.32376				2
2025.12.01	01:28:00.435	1.32375	1.32376			6
2025.12.01	01:28:02.890	1.32374	1.32375			6
2025.12.01	01:28:03.199	1.32375	1.32376			6
2025.12.01	01:28:07.484	1.32374	1.32375			6
2025.12.01	01:28:37.499	1.32375	1.32376			6
2025.12.01	01:28:38.423	1.32374	1.32375			6
2025.12.01	01:28:49.474	1.32376	1.32377			6
2025.12.01	01:28:50.699	1.32375	1.32376			6
2025.12.01	01:28:51.626	1.32376	1.32377			6
2025.12.01	01:28:51.928	1.32375	1.32376			6
2025.12.01	01:28:56.831	1.32376	1.32377			6
2025.12.01	01:28:57.750	1.32375	1.32376			6
2025.12.01	01:28:58.051	1.32376	1.32377			6
2025.12.01	01:28:58.962	1.32375	1.32376			6
2025.12.01	01:28:59.270	1.32376	1.32377			6
2025.12.01	01:28:59.880	1.32375	1.32376			6
2025.12.01	01:29:00.183	1.32376	1.32377			6
2025.12.01	01:29:00.494	1.32375	1.32376			6
2025.12.01	01:29:01.416	1.32374	1.32375			6
2025.12.01	01:29:03.247	1.32373	1.32374			6
2025.12.01	01:29:11.811	1.32374	1.32375			6
2025.12.01	01:29:13.958	1.32372	1.32373			6
2025.12.01	01:29:14.262	1.32371	1.32372			6
2025.12.01	01:29:14.877	1.32372	1.32373			6
2025.12.01	01:29:17.951	1.32371	1.32372			6
2025.12.01	01:29:19.787	1.32372	1.32373			6
2025.12.01	01:29:21.312	1.32371	1.32372			6
2025.12.01	01:29:24.375	1.32369	1.32370			6
2025.12.01	01:29:24.986	1.32366	1.32367			6
2025.12.01	01:29:28.985	1.32367	1.32368			6
2025.12.01	01:29:37.564	1.32370	1.32371			6
2025.12.01	01:29:38.174	1.32371	1.32372			6
2025.12.01	01:29:38.482	1.32372	1.32373			6
2025.12.01	01:29:38.787	1.32371	1.32372			6
2025.12.01	01:29:41.838	1.32370	1.32371			6
2025.12.01	01:29:42.141	1.32369	1.32370			6
2025.12.01	01:29:42.448	1.32370	1.32371			6
2025.12.01	01:29:43.676	1.32369	1.32370			6
2025.12.01	01:29:44.890	1.32367	1.32368			6
2025.12.01	01:29:46.416	1.32366	1.32367			6
2025.12.01	01:29:47.341	1.32367	1.32368			6
2025.12.01	01:29:52.583	1.32363	1.32364			6
2025.12.01	01:29:53.799	1.32364	1.32365			6
2025.12.01	01:29:54.407	1.32363	1.32364			6
2025.12.01	01:29:57.771	1.32365	1.32366			6
2025.12.01	01:29:58.698	1.32366	1.32367			6
2025.12.01	01:30:00.223	1.32366				2
2025.12.01	01:30:02.372	1.32365	1.32366			6
2025.12.01	01:30:02.680	1.32366	1.32367			6
2025.12.01	01:30:03.584	1.32365	1.32366			6
2025.12.01	01:30:04.200	1.32366	1.32367			6
2025.12.01	01:30:05.120	1.32365	1.32366			6
2025.12.01	01:30:06.045	1.32366	1.32367			6
2025.12.01	01:30:06.350	1.32372	1.32373			6
2025.12.01	01:30:15.252	1.32371	1.32372			6
2025.12.01	01:30:16.472	1.32367	1.32368			6
2025.12.01	01:30:16.778	1.32368	1.32369			6
2025.12.01	01:30:17.091	1.32367	1.32368			6
2025.12.01	01:30:18.923	1.32366	1.32367			6
2025.12.01	01:30:21.685	1.32365	1.32366			6
2025.12.01	01:30:21.991	1.32366	1.32367			6
2025.12.01	01:30:31.503	1.32363	1.32364			6
2025.12.01	01:30:31.810	1.32358	1.32359			6
2025.12.01	01:30:33.643	1.32357	1.32358			6
2025.12.01	01:30:39.790	1.32358	1.32359			6
2025.12.01	01:30:40.702	1.32359	1.32360			6
2025.12.01	01:30:44.991	1.32358	1.32359			6
2025.12.01	01:30:47.449	1.32359	1.32360			6
2025.12.01	01:31:00.043	1.32359				2
2025.12.01	01:31:01.878	1.32358	1.32359			6
2025.12.01	01:31:03.409	1.32359	1.32360			6
2025.12.01	01:31:04.334	1.32358	1.32359			6
2025.12.01	01:31:05.564	1.32360	1.32361			6
2025.12.01	01:31:06.786	1.32361	1.32362			6
2025.12.01	01:31:10.766	1.32362	1.32363			6
2025.12.01	01:31:11.385	1.32361	1.32362			6
2025.12.01	01:31:11.692	1.32362	1.32363			6
2025.12.01	01:31:12.313	1.32361	1.32362			6
2025.12.01	01:31:12.620	1.32362	1.32363			6
2025.12.01	01:31:13.541	1.32361	1.32362			6
2025.12.01	01:31:13.848	1.32362	1.32363			6
2025.12.01	01:31:14.459	1.32361	1.32362			6
2025.12.01	01:31:15.701	1.32358	1.32359			6
2025.12.01	01:31:16.314	1.32359	1.32360			6
2025.12.01	01:31:16.626	1.32360	1.32361			6
2025.12.01	01:31:16.932	1.32359	1.32360			6
2025.12.01	01:31:18.167	1.32361	1.32362			6
2025.12.01	01:31:18.469	1.32362	1.32363			6
2025.12.01	01:31:18.773	1.32360	1.32361			6
2025.12.01	01:31:23.050	1.32359	1.32360			6
2025.12.01	01:31:23.975	1.32366	1.32367			6
2025.12.01	01:31:25.499	1.32368	1.32369			6
2025.12.01	01:31:25.808	1.32367	1.32368			6
2025.12.01	01:31:26.730	1.32361	1.32362			6
2025.12.01	01:31:27.037	1.32362	1.32363			6
2025.12.01	01:31:28.251	1.32361	1.32362			6
2025.12.01	01:31:28.859	1.32360	1.32361			6
2025.12.01	01:31:30.392	1.32359	1.32360			6
2025.12.01	01:31:30.696	1.32361	1.32362			6
2025.12.01	01:31:31.008	1.32362	1.32363			6
2025.12.01	01:31:32.540	1.32361	1.32362			6
2025.12.01	01:31:33.762	1.32362	1.32363			6
2025.12.01	01:31:43.257	1.32364	1.32365			6
2025.12.01	01:31:46.331	1.32365	1.32366			6
2025.12.01	01:31:49.104	1.32364	1.32365			6
2025.12.01	01:31:50.645	1.32365	1.32366			6
2025.12.01	01:31:55.546	1.32364	1.32365			6
2025.12.01	01:31:56.765	1.32363	1.32364			6
2025.12.01	01:31:57.071	1.32364	1.32365			6
2025.12.01	01:31:57.373	1.32363	1.32364			6
2025.12.01	01:31:58.289	1.32364	1.32365			6
2025.12.01	01:31:59.208	1.32363	1.32364			6
2025.12.01	01:32:00.124	1.32363				2
2025.12.01	01:32:00.426	1.32364	1.32365			6
2025.12.01	01:32:00.732	1.32363	1.32364			6
2025.12.01	01:32:03.807	1.32364	1.32365			6
2025.12.01	01:32:05.342	1.32363	1.32364			6
2025.12.01	01:32:06.889	1.32364	1.32365			6
2025.12.01	01:32:08.723	1.32363	1.32364			6
2025.12.01	01:32:10.881	1.32364	1.32365			6
2025.12.01	01:32:12.100	1.32363	1.32364			6
2025.12.01	01:32:13.016	1.32364	1.32365			6
2025.12.01	01:32:14.241	1.32363	1.32364			6
2025.12.01	01:32:16.084	1.32362	1.32363			6
2025.12.01	01:32:16.386	1.32361	1.32362			6
2025.12.01	01:32:17.302	1.32360	1.32361			6
2025.12.01	01:32:18.848	1.32361	1.32362			6
2025.12.01	01:32:19.154	1.32362	1.32363			6
2025.12.01	01:32:20.077	1.32361	1.32362			6
2025.12.01	01:32:20.384	1.32362	1.32363			6
2025.12.01	01:32:20.990	1.32363	1.32364			6
2025.12.01	01:32:21.305	1.32364	1.32365			6
2025.12.01	01:32:21.612	1.32363	1.32364			6
2025.12.01	01:32:22.841	1.32364	1.32365			6
2025.12.01	01:32:24.981	1.32363	1.32364			6
2025.12.01	01:32:25.604	1.32364	1.32365			6
2025.12.01	01:32:26.834	1.32363	1.32364			6
2025.12.01	01:32:30.528	1.32364	1.32365			6
2025.12.01	01:32:31.442	1.32363	1.32364			6
2025.12.01	01:32:32.046	1.32366	1.32367			6
2025.12.01	01:32:32.350	1.32367	1.32368			6
2025.12.01	01:32:35.104	1.32366	1.32367			6
2025.12.01	01:32:45.237	1.32363	1.32364			6
2025.12.01	01:32:45.539	1.32362	1.32363			6
2025.12.01	01:32:48.919	1.32361	1.32362			6
2025.12.01	01:32:52.904	1.32358	1.32359			6
2025.12.01	01:32:53.822	1.32357	1.32358			6
2025.12.01	01:32:56.888	1.32356	1.32357			6
2025.12.01	01:32:57.190	1.32358	1.32359			6
2025.12.01	01:32:57.496	1.32360	1.32361			6
2025.12.01	01:32:59.937	1.32359	1.32360			6
2025.12.01	01:33:00.244	1.32359				2
2025.12.01	01:33:00.548	1.32360	1.32361			6
2025.12.01	01:33:00.854	1.32357	1.32358			6
2025.12.01	01:33:01.460	1.32358	1.32359			6
2025.12.01	01:33:02.378	1.32357	1.32358			6
2025.12.01	01:33:08.223	1.32356	1.32357			6
2025.12.01	01:33:08.526	1.32349	1.32350			6
2025.12.01	01:33:08.828	1.32351	1.32352			6
2025.12.01	01:33:09.134	1.32350	1.32351			6
2025.12.01	01:33:14.942	1.32348	1.32349			6
2025.12.01	01:33:15.553	1.32347	1.32348			6
2025.12.01	01:33:16.163	1.32350	1.32351			6
2025.12.01	01:33:17.378	1.32348	1.32349			6
2025.12.01	01:33:19.212	1.32357	1.32358			6
2025.12.01	01:33:19.518	1.32358	1.32359			6
2025.12.01	01:33:21.060	1.32353	1.32354			6
2025.12.01	01:33:21.365	1.32352	1.32353			6
2025.12.01	01:33:21.975	1.32351	1.32352			6
2025.12.01	01:33:23.195	1.32349	1.32350			6
2025.12.01	01:33:24.423	1.32350	1.32351			6
2025.12.01	01:33:30.845	1.32348	1.32349			6
2025.12.01	01:33:31.147	1.32349	1.32350			6
2025.12.01	01:33:32.065	1.32350	1.32351			6
2025.12.01	01:33:32.370	1.32349	1.32350			6
2025.12.01	01:33:33.288	1.32350	1.32351			6
2025.12.01	01:33:35.123	1.32349	1.32350			6
2025.12.01	01:33:36.034	1.32348	1.32349			6
2025.12.01	01:33:36.344	1.32349	1.32350			6
2025.12.01	01:33:36.963	1.32350	1.32351			6
2025.12.01	01:33:38.193	1.32349	1.32350			6
2025.12.01	01:33:38.807	1.32348	1.32349			6
2025.12.01	01:33:40.335	1.32349	1.32350			6
2025.12.01	01:33:41.259	1.32348	1.32349			6
2025.12.01	01:33:42.795	1.32349	1.32350			6
2025.12.01	01:33:44.332	1.32346	1.32347			6
2025.12.01	01:33:47.089	1.32347	1.32348			6
2025.12.01	01:33:49.832	1.32346	1.32347			6
2025.12.01	01:33:54.123	1.32347	1.32348			6
2025.12.01	01:33:55.966	1.32348	1.32349			6
2025.12.01	01:33:59.022	1.32349	1.32350			6
2025.12.01	01:33:59.326	1.32351	1.32352			6
2025.12.01	01:34:00.249	1.32351				2
2025.12.01	01:34:00.864	1.32352	1.32353			6
2025.12.01	01:34:03.311	1.32351	1.32352			6
2025.12.01	01:34:03.618	1.32350	1.32351			6
2025.12.01	01:34:06.382	1.32345	1.32346			6
2025.12.01	01:34:06.687	1.32346	1.32347			6
2025.12.01	01:34:10.978	1.32347	1.32348			6
2025.12.01	01:34:17.140	1.32348	1.32349			6
2025.12.01	01:34:19.281	1.32349	1.32350			6
2025.12.01	01:34:23.575	1.32352	1.32353			6
2025.12.01	01:34:25.101	1.32353	1.32354			6
2025.12.01	01:34:27.616	1.32354	1.32355			6
2025.12.01	01:34:33.453	1.32353	1.32354			6
2025.12.01	01:34:37.470	1.32352	1.32353			6
2025.12.01	01:34:39.011	1.32356	1.32357			6
2025.12.01	01:34:43.918	1.32358	1.32359			6
2025.12.01	01:34:47.292	1.32359	1.32360			6
2025.12.01	01:34:49.433	1.32360	1.32361			6
2025.12.01	01:34:52.198	1.32359	1.32360			6
2025.12.01	01:34:54.338	1.32351	1.32352			6
2025.12.01	01:34:54.958	1.32352	1.32353			6
2025.12.01	01:34:55.879	1.32351	1.32352			6
2025.12.01	01:34:58.934	1.32352	1.32353			6
2025.12.01	01:34:59.553	1.32351	1.32352			6
2025.12.01	01:35:00.164	1.32351				2
2025.12.01	01:35:01.097	1.32350	1.32351			6
2025.12.01	01:35:03.242	1.32349	1.32350			6
2025.12.01	01:35:10.594	1.32351	1.32352			6
2025.12.01	01:35:10.897	1.32352	1.32353			6
2025.12.01	01:35:13.052	1.32351	1.32352			6
2025.12.01	01:35:18.868	1.32350	1.32351			6
2025.12.01	01:35:21.618	1.32351	1.32352			6
2025.12.01	01:35:23.463	1.32350	1.32351			6
2025.12.01	01:35:24.381	1.32349	1.32350			6
2025.12.01	01:35:31.759	1.32353	1.32354			6
2025.12.01	01:35:33.282	1.32354	1.32355			6
2025.12.01	01:35:36.363	1.32352	1.32353			6
2025.12.01	01:35:37.284	1.32354	1.32355			6
2025.12.01	01:35:52.667	1.32355	1.32356			6
2025.12.01	01:35:53.892	1.32354	1.32355			6
2025.12.01	01:35:55.421	1.32355	1.32356			6
2025.12.01	01:35:55.724	1.32354	1.32355			6
2025.12.01	01:35:58.179	1.32356	1.32357			6
2025.12.01	01:36:00.015	1.32356				2
2025.12.01	01:36:00.637	1.32358	1.32359			6
2025.12.01	01:36:02.777	1.32357	1.32358			6
2025.12.01	01:36:03.390	1.32358	1.32359			6
2025.12.01	01:36:10.780	1.32361	1.32362			6
2025.12.01	01:36:11.705	1.32357	1.32358			6
2025.12.01	01:36:13.543	1.32354	1.32355			6
2025.12.01	01:36:13.845	1.32353	1.32354			6
2025.12.01	01:36:28.597	1.32356	1.32357			6
2025.12.01	01:36:30.743	1.32355	1.32356			6
2025.12.01	01:36:42.409	1.32356	1.32357			6
2025.12.01	01:36:44.866	1.32355	1.32356			6
2025.12.01	01:36:56.813	1.32356	1.32357			6
2025.12.01	01:36:57.426	1.32357	1.32358			6
2025.12.01	01:36:57.729	1.32358	1.32359			6
2025.12.01	01:36:58.032	1.32359	1.32360			6
2025.12.01	01:36:58.337	1.32358	1.32359			6
2025.12.01	01:36:59.249	1.32357	1.32358			6
2025.12.01	01:37:00.167	1.32357				2
2025.12.01	01:37:02.306	1.32358	1.32359			6
2025.12.01	01:37:02.612	1.32357	1.32358			6
2025.12.01	01:37:03.826	1.32358	1.32359			6
2025.12.01	01:37:04.438	1.32359	1.32360			6
2025.12.01	01:37:08.735	1.32360	1.32361			6
2025.12.01	01:37:09.963	1.32359	1.32360			6
2025.12.01	01:37:15.787	1.32360	1.32361			6
2025.12.01	01:37:23.796	1.32361	1.32362			6
2025.12.01	01:37:24.100	1.32360	1.32361			6
2025.12.01	01:37:26.245	1.32356	1.32357			6
2025.12.01	01:37:26.549	1.32357	1.32358			6
2025.12.01	01:37:28.381	1.32354	1.32355			6
2025.12.01	01:37:46.187	1.32353	1.32354			6
2025.12.01	01:37:46.489	1.32354	1.32355			6
2025.12.01	01:37:48.016	1.32353	1.32354			6
2025.12.01	01:37:48.330	1.32349	1.32350			6
2025.12.01	01:37:48.939	1.32348	1.32349			6
2025.12.01	01:37:52.027	1.32351	1.32352			6
2025.12.01	01:37:53.249	1.32350	1.32351			6
2025.12.01	01:38:00.011	1.32350				2
2025.12.01	01:38:01.844	1.32352	1.32353			6
2025.12.01	01:38:03.687	1.32353	1.32354			6
2025.12.01	01:38:04.911	1.32352	1.32353			6
2025.12.01	01:38:05.217	1.32351	1.32352			6
2025.12.01	01:38:08.584	1.32353	1.32354			6
2025.12.01	01:38:09.205	1.32352	1.32353			6
2025.12.01	01:38:09.508	1.32351	1.32352			6
2025.12.01	01:38:10.130	1.32352	1.32353			6
2025.12.01	01:38:10.437	1.32353	1.32354			6
2025.12.01	01:38:13.504	1.32356	1.32357			6
2025.12.01	01:38:13.805	1.32358	1.32359			6
2025.12.01	01:38:15.644	1.32359	1.32360			6
2025.12.01	01:38:18.728	1.32360	1.32361			6
2025.12.01	01:38:23.633	1.32359	1.32360			6
2025.12.01	01:38:23.941	1.32361	1.32362			6
2025.12.01	01:38:25.474	1.32359	1.32360			6
2025.12.01	01:38:26.097	1.32360	1.32361			6
2025.12.01	01:38:26.405	1.32359	1.32360			6
2025.12.01	01:38:26.710	1.32360	1.32361			6
2025.12.01	01:38:27.323	1.32359	1.32360			6
2025.12.01	01:38:27.630	1.32360	1.32361			6
2025.12.01	01:38:31.607	1.32359	1.32360			6
2025.12.01	01:38:35.009	1.32360	1.32361			6
2025.12.01	01:38:35.312	1.32359	1.32360			6
2025.12.01	01:38:37.160	1.32360	1.32361			6
2025.12.01	01:38:37.473	1.32359	1.32360			6
2025.12.01	01:38:41.471	1.32360	1.32361			6
2025.12.01	01:38:41.775	1.32359	1.32360			6
2025.12.01	01:38:49.768	1.32360	1.32361			6
2025.12.01	01:38:50.079	1.32359	1.32360			6
2025.12.01	01:39:00.185	1.32359				2
2025.12.01	01:39:00.489	1.32350	1.32351			6
2025.12.01	01:39:02.015	1.32351	1.32352			6
2025.12.01	01:39:03.249	1.32350	1.32351			6
2025.12.01	01:39:14.324	1.32351	1.32352			6
2025.12.01	01:39:19.558	1.32354	1.32355			6
2025.12.01	01:39:19.864	1.32357	1.32358			6
2025.12.01	01:39:21.097	1.32356	1.32357			6
2025.12.01	01:39:22.930	1.32357	1.32358			6
2025.12.01	01:39:24.166	1.32356	1.32357			6
2025.12.01	01:39:25.704	1.32358	1.32359			6
2025.12.01	01:39:26.018	1.32360	1.32361			6
2025.12.01	01:39:26.929	1.32358	1.32359			6
2025.12.01	01:39:27.230	1.32356	1.32357			6
2025.12.01	01:39:28.153	1.32357	1.32358			6
2025.12.01	01:39:30.931	1.32358	1.32359			6
2025.12.01	01:39:33.996	1.32357	1.32358			6
2025.12.01	01:39:34.299	1.32354	1.32355			6
2025.12.01	01:39:43.499	1.32351	1.32352			6
2025.12.01	01:39:43.802	1.32350	1.32351			6
2025.12.01	01:39:44.722	1.32349	1.32350			6
2025.12.01	01:39:45.646	1.32348	1.32349			6
2025.12.01	01:39:45.960	1.32350	1.32351			6
2025.12.01	01:39:46.267	1.32349	1.32350			6
2025.12.01	01:39:50.878	1.32350	1.32351			6
2025.12.01	01:39:51.185	1.32349	1.32350			6
2025.12.01	01:39:53.328	1.32348	1.32349			6
2025.12.01	01:39:54.240	1.32349	1.32350			6
2025.12.01	01:39:54.851	1.32350	1.32351			6
2025.12.01	01:39:55.469	1.32355	1.32356			6
2025.12.01	01:39:56.397	1.32357	1.32358			6
2025.12.01	01:39:56.698	1.32354	1.32355			6
2025.12.01	01:39:57.003	1.32353	1.32354			6
2025.12.01	01:40:00.060	1.32353				2
2025.12.01	01:40:02.522	1.32354	1.32355			6
2025.12.01	01:40:03.441	1.32353	1.32354			6
2025.12.01	01:40:08.665	1.32354	1.32355			6
2025.12.01	01:40:08.973	1.32353	1.32354			6
2025.12.01	01:40:10.825	1.32352	1.32353			6
2025.12.01	01:40:11.434	1.32353	1.32354			6
2025.12.01	01:40:16.017	1.32354	1.32355			6
2025.12.01	01:40:18.769	1.32355	1.32356			6
2025.12.01	01:40:22.772	1.32356	1.32357			6
2025.12.01	01:40:23.080	1.32358	1.32359			6
2025.12.01	01:40:23.996	1.32359	1.32360			6
2025.12.01	01:40:25.517	1.32360	1.32361			6
2025.12.01	01:40:25.821	1.32359	1.32360			6
2025.12.01	01:40:26.437	1.32360	1.32361			6
2025.12.01	01:40:27.364	1.32359	1.32360			6
2025.12.01	01:40:29.202	1.32360	1.32361			6
2025.12.01	01:40:29.811	1.32359	1.32360			6
2025.12.01	01:40:30.120	1.32360	1.32361			6
2025.12.01	01:40:31.969	1.32359	1.32360			6
2025.12.01	01:40:33.188	1.32360	1.32361			6
2025.12.01	01:40:34.095	1.32358	1.32359			6
2025.12.01	01:40:34.399	1.32360	1.32361			6
2025.12.01	01:40:36.851	1.32359	1.32360			6
2025.12.01	01:40:37.156	1.32360	1.32361			6
2025.12.01	01:40:37.767	1.32359	1.32360			6
2025.12.01	01:40:38.692	1.32360	1.32361			6
2025.12.01	01:40:39.002	1.32359	1.32360			6
2025.12.01	01:40:39.305	1.32360	1.32361			6
2025.12.01	01:40:43.600	1.32361	1.32362			6
2025.12.01	01:40:44.520	1.32360	1.32361			6
2025.12.01	01:40:47.607	1.32359	1.32360			6
2025.12.01	01:40:47.912	1.32360	1.32361			6
2025.12.01	01:40:50.972	1.32359	1.32360			6
2025.12.01	01:40:51.586	1.32360	1.32361			6
2025.12.01	01:40:52.190	1.32359	1.32360			6
2025.12.01	01:40:52.506	1.32360	1.32361			6
2025.12.01	01:40:53.423	1.32359	1.32360			6
2025.12.01	01:40:53.731	1.32360	1.32361			6
2025.12.01	01:40:54.347	1.32359	1.32360			6
2025.12.01	01:40:55.575	1.32360	1.32361			6
2025.12.01	01:40:56.496	1.32359	1.32360			6
2025.12.01	01:40:58.638	1.32360	1.32361			6
2025.12.01	01:40:58.941	1.32359	1.32360			6
2025.12.01	01:40:59.245	1.32360	1.32361			6
2025.12.01	01:41:00.168	1.32359	1.32360			6
2025.12.01	01:41:08.156	1.32360	1.32361			6
2025.12.01	01:41:08.462	1.32359	1.32360			6
2025.12.01	01:41:08.765	1.32360	1.32361			6
2025.12.01	01:41:09.069	1.32361	1.32362			6
2025.12.01	01:41:09.687	1.32359	1.32360			6
2025.12.01	01:41:09.988	1.32361	1.32362			6
2025.12.01	01:41:11.814	1.32359	1.32360			6
2025.12.01	01:41:12.118	1.32360	1.32361			6
2025.12.01	01:41:12.424	1.32361	1.32362			6
2025.12.01	01:41:14.870	1.32360	1.32361			6
2025.12.01	01:41:15.181	1.32361	1.32362			6
2025.12.01	01:41:15.491	1.32362	1.32363			6
2025.12.01	01:41:19.160	1.32367	1.32368			6
2025.12.01	01:41:19.464	1.32368	1.32369			6
2025.12.01	01:41:20.386	1.32367	1.32368			6
2025.12.01	01:41:24.667	1.32368	1.32369			6
2025.12.01	01:41:25.282	1.32367	1.32368			6
2025.12.01	01:41:28.034	1.32364	1.32365			6
2025.12.01	01:41:28.340	1.32362	1.32363			6
2025.12.01	01:41:42.480	1.32360	1.32361			6
2025.12.01	01:41:43.401	1.32361	1.32362			6
2025.12.01	01:41:45.547	1.32360	1.32361			6
2025.12.01	01:41:48.296	1.32361	1.32362			6
2025.12.01	01:41:48.601	1.32360	1.32361			6
2025.12.01	01:41:50.746	1.32361	1.32362			6
2025.12.01	01:41:52.269	1.32360	1.32361			6
2025.12.01	01:41:53.480	1.32361	1.32362			6
2025.12.01	01:41:54.405	1.32360	1.32361			6
2025.12.01	01:41:55.021	1.32361	1.32362			6
2025.12.01	01:41:55.325	1.32360	1.32361			6
2025.12.01	01:41:55.628	1.32361	1.32362			6
2025.12.01	01:41:57.480	1.32360	1.32361			6
2025.12.01	01:41:57.784	1.32361	1.32362			6
2025.12.01	01:41:58.403	1.32360	1.32361			6
2025.12.01	01:42:00.234	1.32360				2
2025.12.01	01:42:00.544	1.32361	1.32362			6
2025.12.01	01:42:01.777	1.32362	1.32363			6
2025.12.01	01:42:03.302	1.32361	1.32362			6
2025.12.01	01:42:03.609	1.32362	1.32363			6
2025.12.01	01:42:09.125	1.32361	1.32362			6
2025.12.01	01:42:10.057	1.32362	1.32363			6
2025.12.01	01:42:10.366	1.32361	1.32362			6
2025.12.01	01:42:15.588	1.32369	1.32370			6
2025.12.01	01:42:15.892	1.32367	1.32368			6
2025.12.01	01:42:16.501	1.32368	1.32369			6
2025.12.01	01:42:16.807	1.32367	1.32368			6
2025.12.01	01:42:17.729	1.32368	1.32369			6
2025.12.01	01:42:25.079	1.32369	1.32370			6
2025.12.01	01:42:25.687	1.32368	1.32369			6
2025.12.01	01:42:28.765	1.32367	1.32368			6
2025.12.01	01:42:29.068	1.32368	1.32369			6
2025.12.01	01:42:29.679	1.32367	1.32368			6
2025.12.01	01:42:31.198	1.32368	1.32369			6
2025.12.01	01:42:31.816	1.32367	1.32368			6
2025.12.01	01:42:32.125	1.32368	1.32369			6
2025.12.01	01:42:33.648	1.32367	1.32368			6
2025.12.01	01:42:34.258	1.32368	1.32369			6
2025.12.01	01:42:41.605	1.32369	1.32370			6
2025.12.01	01:42:42.211	1.32370	1.32371			6
2025.12.01	01:42:42.520	1.32369	1.32370			6
2025.12.01	01:42:46.816	1.32370	1.32371			6
2025.12.01	01:42:47.129	1.32368	1.32369			6
2025.12.01	01:42:49.876	1.32369	1.32370			6
2025.12.01	01:42:50.794	1.32368	1.32369			6
2025.12.01	01:42:51.099	1.32367	1.32368			6
2025.12.01	01:43:00.294	1.32367				2
2025.12.01	01:43:00.604	1.32369	1.32370			6
2025.12.01	01:43:02.440	1.32368	1.32369			6
2025.12.01	01:43:05.530	1.32367	1.32368			6
2025.12.01	01:43:08.905	1.32369	1.32370			6
2025.12.01	01:43:25.159	1.32370	1.32371			6
2025.12.01	01:43:25.464	1.32369	1.32370			6
2025.12.01	01:43:40.164	1.32370	1.32371			6
2025.12.01	01:43:44.150	1.32369	1.32370			6
2025.12.01	01:43:49.354	1.32362	1.32363			6
2025.12.01	01:43:49.976	1.32360	1.32361			6
2025.12.01	01:43:51.192	1.32359	1.32360			6
2025.12.01	01:43:55.479	1.32352	1.32353			6
2025.12.01	01:43:56.393	1.32353	1.32354			6
2025.12.01	01:43:57.617	1.32354	1.32355			6
2025.12.01	01:44:00.086	1.32354				2
2025.12.01	01:44:00.395	1.32353	1.32354			6
2025.12.01	01:44:00.702	1.32354	1.32355			6
2025.12.01	01:44:02.858	1.32353	1.32354			6
2025.12.01	01:44:10.807	1.32354	1.32355			6
2025.12.01	01:44:25.561	1.32353	1.32354			6
2025.12.01	01:44:26.171	1.32351	1.32352			6
2025.12.01	01:44:30.692	1.32350	1.32351			6
2025.12.01	01:44:30.993	1.32351	1.32352			6
2025.12.01	01:44:31.300	1.32350	1.32351			6
2025.12.01	01:44:36.663	1.32349	1.32350			6
2025.12.01	01:44:36.967	1.32350	1.32351			6
2025.12.01	01:44:39.540	1.32351	1.32352			6
2025.12.01	01:44:40.762	1.32350	1.32351			6
2025.12.01	01:44:42.290	1.32348	1.32349			6
2025.12.01	01:44:44.734	1.32350	1.32351			6
2025.12.01	01:44:45.646	1.32356	1.32357			6
2025.12.01	01:44:46.256	1.32355	1.32356			6
2025.12.01	01:44:50.251	1.32356	1.32357			6
2025.12.01	01:44:51.784	1.32355	1.32356			6
2025.12.01	01:44:53.017	1.32357	1.32358			6
2025.12.01	01:44:54.257	1.32358	1.32359			6
2025.12.01	01:44:55.176	1.32359	1.32360			6
2025.12.01	01:44:56.090	1.32361	1.32362			6
2025.12.01	01:44:56.394	1.32362	1.32363			6
2025.12.01	01:44:57.313	1.32363	1.32364			6
2025.12.01	01:44:57.926	1.32365	1.32366			6
2025.12.01	01:45:00.075	1.32365				2
2025.12.01	01:45:00.378	1.32367	1.32368			6
2025.12.01	01:45:00.688	1.32365	1.32366			6
2025.12.01	01:45:01.309	1.32366	1.32367			6
2025.12.01	01:45:01.614	1.32365	1.32366			6
2025.12.01	01:45:01.915	1.32370	1.32371			6
2025.12.01	01:45:02.218	1.32369	1.32370			6
2025.12.01	01:45:03.760	1.32367	1.32368			6
2025.12.01	01:45:04.062	1.32368	1.32369			6
2025.12.01	01:45:06.311	1.32367	1.32368			6
2025.12.01	01:45:06.619	1.32368	1.32369			6
2025.12.01	01:45:07.841	1.32369	1.32370			6
2025.12.01	01:45:08.149	1.32368	1.32369			6
2025.12.01	01:45:24.125	1.32369	1.32370			6
2025.12.01	01:45:24.427	1.32368	1.32369			6
2025.12.01	01:45:25.661	1.32370	1.32371			6
2025.12.01	01:45:26.272	1.32369	1.32370			6
2025.12.01	01:45:27.499	1.32370	1.32371			6
2025.12.01	01:45:29.350	1.32371	1.32372			6
2025.12.01	01:45:30.273	1.32374	1.32375			6
2025.12.01	01:45:30.579	1.32377	1.32378			6
2025.12.01	01:45:31.501	1.32378	1.32379			6
2025.12.01	01:45:33.050	1.32379	1.32380			6
2025.12.01	01:45:33.975	1.32376	1.32377			6
2025.12.01	01:45:38.262	1.32377	1.32378			6
2025.12.01	01:45:39.482	1.32378	1.32379			6
2025.12.01	01:45:41.325	1.32377	1.32378			6
2025.12.01	01:45:45.633	1.32376	1.32377			6
2025.12.01	01:45:45.943	1.32375	1.32376			6
2025.12.01	01:45:46.865	1.32377	1.32378			6
2025.12.01	01:45:50.855	1.32376	1.32377			6
2025.12.01	01:45:51.468	1.32377	1.32378			6
2025.12.01	01:45:53.010	1.32376	1.32377			6
2025.12.01	01:45:53.314	1.32377	1.32378			6
2025.12.01	01:45:54.544	1.32368	1.32369			6
2025.12.01	01:45:55.770	1.32367	1.32368			6
2025.12.01	01:45:56.380	1.32368	1.32369			6
2025.12.01	01:46:00.069	1.32368				2
2025.12.01	01:46:00.686	1.32365	1.32366			6
2025.12.01	01:46:00.988	1.32366	1.32367			6
2025.12.01	01:46:01.899	1.32367	1.32368			6
2025.12.01	01:46:02.516	1.32369	1.32370			6
2025.12.01	01:46:03.736	1.32370	1.32371			6
2025.12.01	01:46:04.356	1.32369	1.32370			6
2025.12.01	01:46:05.284	1.32368	1.32369			6
2025.12.01	01:46:06.512	1.32369	1.32370			6
2025.12.01	01:46:07.733	1.32366	1.32367			6
2025.12.01	01:46:11.086	1.32363	1.32364			6
2025.12.01	01:46:11.400	1.32366	1.32367			6
2025.12.01	01:46:13.527	1.32363	1.32364			6
2025.12.01	01:46:13.831	1.32360	1.32361			6
2025.12.01	01:46:14.132	1.32361	1.32362			6
2025.12.01	01:46:14.436	1.32359	1.32360			6
2025.12.01	01:46:14.741	1.32358	1.32359			6
2025.12.01	01:46:15.660	1.32357	1.32358			6
2025.12.01	01:46:16.271	1.32358	1.32359			6
2025.12.01	01:46:16.580	1.32357	1.32358			6
2025.12.01	01:46:17.196	1.32351	1.32352			6
2025.12.01	01:46:18.109	1.32352	1.32353			6
2025.12.01	01:46:20.278	1.32349	1.32350			6
2025.12.01	01:46:20.584	1.32351	1.32352			6
2025.12.01	01:46:22.131	1.32350	1.32351			6
2025.12.01	01:46:22.748	1.32351	1.32352			6
2025.12.01	01:46:23.057	1.32350	1.32351			6
2025.12.01	01:46:23.985	1.32349	1.32350			6
2025.12.01	01:46:28.923	1.32351	1.32352			6
2025.12.01	01:46:29.238	1.32350	1.32351			6
2025.12.01	01:46:30.780	1.32348	1.32349			6
2025.12.01	01:46:41.261	1.32349	1.32350			6
2025.12.01	01:46:42.479	1.32345	1.32346			6
2025.12.01	01:46:42.789	1.32346	1.32347			6
2025.12.01	01:46:44.009	1.32345	1.32346			6
2025.12.01	01:46:44.313	1.32344	1.32345			6
2025.12.01	01:46:44.633	1.32346	1.32347			6
2025.12.01	01:46:44.945	1.32345	1.32346			6
2025.12.01	01:46:47.089	1.32346	1.32347			6
2025.12.01	01:46:48.617	1.32347	1.32348			6
2025.12.01	01:46:49.227	1.32345	1.32346			6
2025.12.01	01:46:50.756	1.32346	1.32347			6
2025.12.01	01:46:57.511	1.32345	1.32346			6
2025.12.01	01:46:59.041	1.32346	1.32347			6
2025.12.01	01:47:00.269	1.32346				2
2025.12.01	01:47:01.807	1.32347	1.32348			6
2025.12.01	01:47:02.110	1.32346	1.32347			6
2025.12.01	01:47:03.032	1.32347	1.32348			6
2025.12.01	01:47:04.876	1.32346	1.32347			6
2025.12.01	01:47:15.942	1.32347	1.32348			6
2025.12.01	01:47:21.456	1.32349	1.32350			6
2025.12.01	01:47:22.371	1.32350	1.32351			6
2025.12.01	01:47:22.989	1.32348	1.32349			6
2025.12.01	01:47:26.377	1.32350	1.32351			6
2025.12.01	01:47:26.985	1.32351	1.32352			6
2025.12.01	01:47:27.290	1.32348	1.32349			6
2025.12.01	01:47:28.523	1.32349	1.32350			6
2025.12.01	01:47:30.678	1.32350	1.32351			6
2025.12.01	01:47:48.779	1.32351	1.32352			6
2025.12.01	01:47:50.310	1.32348	1.32349			6
2025.12.01	01:47:51.228	1.32347	1.32348			6
2025.12.01	01:47:52.761	1.32346	1.32347			6
2025.12.01	01:47:53.674	1.32347	1.32348			6
2025.12.01	01:47:53.977	1.32346	1.32347			6
2025.12.01	01:47:55.807	1.32347	1.32348			6
2025.12.01	01:47:57.026	1.32346	1.32347			6
2025.12.01	01:47:59.489	1.32340	1.32341			6
2025.12.01	01:47:59.798	1.32337	1.32338			6
2025.12.01	01:48:00.099	1.32337				2
2025.12.01	01:48:01.027	1.32338	1.32339			6
2025.12.01	01:48:01.643	1.32335	1.32336			6
2025.12.01	01:48:01.944	1.32336	1.32337			6
2025.12.01	01:48:02.248	1.32337	1.32338			6
2025.12.01	01:48:03.174	1.32338	1.32339			6
2025.12.01	01:48:03.483	1.32336	1.32337			6
2025.12.01	01:48:03.784	1.32337	1.32338			6
2025.12.01	01:48:06.550	1.32338	1.32339			6
2025.12.01	01:48:07.164	1.32337	1.32338			6
2025.12.01	01:48:07.471	1.32338	1.32339			6
2025.12.01	01:48:10.861	1.32337	1.32338			6
2025.12.01	01:48:11.787	1.32335	1.32336			6
2025.12.01	01:48:13.624	1.32337	1.32338			6
2025.12.01	01:48:14.843	1.32338	1.32339			6
2025.12.01	01:48:17.606	1.32337	1.32338			6
2025.12.01	01:48:20.380	1.32336	1.32337			6
2025.12.01	01:48:22.225	1.32337	1.32338			6
2025.12.01	01:48:26.545	1.32338	1.32339			6
2025.12.01	01:48:27.776	1.32339	1.32340			6
2025.12.01	01:48:31.151	1.32337	1.32338			6
2025.12.01	01:48:32.998	1.32338	1.32339			6
2025.12.01	01:48:35.745	1.32337	1.32338			6
2025.12.01	01:48:37.902	1.32338	1.32339			6
2025.12.01	01:48:44.019	1.32339	1.32340			6
2025.12.01	01:48:44.639	1.32338	1.32339			6
2025.12.01	01:48:48.931	1.32337	1.32338			6
2025.12.01	01:48:49.238	1.32339	1.32340			6
2025.12.01	01:48:49.545	1.32338	1.32339			6
2025.12.01	01:48:50.479	1.32337	1.32338			6
2025.12.01	01:48:52.012	1.32338	1.32339			6
2025.12.01	01:48:52.925	1.32336	1.32337			6
2025.12.01	01:48:53.230	1.32335	1.32336			6
2025.12.01	01:48:56.929	1.32337	1.32338			6
2025.12.01	01:48:57.234	1.32338	1.32339			6
2025.12.01	01:49:00.293	1.32338				2
2025.12.01	01:49:01.214	1.32337	1.32338			6
2025.12.01	01:49:06.410	1.32336	1.32337			6
2025.12.01	01:49:07.947	1.32337	1.32338			6
2025.12.01	01:49:08.867	1.32336	1.32337			6
2025.12.01	01:49:09.169	1.32337	1.32338			6
2025.12.01	01:49:11.326	1.32336	1.32337			6
2025.12.01	01:49:11.941	1.32337	1.32338			6
2025.12.01	01:49:13.475	1.32336	1.32337			6
2025.12.01	01:49:13.785	1.32337	1.32338			6
2025.12.01	01:49:15.323	1.32328	1.32329			6
2025.12.01	01:49:15.630	1.32329	1.32330			6
2025.12.01	01:49:15.932	1.32330	1.32331			6
2025.12.01	01:49:16.548	1.32331	1.32332			6
2025.12.01	01:49:16.859	1.32338	1.32339			6
2025.12.01	01:49:17.163	1.32339	1.32340			6
2025.12.01	01:49:22.699	1.32340	1.32341			6
2025.12.01	01:49:24.540	1.32342	1.32343			6
2025.12.01	01:49:24.844	1.32344	1.32345			6
2025.12.01	01:49:26.987	1.32340	1.32341			6
2025.12.01	01:49:27.681	1.32341	1.32342			6
2025.12.01	01:49:28.286	1.32340	1.32341			6
2025.12.01	01:49:28.589	1.32341	1.32342			6
2025.12.01	01:49:28.904	1.32348	1.32349			6
2025.12.01	01:49:30.140	1.32347				2
2025.12.01	01:49:32.300	1.32348				2
2025.12.01	01:49:40.330	1.32349	1.32350			6
2025.12.01	01:49:40.951	1.32350	1.32351			6
2025.12.01	01:49:41.256	1.32351	1.32352			6
2025.12.01	01:49:41.561	1.32350	1.32351			6
2025.12.01	01:49:42.494	1.32351	1.32352			6
2025.12.01	01:49:44.962	1.32352	1.32353			6
2025.12.01	01:49:45.888	1.32353	1.32354			6
2025.12.01	01:49:46.499	1.32355	1.32356			6
2025.12.01	01:49:47.438	1.32356	1.32357			6
2025.12.01	01:49:47.742	1.32355	1.32356			6
2025.12.01	01:49:49.589	1.32356	1.32357			6
