<DATE>	<TIME>	<BID>	<ASK>	<LAST>	<VOLUME>	<FLAGS>
2025.03.20	00:00:00.078	1.30003	1.30054			6
2025.03.20	00:00:01.213	1.29922	1.30114			6
2025.03.20	00:00:08.295	1.29929	1.30080			6
2025.03.20	00:00:46.986		1.30062			4
2025.03.20	00:01:00.187	1.29929				2
2025.03.20	00:01:41.995		1.30053			4
2025.03.20	00:02:00.137	1.29929				2
2025.03.20	00:02:37.023		1.30061			4
2025.03.20	00:03:00.136	1.29929				2
2025.03.20	00:03:02.910		1.30058			4
2025.03.20	00:03:10.580		1.30061			4
2025.03.20	00:03:22.503		1.30040			4
2025.03.20	00:03:26.760	1.29932	1.30061			6
2025.03.20	00:03:31.953		1.30053			4
2025.03.20	00:03:42.973	1.29929				2
2025.03.20	00:03:47.576		1.30050			4
2025.03.20	00:04:00.121	1.29929				2
2025.03.20	00:04:06.843		1.30051			4
2025.03.20	00:04:08.380		1.30050			4
2025.03.20	00:04:09.296		1.30049			4
2025.03.20	00:04:36.328		1.30047			4
2025.03.20	00:04:53.251		1.30027			4
2025.03.20	00:05:00.282	1.29929				2
2025.03.20	00:05:00.589		1.30019			4
2025.03.20	00:05:01.502	1.29927	1.30017			6
2025.03.20	00:05:01.809	1.29926	1.30035			6
2025.03.20	00:05:02.422	1.29929				2
2025.03.20	00:05:05.495		1.30036			4
2025.03.20	00:05:11.039		1.30034			4
2025.03.20	00:05:15.333		1.30032			4
2025.03.20	00:05:30.704		1.30031			4
2025.03.20	00:05:31.011		1.30032			4
2025.03.20	00:05:32.251		1.30034			4
2025.03.20	00:05:33.481		1.30032			4
2025.03.20	00:05:37.787		1.30034			4
2025.03.20	00:05:45.763	1.29926				2
2025.03.20	00:05:46.382	1.29929				2
2025.03.20	00:05:51.609		1.30033			4
2025.03.20	00:06:00.219	1.29929				2
2025.03.20	00:06:18.335		1.30034			4
2025.03.20	00:06:20.491		1.30035			4
2025.03.20	00:06:30.641		1.30033			4
2025.03.20	00:06:33.105		1.30034			4
2025.03.20	00:06:51.536		1.30035			4
2025.03.20	00:07:00.137	1.29929				2
2025.03.20	00:07:32.090		1.30033			4
2025.03.20	00:07:48.687		1.30034			4
2025.03.20	00:07:56.380		1.30036			4
2025.03.20	00:08:00.061	1.29929				2
2025.03.20	00:08:00.369	1.29939				2
2025.03.20	00:08:06.212	1.29938				2
2025.03.20	00:08:32.068	1.29937				2
2025.03.20	00:08:41.307	1.29938				2
2025.03.20	00:08:56.383		1.30036			4
2025.03.20	00:08:56.991		1.30034			4
2025.03.20	00:09:00.062	1.29938				2
2025.03.20	00:09:00.378	1.29935				2
2025.03.20	00:09:09.901	1.29936				2
2025.03.20	00:09:42.205	1.29937				2
2025.03.20	00:09:55.880	1.29936				2
2025.03.20	00:09:57.105		1.30034			4
2025.03.20	00:10:00.181	1.29936				2
2025.03.20	00:10:01.405	1.29938				2
2025.03.20	00:10:02.639	1.29932	1.30022			6
2025.03.20	00:10:05.706	1.29938	1.30039			6
2025.03.20	00:10:08.159		1.30043			4
2025.03.20	00:10:10.007		1.30045			4
2025.03.20	00:10:17.992		1.30044			4
2025.03.20	00:10:20.143	1.29936	1.30026			6
2025.03.20	00:10:26.297	1.29938	1.30031			6
2025.03.20	00:10:31.533		1.30037			4
2025.03.20	00:10:32.454		1.30036			4
2025.03.20	00:11:00.174	1.29938				2
2025.03.20	00:11:22.617		1.30037			4
2025.03.20	00:11:32.144		1.30049			4
2025.03.20	00:12:00.148	1.29938				2
2025.03.20	00:12:14.272	1.29937				2
2025.03.20	00:12:14.890	1.29938				2
2025.03.20	00:12:30.869		1.30054			4
2025.03.20	00:12:32.407		1.30044			4
2025.03.20	00:12:41.315		1.30043			4
2025.03.20	00:12:46.233	1.29940	1.30051			6
2025.03.20	00:12:48.698		1.30042			4
2025.03.20	00:12:55.140		1.30040			4
2025.03.20	00:12:57.292	1.29939				2
2025.03.20	00:13:00.057	1.29939				2
2025.03.20	00:13:00.366		1.30039			4
2025.03.20	00:13:23.124	1.29940				2
2025.03.20	00:13:32.355		1.30050			4
2025.03.20	00:13:46.499		1.30047			4
2025.03.20	00:14:00.022	1.29940				2
2025.03.20	00:14:00.331		1.30046			4
2025.03.20	00:14:21.542		1.30048			4
2025.03.20	00:14:52.304	1.29941	1.30058			6
2025.03.20	00:14:52.612	1.29938				2
2025.03.20	00:14:53.536	1.29941				2
2025.03.20	00:14:56.308	1.29942				2
2025.03.20	00:14:57.538	1.29941				2
2025.03.20	00:14:59.386	1.29942				2
2025.03.20	00:15:00.001	1.29942				2
2025.03.20	00:15:00.307	1.29943				2
2025.03.20	00:15:00.614		1.30056			4
2025.03.20	00:15:00.925		1.30055			4
2025.03.20	00:15:02.771		1.30057			4
2025.03.20	00:15:03.079	1.29942				2
2025.03.20	00:15:09.536	1.29944	1.30055			6
2025.03.20	00:15:09.843		1.30057			4
2025.03.20	00:15:11.381		1.30056			4
2025.03.20	00:15:19.691		1.30057			4
2025.03.20	00:15:20.309		1.30058			4
2025.03.20	00:15:24.606	1.29945				2
2025.03.20	00:15:27.699		1.30057			4
2025.03.20	00:15:28.308	1.29946	1.30054			6
2025.03.20	00:15:30.145	1.29947				2
2025.03.20	00:15:30.760	1.29946				2
2025.03.20	00:15:31.991	1.29947				2
2025.03.20	00:15:32.607		1.30053			4
2025.03.20	00:15:33.529	1.29949	1.30054			6
2025.03.20	00:15:34.454	1.29950				2
2025.03.20	00:15:35.989		1.30053			4
2025.03.20	00:15:38.755	1.29951				2
2025.03.20	00:15:39.064	1.29950	1.30054			6
2025.03.20	00:15:43.369	1.29952	1.30055			6
2025.03.20	00:15:47.989		1.30056			4
2025.03.20	00:15:51.997	1.29954	1.30054			6
2025.03.20	00:15:54.165	1.29944	1.30036			6
2025.03.20	00:15:55.393	1.29943	1.30033			6
2025.03.20	00:15:58.456	1.29944	1.30037			6
2025.03.20	00:16:00.296	1.29944				2
2025.03.20	00:16:02.142	1.29957	1.30056			6
2025.03.20	00:16:07.372	1.29944	1.30058			6
2025.03.20	00:16:07.681	1.29939	1.30057			6
2025.03.20	00:16:08.293	1.29938	1.30048			6
2025.03.20	00:16:08.598		1.30049			4
2025.03.20	00:16:09.521	1.29939	1.30055			6
2025.03.20	00:16:11.370	1.29940				2
2025.03.20	00:16:12.287	1.29938	1.30052			6
2025.03.20	00:16:21.522		1.30053			4
2025.03.20	00:16:22.749		1.30057			4
2025.03.20	00:16:23.371		1.30056			4
2025.03.20	00:16:24.294		1.30054			4
2025.03.20	00:16:25.527		1.30058			4
2025.03.20	00:16:25.832		1.30057			4
2025.03.20	00:16:28.595		1.30055			4
2025.03.20	00:16:29.211	1.29939	1.30058			6
2025.03.20	00:16:29.524	1.29938	1.30057			6
2025.03.20	00:16:30.750		1.30060			4
2025.03.20	00:16:32.899	1.29941	1.30053			6
2025.03.20	00:16:34.743		1.30052			4
2025.03.20	00:16:37.198		1.30055			4
2025.03.20	00:16:38.424		1.30056			4
2025.03.20	00:16:39.036	1.29943	1.30054			6
2025.03.20	00:16:39.345	1.29944	1.30055			6
2025.03.20	00:16:43.958	1.29942	1.30056			6
2025.03.20	00:16:56.275	1.29943	1.30055			6
2025.03.20	00:16:56.581	1.29944	1.30056			6
2025.03.20	00:16:57.506	1.29941	1.30058			6
2025.03.20	00:16:59.353	1.29940				2
2025.03.20	00:17:00.275	1.29941	1.30059			6
2025.03.20	00:17:01.510	1.29942				2
2025.03.20	00:17:02.735	1.29943				2
2025.03.20	00:17:03.360	1.29946	1.30052			6
2025.03.20	00:17:08.281	1.29945	1.30056			6
2025.03.20	00:17:19.943		1.30054			4
2025.03.20	00:17:20.865	1.29940	1.30059			6
2025.03.20	00:17:22.398	1.29941				2
2025.03.20	00:17:22.704	1.29942	1.30060			6
2025.03.20	00:17:23.935	1.29946	1.30055			6
2025.03.20	00:17:30.089	1.29947	1.30058			6
2025.03.20	00:17:30.397	1.29945	1.30056			6
2025.03.20	00:17:32.855	1.29948	1.30055			6
2025.03.20	00:17:33.474		1.30053			4
2025.03.20	00:17:39.943	1.29949	1.30055			6
2025.03.20	00:17:45.790	1.29948	1.30053			6
2025.03.20	00:17:46.707	1.29949	1.30055			6
2025.03.20	00:17:59.312		1.30053			4
2025.03.20	00:17:59.620		1.30050			4
2025.03.20	00:18:00.241	1.29949				2
2025.03.20	00:18:00.549	1.29946	1.30052			6
2025.03.20	00:18:00.860	1.29944	1.30055			6
2025.03.20	00:18:01.478	1.29945	1.30057			6
2025.03.20	00:18:05.160	1.29946				2
2025.03.20	00:18:08.848		1.30056			4
2025.03.20	00:18:10.080	1.29947	1.30058			6
2025.03.20	00:18:15.917		1.30056			4
2025.03.20	00:18:19.614	1.29941	1.30040			6
2025.03.20	00:18:20.234		1.30046			4
2025.03.20	00:18:20.539		1.30038			4
2025.03.20	00:18:31.039		1.30040			4
2025.03.20	00:18:32.882		1.30037			4
2025.03.20	00:18:33.195	1.29943				2
2025.03.20	00:18:33.506		1.30036			4
2025.03.20	00:18:41.198	1.29938	1.30031			6
2025.03.20	00:18:41.819		1.30029			4
2025.03.20	00:18:46.437		1.30030			4
2025.03.20	00:18:53.511		1.30031			4
2025.03.20	00:18:53.823		1.30039			4
2025.03.20	00:18:54.137		1.30037			4
2025.03.20	00:18:54.746		1.30036			4
2025.03.20	00:18:55.978	1.29940	1.30041			6
2025.03.20	00:18:56.283	1.29939				2
2025.03.20	00:18:58.447	1.29938				2
2025.03.20	00:18:59.976		1.30038			4
2025.03.20	00:19:00.284	1.29938	1.30024			6
2025.03.20	00:19:01.508	1.29936	1.30023			6
2025.03.20	00:19:02.128		1.30024			4
2025.03.20	00:19:03.004		1.30023			4
2025.03.20	00:19:07.304		1.30024			4
2025.03.20	00:19:07.611	1.29938	1.30029			6
2025.03.20	00:19:08.225		1.30030			4
2025.03.20	00:19:14.995	1.29935				2
2025.03.20	00:19:23.286		1.30041			4
2025.03.20	00:19:39.284		1.30028			4
2025.03.20	00:19:39.591	1.29931	1.30021			6
2025.03.20	00:19:41.730	1.29930	1.30020			6
2025.03.20	00:19:43.555	1.29931	1.30021			6
2025.03.20	00:19:45.999	1.29932	1.30022			6
2025.03.20	00:19:46.300	1.29935	1.30026			6
2025.03.20	00:19:46.905	1.29934	1.30024			6
2025.03.20	00:19:47.209	1.29930	1.30020			6
2025.03.20	00:19:48.444	1.29929	1.30019			6
2025.03.20	00:19:48.744	1.29932	1.30022			6
2025.03.20	00:19:49.051	1.29935	1.30036			6
2025.03.20	00:19:49.366	1.29927	1.30011			6
2025.03.20	00:19:49.667		1.30010			4
2025.03.20	00:19:49.980	1.29928	1.30018			6
2025.03.20	00:19:50.283	1.29927	1.30012			6
2025.03.20	00:19:50.591	1.29928	1.30018			6
2025.03.20	00:19:50.900	1.29927	1.30013			6
2025.03.20	00:19:52.130		1.30014			4
2025.03.20	00:19:52.747		1.30013			4
2025.03.20	00:19:55.203	1.29933	1.30020			6
2025.03.20	00:19:55.513		1.30023			4
2025.03.20	00:19:56.125		1.30022			4
2025.03.20	00:19:56.741		1.30017			4
2025.03.20	00:19:57.974	1.29935	1.30025			6
2025.03.20	00:20:00.124	1.29935				2
2025.03.20	00:20:00.437	1.29936	1.30026			6
2025.03.20	00:20:02.279	1.29933	1.30017			6
2025.03.20	00:20:04.354	1.29928				2
2025.03.20	00:20:04.927	1.29929				2
2025.03.20	00:20:05.235	1.29928				2
2025.03.20	00:20:09.584		1.30026			4
2025.03.20	00:20:11.071		1.30019			4
2025.03.20	00:20:13.368	1.29933				2
2025.03.20	00:20:13.675	1.29934				2
2025.03.20	00:20:14.290	1.29928	1.30016			6
2025.03.20	00:20:14.906	1.29927	1.30019			6
2025.03.20	00:20:17.629		1.30026			4
2025.03.20	00:20:39.867	1.29964	1.30041			6
2025.03.20	00:20:41.894	1.29945	1.30049			6
2025.03.20	00:20:43.438		1.30050			4
2025.03.20	00:20:45.583		1.30049			4
2025.03.20	00:20:48.973		1.30050			4
2025.03.20	00:20:50.197		1.30055			4
2025.03.20	00:21:00.061	1.29945				2
2025.03.20	00:21:01.602	1.30006	1.30069			6
2025.03.20	00:21:02.814		1.30076			4
2025.03.20	00:21:05.568		1.30077			4
2025.03.20	00:21:08.006		1.30078			4
2025.03.20	00:21:09.519		1.30079			4
2025.03.20	00:21:11.945		1.30080			4
2025.03.20	00:21:22.092	1.30001	1.30078			6
2025.03.20	00:21:24.550	1.30012	1.30083			6
2025.03.20	00:21:25.772		1.30085			4
2025.03.20	00:21:26.699		1.30084			4
2025.03.20	00:21:28.854		1.30085			4
2025.03.20	00:21:30.386		1.30086			4
2025.03.20	00:21:32.972		1.30085			4
2025.03.20	00:21:35.744	1.30000	1.30080			6
2025.03.20	00:21:36.053	1.30011	1.30088			6
2025.03.20	00:21:37.281		1.30089			4
2025.03.20	00:21:37.591		1.30088			4
2025.03.20	00:21:39.746	1.30000	1.30080			6
2025.03.20	00:21:46.204		1.30066			4
2025.03.20	00:21:46.507	1.29993				2
2025.03.20	00:21:50.782	1.29972				2
2025.03.20	00:21:52.645	1.29976				2
2025.03.20	00:21:56.638	1.29974	1.30064			6
2025.03.20	00:21:56.948	1.29975	1.30065			6
2025.03.20	00:21:59.104		1.30062			4
2025.03.20	00:22:00.021	1.29975				2
2025.03.20	00:22:02.480	1.29973	1.30057			6
2025.03.20	00:22:08.326	1.29974				2
2025.03.20	00:22:16.621	1.29975				2
2025.03.20	00:22:17.852	1.29972				2
2025.03.20	00:22:20.932	1.29971				2
2025.03.20	00:22:30.307	1.29958	1.30052			6
2025.03.20	00:22:30.621	1.29957				2
2025.03.20	00:22:32.473	1.29955				2
2025.03.20	00:22:38.623	1.29959				2
2025.03.20	00:22:39.862	1.29961	1.30051			6
2025.03.20	00:22:42.631	1.29960	1.30050			6
2025.03.20	00:22:57.088	1.29953	1.30040			6
2025.03.20	00:22:57.389	1.29957				2
2025.03.20	00:23:00.161	1.29957				2
2025.03.20	00:23:14.929	1.29956				2
2025.03.20	00:23:18.922	1.29955				2
2025.03.20	00:23:34.000		1.30031			4
2025.03.20	00:23:34.307	1.29954				2
2025.03.20	00:23:40.768	1.29953				2
2025.03.20	00:23:49.066	1.29952				2
2025.03.20	00:23:52.133	1.29951				2
2025.03.20	00:23:54.595	1.29948				2
2025.03.20	00:23:54.903	1.29949				2
2025.03.20	00:23:58.598		1.30036			4
2025.03.20	00:23:58.899	1.29945	1.30028			6
2025.03.20	00:24:00.128	1.29947				2
2025.03.20	00:24:01.358	1.29946				2
2025.03.20	00:24:03.507		1.30036			4
2025.03.20	00:24:03.814	1.29950				2
2025.03.20	00:24:05.349	1.29948				2
2025.03.20	00:24:05.660	1.29950				2
2025.03.20	00:24:09.955	1.29951				2
2025.03.20	00:24:11.183	1.29947				2
2025.03.20	00:24:12.416	1.29946				2
2025.03.20	00:24:28.103	1.29945	1.30035			6
2025.03.20	00:24:50.562	1.29943	1.30033			6
2025.03.20	00:24:53.637	1.29942	1.30032			6
2025.03.20	00:24:57.324	1.29941	1.30031			6
2025.03.20	00:25:00.085	1.29941				2
2025.03.20	00:25:00.391	1.29942				2
2025.03.20	00:25:32.190	1.29943				2
2025.03.20	00:25:32.800	1.29946	1.30036			6
2025.03.20	00:25:34.032	1.29948	1.30045			6
2025.03.20	00:25:34.336		1.30046			4
2025.03.20	00:25:34.643	1.29950	1.30050			6
2025.03.20	00:25:34.951	1.29948				2
2025.03.20	00:25:35.263	1.29949	1.30051			6
2025.03.20	00:25:35.877		1.30052			4
2025.03.20	00:25:37.103		1.30051			4
2025.03.20	00:25:41.723		1.30052			4
2025.03.20	00:25:42.945	1.29948	1.30051			6
2025.03.20	00:25:43.562	1.29950	1.30053			6
2025.03.20	00:25:43.868	1.29949	1.30052			6
2025.03.20	00:25:44.180	1.29952	1.30062			6
2025.03.20	00:25:45.411	1.29943	1.30064			6
2025.03.20	00:25:45.717		1.30063			4
2025.03.20	00:25:48.795		1.30065			4
2025.03.20	00:25:49.105	1.29944				2
2025.03.20	00:25:49.412		1.30063			4
2025.03.20	00:25:49.724	1.29945	1.30065			6
2025.03.20	00:25:57.704		1.30064			4
2025.03.20	00:25:58.013	1.29986	1.30070			6
2025.03.20	00:25:58.625		1.30073			4
2025.03.20	00:25:58.932		1.30074			4
2025.03.20	00:25:59.246		1.30071			4
2025.03.20	00:26:00.163	1.29986	1.30073			6
2025.03.20	00:26:00.776		1.30074			4
2025.03.20	00:26:02.316		1.30075			4
2025.03.20	00:26:03.960		1.30067			4
2025.03.20	00:26:04.569	1.29994				2
2025.03.20	00:26:04.872		1.30073			4
2025.03.20	00:26:06.726	1.30004	1.30076			6
2025.03.20	00:26:07.079	1.30005	1.30072			6
2025.03.20	00:26:11.874	1.30006	1.30076			6
2025.03.20	00:26:16.792	1.30007	1.30077			6
2025.03.20	00:26:19.531	1.30012				2
2025.03.20	00:26:20.034	1.29999	1.30074			6
2025.03.20	00:26:22.803	1.30009	1.30077			6
2025.03.20	00:26:32.302	1.30012				2
2025.03.20	00:26:48.588	1.30016	1.30085			6
2025.03.20	00:26:50.760		1.30086			4
2025.03.20	00:26:51.988		1.30087			4
2025.03.20	00:26:54.111		1.30086			4
2025.03.20	00:26:55.955		1.30087			4
2025.03.20	00:26:57.137		1.30082			4
2025.03.20	00:27:00.318	1.30016				2
2025.03.20	00:27:03.718	1.30010	1.30079			6
2025.03.20	00:27:04.967		1.30078			4
2025.03.20	00:27:05.586		1.30079			4
2025.03.20	00:28:04.925	1.30010				2
2025.03.20	00:28:10.574		1.30079			4
2025.03.20	00:28:17.132	1.30005	1.30076			6
2025.03.20	00:28:25.433		1.30074			4
2025.03.20	00:28:25.737	1.29995	1.30068			6
2025.03.20	00:28:35.275	1.29989	1.30060			6
2025.03.20	00:28:42.342	1.29962	1.30062			6
2025.03.20	00:28:43.584	1.29963				2
2025.03.20	00:28:53.728	1.29962				2
2025.03.20	00:29:00.190	1.29971				2
2025.03.20	00:29:00.806	1.29952	1.30050			6
2025.03.20	00:29:01.110	1.29946				2
2025.03.20	00:29:08.799	1.29945				2
2025.03.20	00:29:13.713	1.29946				2
2025.03.20	00:29:14.022	1.29945				2
2025.03.20	00:29:15.562	1.29943				2
2025.03.20	00:29:15.873	1.29942				2
2025.03.20	00:29:16.484	1.29962	1.30041			6
2025.03.20	00:29:16.793		1.30044			4
2025.03.20	00:29:17.403	1.29958	1.30042			6
2025.03.20	00:29:17.735		1.30041			4
2025.03.20	00:29:18.659		1.30042			4
2025.03.20	00:29:23.315		1.30038			4
2025.03.20	00:29:39.403	1.29952	1.30032			6
2025.03.20	00:29:40.576		1.30031			4
2025.03.20	00:29:51.798	1.29959	1.30045			6
2025.03.20	00:29:52.103		1.30047			4
2025.03.20	00:29:52.407		1.30046			4
2025.03.20	00:29:58.868	1.29975	1.30045			6
2025.03.20	00:30:00.095	1.29975	1.30049			6
2025.03.20	00:30:04.388		1.30048			4
2025.03.20	00:30:05.315		1.30049			4
2025.03.20	00:30:28.172		1.30043			4
2025.03.20	00:30:29.704		1.30044			4
2025.03.20	00:30:34.937		1.30043			4
2025.03.20	00:30:37.700		1.30039			4
2025.03.20	00:31:00.576	1.29975				2
2025.03.20	00:31:32.791		1.30038			4
2025.03.20	00:31:41.008		1.30043			4
2025.03.20	00:31:55.173		1.30046			4
2025.03.20	00:31:55.985		1.30047			4
2025.03.20	00:32:00.407	1.29975				2
2025.03.20	00:32:02.732		1.30043			4
2025.03.20	00:32:07.195		1.30042			4
2025.03.20	00:32:16.767		1.30039			4
2025.03.20	00:32:52.942		1.30044			4
2025.03.20	00:32:53.684	1.29962	1.30041			6
2025.03.20	00:32:58.005		1.30040			4
2025.03.20	00:32:58.921		1.30041			4
2025.03.20	00:33:00.151	1.29962				2
2025.03.20	00:33:04.158		1.30045			4
2025.03.20	00:33:15.229		1.30041			4
2025.03.20	00:33:15.538		1.30045			4
2025.03.20	00:33:20.777		1.30042			4
2025.03.20	00:33:29.081		1.30044			4
2025.03.20	00:33:47.237		1.30045			4
2025.03.20	00:34:00.189	1.29962				2
2025.03.20	00:34:10.656		1.30046			4
2025.03.20	00:34:54.344		1.30045			4
2025.03.20	00:35:00.184	1.29962				2
2025.03.20	00:35:04.181		1.30040			4
2025.03.20	00:35:04.492		1.30044			4
2025.03.20	00:35:04.796		1.30045			4
2025.03.20	00:35:18.333		1.30042			4
2025.03.20	00:35:22.330		1.30044			4
2025.03.20	00:35:36.783		1.30041			4
2025.03.20	00:35:51.845		1.30040			4
2025.03.20	00:36:00.154	1.29962				2
2025.03.20	00:36:00.468		1.30044			4
2025.03.20	00:36:03.234		1.30040			4
2025.03.20	00:36:08.466		1.30042			4
2025.03.20	00:36:10.618		1.30044			4
2025.03.20	00:36:11.238		1.30043			4
2025.03.20	00:36:11.859		1.30042			4
2025.03.20	00:36:30.305		1.30044			4
2025.03.20	00:36:30.614		1.30045			4
2025.03.20	00:36:30.923		1.30044			4
2025.03.20	00:36:34.003	1.29957				2
2025.03.20	00:36:34.801		1.30039			4
2025.03.20	00:36:56.402	1.29942	1.30035			6
2025.03.20	00:36:56.702		1.30034			4
2025.03.20	00:36:57.322	1.29943	1.30035			6
2025.03.20	00:36:58.565	1.29942	1.30034			6
2025.03.20	00:36:59.177	1.29943	1.30035			6
2025.03.20	00:37:00.107	1.29943				2
2025.03.20	00:37:00.412		1.30034			4
2025.03.20	00:37:01.338	1.29942	1.30032			6
2025.03.20	00:37:02.263	1.29943	1.30033			6
2025.03.20	00:37:05.027	1.29948	1.30038			6
2025.03.20	00:37:06.877	1.29947	1.30037			6
2025.03.20	00:37:08.414	1.29948	1.30038			6
2025.03.20	00:37:08.719	1.29947	1.30037			6
2025.03.20	00:37:09.032	1.29949	1.30039			6
2025.03.20	00:37:09.641	1.29948	1.30038			6
2025.03.20	00:37:13.331	1.29947	1.30037			6
2025.03.20	00:37:23.481	1.29949	1.30039			6
2025.03.20	00:37:28.725	1.29950	1.30040			6
2025.03.20	00:37:35.184	1.29946	1.30036			6
2025.03.20	00:37:44.146	1.29947	1.30037			6
2025.03.20	00:38:00.145	1.29947				2
2025.03.20	00:38:01.383	1.29946	1.30036			6
2025.03.20	00:38:05.380	1.29948	1.30039			6
2025.03.20	00:38:05.684		1.30038			4
2025.03.20	00:38:06.301	1.29947	1.30037			6
2025.03.20	00:38:07.535	1.29948	1.30038			6
2025.03.20	00:38:09.703	1.29949	1.30039			6
2025.03.20	00:38:17.081	1.29948	1.30038			6
2025.03.20	00:38:17.392	1.29949	1.30039			6
2025.03.20	00:38:19.546	1.29950	1.30040			6
2025.03.20	00:38:27.230	1.29949				2
2025.03.20	00:38:27.844	1.29948	1.30038			6
2025.03.20	00:38:38.942	1.29949	1.30039			6
2025.03.20	00:38:42.351	1.29940	1.30030			6
2025.03.20	00:38:42.653	1.29942	1.30032			6
2025.03.20	00:38:43.273	1.29940	1.30030			6
2025.03.20	00:38:45.425	1.29941	1.30031			6
2025.03.20	00:38:49.753	1.29944	1.30037			6
2025.03.20	00:38:50.059	1.29942	1.30032			6
2025.03.20	00:38:55.292	1.29944	1.30034			6
2025.03.20	00:38:56.218	1.29945	1.30035			6
2025.03.20	00:38:58.373	1.29943	1.30033			6
2025.03.20	00:39:00.240	1.29943				2
2025.03.20	00:39:00.855	1.29944	1.30034			6
2025.03.20	00:39:03.619	1.29945	1.30035			6
2025.03.20	00:39:03.931	1.29946	1.30036			6
2025.03.20	00:39:11.017	1.29948	1.30040			6
2025.03.20	00:39:12.862	1.29950				2
2025.03.20	00:39:15.933	1.29951				2
2025.03.20	00:39:19.321	1.29948	1.30038			6
2025.03.20	00:39:19.634	1.29947	1.30037			6
2025.03.20	00:39:38.679	1.29949	1.30039			6
2025.03.20	00:39:42.964	1.29950	1.30040			6
2025.03.20	00:39:45.736		1.30041			4
2025.03.20	00:39:46.973		1.30044			4
2025.03.20	00:39:47.281		1.30042			4
2025.03.20	00:39:48.818	1.29945	1.30038			6
2025.03.20	00:39:49.130	1.29953	1.30043			6
2025.03.20	00:39:49.432	1.29951	1.30044			6
2025.03.20	00:40:00.189	1.29951				2
2025.03.20	00:40:02.035	1.29950				2
2025.03.20	00:40:10.031	1.29949				2
2025.03.20	00:40:12.488	1.29950				2
2025.03.20	00:40:15.561	1.29944	1.30041			6
2025.03.20	00:40:18.024	1.29945	1.30042			6
2025.03.20	00:40:20.179	1.29946	1.30043			6
2025.03.20	00:40:22.331	1.29951	1.30044			6
2025.03.20	00:40:35.243	1.29946				2
2025.03.20	00:40:38.618	1.29947				2
2025.03.20	00:40:43.544	1.29943				2
2025.03.20	00:40:43.845	1.29945				2
2025.03.20	00:40:58.915	1.29946				2
2025.03.20	00:41:00.144	1.29946				2
2025.03.20	00:41:01.379	1.29945				2
2025.03.20	00:41:11.213	1.29944				2
2025.03.20	00:41:13.363	1.29945				2
2025.03.20	00:41:22.591		1.30044			4
2025.03.20	00:41:26.290	1.29946				2
2025.03.20	00:41:28.748	1.29945				2
2025.03.20	00:41:32.438	1.29946				2
2025.03.20	00:41:41.332	1.29948				2
2025.03.20	00:41:49.644	1.29947				2
2025.03.20	00:41:54.251	1.29948				2
2025.03.20	00:42:00.090	1.29948				2
2025.03.20	00:42:04.702	1.29947				2
2025.03.20	00:42:11.770	1.29948				2
2025.03.20	00:42:22.817		1.30044			4
2025.03.20	00:42:23.117	1.29949				2
2025.03.20	00:42:23.419	1.29935	1.30035			6
2025.03.20	00:42:30.500		1.30036			4
2025.03.20	00:42:30.813	1.29942	1.30044			6
2025.03.20	00:42:36.952	1.29946				2
2025.03.20	00:42:38.790	1.29947				2
2025.03.20	00:42:40.642	1.29946				2
2025.03.20	00:42:45.860	1.29948				2
2025.03.20	00:42:48.000	1.29947				2
2025.03.20	00:42:49.231	1.29948				2
2025.03.20	00:42:53.240	1.29947				2
2025.03.20	00:42:54.774	1.29948				2
2025.03.20	00:42:57.875	1.29947				2
2025.03.20	00:43:00.017	1.29947				2
2025.03.20	00:43:00.946	1.29948				2
2025.03.20	00:43:09.224	1.29947				2
2025.03.20	00:43:31.042	1.29946	1.30044			6
2025.03.20	00:43:31.349	1.29947				2
2025.03.20	00:43:36.872	1.29946				2
2025.03.20	00:43:37.181	1.29947				2
2025.03.20	00:43:47.652		1.30039			4
2025.03.20	00:43:51.343		1.30038			4
2025.03.20	00:44:00.257	1.29947				2
2025.03.20	00:44:01.489		1.30044			4
2025.03.20	00:44:05.490	1.29944	1.30040			6
2025.03.20	00:44:06.415	1.29943	1.30041			6
2025.03.20	00:44:07.035	1.29942				2
2025.03.20	00:44:10.413	1.29929	1.30035			6
2025.03.20	00:44:11.947	1.29930	1.30036			6
2025.03.20	00:44:13.486	1.29928	1.30032			6
2025.03.20	00:44:13.797		1.30034			4
2025.03.20	00:44:14.103	1.29931	1.30037			6
2025.03.20	00:44:14.409	1.29937	1.30039			6
2025.03.20	00:44:15.019	1.29938				2
2025.03.20	00:44:15.325		1.30038			4
2025.03.20	00:44:16.868	1.29941				2
2025.03.20	00:44:19.025	1.29938				2
2025.03.20	00:44:22.398	1.29943				2
2025.03.20	00:44:22.705	1.29941				2
2025.03.20	00:44:24.239	1.29940				2
2025.03.20	00:44:24.851		1.30037			4
2025.03.20	00:44:25.166	1.29932	1.30036			6
2025.03.20	00:44:25.472		1.30038			4
2025.03.20	00:44:26.695		1.30039			4
2025.03.20	00:44:30.993	1.29931	1.30038			6
2025.03.20	00:44:36.233	1.29936				2
2025.03.20	00:44:36.534	1.29934				2
2025.03.20	00:44:36.844		1.30036			4
2025.03.20	00:44:43.916		1.30037			4
2025.03.20	00:44:55.297	1.29938	1.30042			6
2025.03.20	00:44:57.449	1.29941				2
2025.03.20	00:44:57.762	1.29940				2
2025.03.20	00:45:00.216	1.29941	1.30044			6
2025.03.20	00:45:03.296	1.29935	1.30039			6
2025.03.20	00:45:03.599	1.29938	1.30043			6
2025.03.20	00:45:03.910		1.30045			4
2025.03.20	00:45:04.222		1.30044			4
2025.03.20	00:45:05.449	1.29936				2
2025.03.20	00:45:06.375	1.29938				2
2025.03.20	00:45:09.544	1.29954	1.30028			6
2025.03.20	00:45:11.674	1.29955	1.30020			6
2025.03.20	00:45:14.751		1.30019			4
2025.03.20	00:45:19.979		1.30016			4
2025.03.20	00:45:21.212	1.29956				2
2025.03.20	00:45:24.899		1.30022			4
2025.03.20	00:45:26.745	1.29955				2
2025.03.20	00:45:27.046		1.30021			4
2025.03.20	00:45:28.584		1.30019			4
2025.03.20	00:45:30.426		1.30022			4
2025.03.20	00:45:31.035		1.30018			4
2025.03.20	00:45:32.883	1.29956				2
2025.03.20	00:45:36.269	1.29958				2
2025.03.20	00:45:36.888	1.29957	1.30017			6
2025.03.20	00:45:41.192	1.29958	1.30025			6
2025.03.20	00:45:42.117		1.30024			4
2025.03.20	00:45:44.874	1.29953				2
2025.03.20	00:45:45.179		1.30022			4
2025.03.20	00:45:45.494		1.30023			4
2025.03.20	00:45:47.031		1.30021			4
2025.03.20	00:45:48.575	1.29954	1.30017			6
2025.03.20	00:45:51.036	1.29959	1.30027			6
2025.03.20	00:45:51.338		1.30028			4
2025.03.20	00:45:53.187	1.29951	1.30027			6
2025.03.20	00:45:53.493	1.29947	1.30017			6
2025.03.20	00:45:54.106		1.30016			4
2025.03.20	00:45:56.863	1.29951	1.30015			6
2025.03.20	00:45:57.170	1.29952	1.30014			6
2025.03.20	00:45:58.089	1.29953	1.30017			6
2025.03.20	00:45:58.396		1.30018			4
2025.03.20	00:46:00.243	1.29953	1.30017			6
2025.03.20	00:46:01.780	1.29954				2
2025.03.20	00:46:03.624		1.30028			4
2025.03.20	00:46:04.547	1.29956				2
2025.03.20	00:46:04.855		1.30027			4
2025.03.20	00:46:07.006		1.30024			4
2025.03.20	00:46:09.770		1.30017			4
2025.03.20	00:46:11.922	1.29953	1.30013			6
2025.03.20	00:46:14.384	1.29954	1.30012			6
2025.03.20	00:46:16.857	1.29955	1.30013			6
2025.03.20	00:46:20.853	1.29957	1.30015			6
2025.03.20	00:46:26.692	1.29956	1.30014			6
2025.03.20	00:46:26.994	1.29957	1.30015			6
2025.03.20	00:46:31.605		1.30016			4
2025.03.20	00:46:41.467	1.29956				2
2025.03.20	00:46:49.462		1.30017			4
2025.03.20	00:46:53.758		1.30015			4
2025.03.20	00:46:54.683		1.30017			4
2025.03.20	00:47:00.211	1.29956	1.30018			6
2025.03.20	00:47:11.568		1.30027			4
2025.03.20	00:47:11.875		1.30021			4
2025.03.20	00:47:15.868	1.29957				2
2025.03.20	00:47:18.944		1.30018			4
2025.03.20	00:47:36.165	1.29949				2
2025.03.20	00:47:36.479	1.29950				2
2025.03.20	00:47:36.789	1.29947	1.30012			6
2025.03.20	00:47:37.703	1.29948				2
2025.03.20	00:47:38.626		1.30014			4
2025.03.20	00:47:38.930		1.30012			4
2025.03.20	00:47:43.544	1.29947	1.30014			6
2025.03.20	00:47:44.776		1.30016			4
2025.03.20	00:47:46.320	1.29946	1.30019			6
2025.03.20	00:47:46.626	1.29950	1.30016			6
2025.03.20	00:47:49.081		1.30017			4
2025.03.20	00:47:51.240		1.30022			4
2025.03.20	00:47:54.621	1.29956	1.30023			6
2025.03.20	00:47:55.231	1.29955	1.30024			6
2025.03.20	00:47:56.154		1.30023			4
2025.03.20	00:47:59.538		1.30021			4
2025.03.20	00:48:00.152	1.29955				2
2025.03.20	00:48:03.854		1.30020			4
2025.03.20	00:48:05.387	1.29957				2
2025.03.20	00:48:08.461	1.29956				2
2025.03.20	00:48:11.232	1.29954				2
2025.03.20	00:48:12.778	1.29955				2
2025.03.20	00:48:16.780		1.30028			4
2025.03.20	00:48:18.009		1.30027			4
2025.03.20	00:48:20.164	1.29952				2
2025.03.20	00:48:20.472	1.29950	1.30026			6
2025.03.20	00:48:20.782		1.30024			4
2025.03.20	00:48:21.704		1.30025			4
2025.03.20	00:48:22.626		1.30021			4
2025.03.20	00:48:26.959	1.29948	1.30020			6
2025.03.20	00:48:31.570		1.30019			4
2025.03.20	00:48:32.188	1.29947	1.30021			6
2025.03.20	00:48:34.963		1.30022			4
2025.03.20	00:48:35.884		1.30018			4
2025.03.20	00:48:37.119	1.29948				2
2025.03.20	00:48:37.735		1.30019			4
2025.03.20	00:48:42.048		1.30018			4
2025.03.20	00:48:46.667	1.29947				2
2025.03.20	00:48:50.359	1.29948				2
2025.03.20	00:48:51.285		1.30020			4
2025.03.20	00:48:52.520	1.29947				2
2025.03.20	00:48:53.747	1.29948				2
2025.03.20	00:48:54.673	1.29949				2
2025.03.20	00:49:00.216	1.29949				2
2025.03.20	00:49:00.527	1.29948				2
2025.03.20	00:49:04.838		1.30023			4
2025.03.20	00:49:07.610		1.30024			4
2025.03.20	00:49:08.843	1.29946	1.30021			6
2025.03.20	00:49:09.152	1.29951				2
2025.03.20	00:49:09.455		1.30019			4
2025.03.20	00:49:09.766		1.30021			4
2025.03.20	00:49:11.306		1.30020			4
2025.03.20	00:49:12.525	1.29956				2
2025.03.20	00:49:18.992	1.29955				2
2025.03.20	00:49:21.455	1.29956				2
2025.03.20	00:49:21.762		1.30018			4
2025.03.20	00:49:22.071		1.30019			4
2025.03.20	00:49:22.375	1.29955				2
2025.03.20	00:49:22.681		1.30018			4
2025.03.20	00:49:22.985	1.29956	1.30022			6
2025.03.20	00:49:28.525	1.29957				2
2025.03.20	00:49:39.918	1.29958				2
2025.03.20	00:49:40.226	1.29957				2
2025.03.20	00:49:40.839	1.29956				2
2025.03.20	00:49:41.153	1.29951				2
2025.03.20	00:49:41.762	1.29952				2
2025.03.20	00:49:48.537	1.29958				2
2025.03.20	00:49:52.542	1.29959				2
2025.03.20	00:49:56.852	1.29958				2
2025.03.20	00:49:59.317	1.29961	1.30028			6
2025.03.20	00:50:00.234	1.29961				2
2025.03.20	00:50:02.692	1.29960				2
2025.03.20	00:50:03.306	1.29961				2
2025.03.20	00:50:09.458		1.30030			4
2025.03.20	00:50:09.767	1.29960				2
2025.03.20	00:50:11.308	1.29961				2
2025.03.20	00:50:16.534		1.30029			4
2025.03.20	00:50:24.839	1.29953				2
2025.03.20	00:50:27.302	1.29954				2
2025.03.20	00:50:28.840	1.29956				2
2025.03.20	00:50:29.458	1.29957				2
2025.03.20	00:50:29.764	1.29958				2
2025.03.20	00:50:30.379	1.29959				2
2025.03.20	00:50:32.227	1.29960				2
2025.03.20	00:50:36.524	1.29961				2
2025.03.20	00:50:39.907	1.29962				2
2025.03.20	00:50:43.293		1.30028			4
2025.03.20	00:50:43.907	1.29963				2
2025.03.20	00:50:49.438	1.29964				2
2025.03.20	00:51:00.214	1.29964				2
2025.03.20	00:51:03.282		1.30029			4
2025.03.20	00:51:12.814	1.29971	1.30032			6
2025.03.20	00:51:16.505		1.30031			4
2025.03.20	00:51:18.042	1.29968				2
2025.03.20	00:51:18.959	1.29969				2
2025.03.20	00:51:20.192		1.30028			4
2025.03.20	00:51:20.806	1.29970				2
2025.03.20	00:51:26.660	1.29971	1.30029			6
2025.03.20	00:51:42.346	1.29972	1.30030			6
2025.03.20	00:51:42.655	1.29978	1.30032			6
2025.03.20	00:51:51.244	1.29975				2
2025.03.20	00:51:52.772	1.29976				2
2025.03.20	00:51:54.620	1.29975				2
2025.03.20	00:51:56.785	1.29976				2
2025.03.20	00:52:00.162	1.29977				2
2025.03.20	00:52:01.089	1.29975	1.30045			6
2025.03.20	00:52:01.396	1.29976				2
2025.03.20	00:52:01.703		1.30043			4
2025.03.20	00:52:02.934		1.30042			4
2025.03.20	00:52:03.236	1.29973				2
2025.03.20	00:52:03.861	1.29974				2
2025.03.20	00:52:04.774	1.29971	1.30043			6
2025.03.20	00:52:06.317	1.29968				2
2025.03.20	00:52:07.854	1.29969				2
2025.03.20	00:52:08.162		1.30042			4
2025.03.20	00:52:09.392	1.29968	1.30043			6
2025.03.20	00:52:09.693		1.30042			4
2025.03.20	00:52:11.232	1.29970	1.30044			6
2025.03.20	00:52:11.542	1.29977				2
2025.03.20	00:52:12.469	1.29975				2
2025.03.20	00:52:14.311	1.29976	1.30051			6
2025.03.20	00:52:14.927		1.30052			4
2025.03.20	00:52:15.233	1.29975				2
2025.03.20	00:52:16.779	1.29976				2
2025.03.20	00:52:20.161	1.29981				2
2025.03.20	00:52:20.466	1.29982	1.30054			6
2025.03.20	00:52:21.387		1.30053			4
2025.03.20	00:52:23.236	1.29980				2
2025.03.20	00:52:24.156	1.29981				2
2025.03.20	00:52:24.777	1.29978				2
2025.03.20	00:52:25.696		1.30052			4
2025.03.20	00:52:27.233	1.29979				2
2025.03.20	00:52:27.845	1.29980				2
2025.03.20	00:52:31.539	1.29981				2
2025.03.20	00:52:33.072	1.29983				2
2025.03.20	00:52:34.613	1.29984	1.30053			6
2025.03.20	00:52:38.614	1.29985				2
2025.03.20	00:52:42.003	1.29986				2
2025.03.20	00:52:44.466	1.29988				2
2025.03.20	00:52:47.234	1.29989				2
2025.03.20	00:52:49.997	1.29987				2
2025.03.20	00:52:50.309	1.29984	1.30056			6
2025.03.20	00:52:50.614	1.29985	1.30055			6
2025.03.20	00:52:53.382		1.30054			4
2025.03.20	00:52:56.764		1.30055			4
2025.03.20	00:53:00.145	1.29985				2
2025.03.20	00:53:00.449	1.30005	1.30067			6
2025.03.20	00:53:10.301	1.30006				2
2025.03.20	00:53:13.072	1.30023	1.30073			6
2025.03.20	00:53:23.220	1.30032	1.30079			6
2025.03.20	00:53:37.082		1.30080			4
2025.03.20	00:53:46.945	1.30024				2
2025.03.20	00:53:49.090		1.30077			4
2025.03.20	00:54:00.175	1.30024				2
2025.03.20	00:54:14.029		1.30074			4
2025.03.20	00:54:41.753		1.30075			4
2025.03.20	00:54:42.060		1.30074			4
2025.03.20	00:54:43.602		1.30075			4
2025.03.20	00:54:46.988		1.30077			4
2025.03.20	00:54:50.993		1.30076			4
2025.03.20	00:55:00.244	1.30024				2
2025.03.20	00:55:10.718		1.30075			4
2025.03.20	00:55:20.553	1.30025				2
2025.03.20	00:55:20.861		1.30074			4
2025.03.20	00:55:21.169		1.30075			4
2025.03.20	00:56:00.262	1.30025				2
2025.03.20	00:56:06.416		1.30057			4
2025.03.20	00:56:47.986	1.30023				2
2025.03.20	00:57:00.312	1.30023				2
2025.03.20	00:57:06.456		1.30057			4
2025.03.20	00:57:09.538	1.30024				2
2025.03.20	00:58:00.291	1.30024				2
2025.03.20	00:58:04.592	1.30023				2
2025.03.20	00:58:06.737		1.30057			4
2025.03.20	00:58:54.999	1.30024				2
2025.03.20	00:59:00.233	1.30023				2
2025.03.20	00:59:06.998		1.30057			4
2025.03.20	00:59:20.529	1.30024				2
2025.03.20	00:59:20.832	1.30023				2
2025.03.20	00:59:48.181	1.30024				2
2025.03.20	00:59:55.255	1.30023				2
2025.03.20	00:59:58.333		1.30054			4
2025.03.20	01:00:00.182	1.30035				2
2025.03.20	01:00:00.484	1.30033				2
2025.03.20	01:00:00.787	1.30034				2
2025.03.20	01:00:01.092	1.30035				2
2025.03.20	01:00:01.393	1.30033				2
2025.03.20	01:00:01.695	1.30034	1.30062			6
2025.03.20	01:00:02.000		1.30060			4
2025.03.20	01:00:02.302	1.30030	1.30084			6
2025.03.20	01:00:02.607	1.30032				2
2025.03.20	01:00:02.910	1.30035				2
2025.03.20	01:00:03.523		1.30081			4
2025.03.20	01:00:04.748	1.30041	1.30067			6
2025.03.20	01:00:05.974	1.30042				2
2025.03.20	01:00:06.278	1.30041	1.30063			6
2025.03.20	01:00:06.584		1.30066			4
2025.03.20	01:00:06.891	1.30045	1.30068			6
2025.03.20	01:00:07.197	1.30043	1.30069			6
2025.03.20	01:00:07.504		1.30066			4
2025.03.20	01:00:07.811	1.30040				2
2025.03.20	01:00:09.639		1.30063			4
2025.03.20	01:00:10.857	1.30038				2
2025.03.20	01:00:12.396	1.30041				2
2025.03.20	01:00:13.316	1.30038				2
2025.03.20	01:00:19.150	1.30034	1.30060			6
2025.03.20	01:00:19.454	1.30027	1.30046			6
2025.03.20	01:00:19.764	1.30026				2
2025.03.20	01:00:20.071	1.30024	1.30049			6
2025.03.20	01:00:25.897		1.30045			4
2025.03.20	01:00:26.508	1.30025				2
2025.03.20	01:00:26.812	1.30026				2
2025.03.20	01:00:27.119	1.30025				2
2025.03.20	01:00:27.428	1.30026				2
2025.03.20	01:00:28.348	1.30025				2
2025.03.20	01:00:28.652	1.30026				2
2025.03.20	01:00:28.960	1.30025				2
2025.03.20	01:00:29.270	1.30026				2
2025.03.20	01:00:29.575	1.30025				2
2025.03.20	01:00:29.881	1.30026				2
2025.03.20	01:00:32.962		1.30046			4
2025.03.20	01:00:38.458		1.30049			4
2025.03.20	01:00:40.921	1.30024	1.30047			6
2025.03.20	01:00:41.226	1.30023				2
2025.03.20	01:00:47.380	1.30024				2
2025.03.20	01:00:47.689	1.30023				2
2025.03.20	01:00:48.315		1.30038			4
2025.03.20	01:00:49.553	1.30017	1.30029			6
2025.03.20	01:00:50.167	1.30018				2
2025.03.20	01:00:50.477	1.30017	1.30030			6
2025.03.20	01:00:51.087	1.30018	1.30036			6
2025.03.20	01:00:51.389	1.30020	1.30034			6
2025.03.20	01:00:52.313	1.30021				2
2025.03.20	01:00:52.625	1.30020				2
2025.03.20	01:00:53.545	1.30021				2
2025.03.20	01:00:54.161	1.30022				2
2025.03.20	01:00:55.385	1.30020	1.30038			6
2025.03.20	01:00:55.700	1.30022				2
2025.03.20	01:00:56.006	1.30021				2
2025.03.20	01:00:56.314		1.30039			4
2025.03.20	01:00:59.083	1.30022	1.30036			6
2025.03.20	01:01:00.007	1.30022				2
2025.03.20	01:01:00.314		1.30037			4
2025.03.20	01:01:03.377	1.30029	1.30041			6
2025.03.20	01:01:03.994		1.30038			4
2025.03.20	01:01:04.606	1.30030				2
2025.03.20	01:01:07.074	1.30046	1.30049			6
2025.03.20	01:01:07.377	1.30042	1.30048			6
2025.03.20	01:01:07.692	1.30040	1.30055			6
2025.03.20	01:01:07.999		1.30050			4
2025.03.20	01:01:08.304		1.30055			4
2025.03.20	01:01:12.013		1.30054			4
2025.03.20	01:01:12.316	1.30030	1.30041			6
2025.03.20	01:01:13.238	1.30029				2
2025.03.20	01:01:15.384	1.30030				2
2025.03.20	01:01:15.695	1.30034	1.30039			6
2025.03.20	01:01:15.998	1.30032	1.30052			6
2025.03.20	01:01:16.607		1.30049			4
2025.03.20	01:01:16.909		1.30052			4
2025.03.20	01:01:23.694	1.30040	1.30045			6
2025.03.20	01:01:25.526	1.30032	1.30053			6
2025.03.20	01:01:25.830	1.30038	1.30043			6
2025.03.20	01:01:28.264	1.30032	1.30053			6
2025.03.20	01:01:29.498	1.30033	1.30048			6
2025.03.20	01:01:29.811	1.30038	1.30043			6
2025.03.20	01:01:31.648	1.30040	1.30045			6
2025.03.20	01:01:33.183	1.30041	1.30046			6
2025.03.20	01:01:33.490	1.30040	1.30045			6
2025.03.20	01:01:33.798	1.30039	1.30044			6
2025.03.20	01:01:34.405	1.30040	1.30045			6
2025.03.20	01:01:36.861	1.30035	1.30040			6
2025.03.20	01:01:37.166	1.30033	1.30038			6
2025.03.20	01:01:39.303	1.30032	1.30037			6
2025.03.20	01:01:46.337	1.30033	1.30038			6
2025.03.20	01:01:53.982	1.30034	1.30039			6
2025.03.20	01:02:00.098	1.30034				2
2025.03.20	01:02:00.458	1.30033	1.30038			6
2025.03.20	01:02:04.460	1.30034	1.30039			6
2025.03.20	01:02:04.770	1.30038	1.30043			6
2025.03.20	01:02:05.079	1.30040	1.30045			6
2025.03.20	01:02:05.387	1.30038	1.30043			6
2025.03.20	01:02:06.003	1.30039	1.30044			6
2025.03.20	01:02:06.311	1.30040	1.30045			6
2025.03.20	01:02:09.993	1.30039	1.30044			6
2025.03.20	01:02:18.017	1.30040	1.30045			6
2025.03.20	01:02:18.324	1.30041	1.30046			6
2025.03.20	01:02:22.329		1.30045			4
2025.03.20	01:02:23.251	1.30042	1.30046			6
2025.03.20	01:02:24.173	1.30041	1.30045			6
2025.03.20	01:02:29.397	1.30040	1.30044			6
2025.03.20	01:02:36.175	1.30041	1.30045			6
2025.03.20	01:02:37.096	1.30040	1.30044			6
2025.03.20	01:02:41.422	1.30042	1.30046			6
2025.03.20	01:02:48.209	1.30043	1.30047			6
2025.03.20	01:02:57.760	1.30045	1.30049			6
2025.03.20	01:03:00.226	1.30045				2
2025.03.20	01:03:00.537	1.30042	1.30046			6
2025.03.20	01:03:11.321	1.30044	1.30048			6
2025.03.20	01:03:23.044	1.30045	1.30049			6
2025.03.20	01:03:23.663	1.30042	1.30046			6
2025.03.20	01:03:59.007	1.30043	1.30047			6
2025.03.20	01:03:59.314	1.30042	1.30046			6
2025.03.20	01:04:00.237	1.30042				2
2025.03.20	01:04:05.443	1.30045	1.30049			6
2025.03.20	01:04:34.026	1.30051	1.30055			6
2025.03.20	01:04:36.472	1.30052	1.30056			6
2025.03.20	01:04:44.760	1.30053	1.30057			6
2025.03.20	01:04:51.259	1.30052	1.30056			6
2025.03.20	01:05:00.169	1.30052				2
2025.03.20	01:05:00.475	1.30059	1.30062			6
2025.03.20	01:05:00.784	1.30062	1.30066			6
2025.03.20	01:05:01.396		1.30067			4
2025.03.20	01:05:06.301	1.30064	1.30069			6
2025.03.20	01:05:08.152	1.30063	1.30068			6
2025.03.20	01:05:13.698	1.30070	1.30075			6
2025.03.20	01:05:14.001	1.30071	1.30076			6
2025.03.20	01:05:15.227	1.30075	1.30080			6
2025.03.20	01:05:15.850	1.30074	1.30079			6
2025.03.20	01:05:16.772	1.30075	1.30080			6
2025.03.20	01:05:17.080	1.30074	1.30079			6
2025.03.20	01:05:18.619	1.30073	1.30078			6
2025.03.20	01:05:18.924	1.30074	1.30079			6
2025.03.20	01:05:22.619	1.30075	1.30080			6
2025.03.20	01:05:30.323	1.30078	1.30082			6
2025.03.20	01:05:30.630	1.30077				2
2025.03.20	01:05:31.250	1.30076	1.30081			6
2025.03.20	01:05:36.493	1.30078	1.30082			6
2025.03.20	01:05:40.194		1.30083			4
2025.03.20	01:05:41.117		1.30080			4
2025.03.20	01:06:00.199	1.30078				2
2025.03.20	01:06:01.429		1.30083			4
2025.03.20	01:06:02.042	1.30074	1.30077			6
2025.03.20	01:06:02.356	1.30072				2
2025.03.20	01:06:02.975	1.30073				2
2025.03.20	01:06:03.901	1.30072				2
2025.03.20	01:06:04.205	1.30073				2
2025.03.20	01:06:04.514	1.30074				2
2025.03.20	01:06:06.055	1.30073				2
2025.03.20	01:06:06.365	1.30074				2
2025.03.20	01:06:07.285	1.30075				2
2025.03.20	01:06:11.591	1.30076	1.30081			6
2025.03.20	01:06:12.211	1.30080				2
2025.03.20	01:06:12.824	1.30086	1.30091			6
2025.03.20	01:06:13.139	1.30085				2
2025.03.20	01:06:14.059	1.30084	1.30090			6
2025.03.20	01:06:15.908	1.30085	1.30091			6
2025.03.20	01:06:21.447	1.30083	1.30089			6
2025.03.20	01:06:21.758	1.30085	1.30091			6
2025.03.20	01:06:23.292		1.30090			4
2025.03.20	01:06:27.292	1.30086	1.30091			6
2025.03.20	01:06:28.220	1.30084	1.30089			6
2025.03.20	01:06:32.528	1.30085	1.30090			6
2025.03.20	01:06:32.837	1.30087	1.30092			6
2025.03.20	01:06:33.763	1.30086	1.30091			6
2025.03.20	01:06:47.619	1.30087	1.30092			6
2025.03.20	01:06:58.416	1.30091	1.30096			6
2025.03.20	01:06:58.717	1.30090	1.30095			6
2025.03.20	01:06:59.327	1.30092	1.30097			6
2025.03.20	01:07:00.253	1.30088	1.30093			6
2025.03.20	01:07:00.560		1.30089			4
2025.03.20	01:07:01.172	1.30090	1.30091			6
2025.03.20	01:07:01.474		1.30094			4
2025.03.20	01:07:02.709	1.30089				2
2025.03.20	01:07:03.017		1.30093			4
2025.03.20	01:07:13.804		1.30094			4
2025.03.20	01:07:15.040		1.30093			4
2025.03.20	01:07:17.814	1.30093	1.30094			6
2025.03.20	01:07:18.124	1.30092				2
2025.03.20	01:07:21.511	1.30094	1.30095			6
2025.03.20	01:07:23.351	1.30093	1.30094			6
2025.03.20	01:07:23.659	1.30094	1.30095			6
2025.03.20	01:07:25.196	1.30092	1.30094			6
2025.03.20	01:07:26.740	1.30093				2
2025.03.20	01:07:33.206	1.30094	1.30095			6
2025.03.20	01:07:35.363	1.30093	1.30094			6
2025.03.20	01:07:38.425	1.30092	1.30093			6
2025.03.20	01:07:38.732	1.30093	1.30094			6
2025.03.20	01:07:39.036	1.30092	1.30093			6
2025.03.20	01:07:39.343	1.30093	1.30094			6
2025.03.20	01:07:39.657	1.30092	1.30093			6
2025.03.20	01:07:39.959	1.30093	1.30094			6
2025.03.20	01:07:40.261	1.30092	1.30093			6
2025.03.20	01:07:40.567	1.30093	1.30094			6
2025.03.20	01:07:40.878	1.30092	1.30093			6
2025.03.20	01:07:41.183	1.30093	1.30094			6
2025.03.20	01:07:41.494	1.30092	1.30093			6
2025.03.20	01:07:41.798	1.30093	1.30094			6
2025.03.20	01:07:44.255	1.30094	1.30095			6
2025.03.20	01:07:44.557	1.30095	1.30096			6
2025.03.20	01:08:00.217	1.30095				2
2025.03.20	01:08:06.347		1.30097			4
2025.03.20	01:08:06.653	1.30092	1.30093			6
2025.03.20	01:08:14.979	1.30091	1.30092			6
2025.03.20	01:08:21.417	1.30092	1.30093			6
2025.03.20	01:08:27.229	1.30091	1.30092			6
2025.03.20	01:08:29.065	1.30092	1.30093			6
2025.03.20	01:08:33.040	1.30091	1.30092			6
2025.03.20	01:08:33.353	1.30092	1.30093			6
2025.03.20	01:08:53.323	1.30093	1.30094			6
2025.03.20	01:08:53.624	1.30092	1.30093			6
2025.03.20	01:08:57.038	1.30091	1.30092			6
2025.03.20	01:08:57.343	1.30092	1.30093			6
2025.03.20	01:09:00.125	1.30092				2
2025.03.20	01:09:02.910		1.30096			4
2025.03.20	01:09:03.833	1.30091	1.30092			6
2025.03.20	01:09:20.799	1.30092	1.30096			6
2025.03.20	01:09:21.411		1.30093			4
2025.03.20	01:09:31.275	1.30093	1.30097			6
2025.03.20	01:09:31.894		1.30096			4
2025.03.20	01:09:32.504		1.30097			4
2025.03.20	01:09:40.177	1.30094				2
2025.03.20	01:09:49.636	1.30091	1.30094			6
2025.03.20	01:09:49.941	1.30093	1.30096			6
2025.03.20	01:09:50.243	1.30092				2
2025.03.20	01:10:00.054	1.30092				2
2025.03.20	01:10:04.045		1.30093			4
2025.03.20	01:10:04.350	1.30093	1.30094			6
2025.03.20	01:10:10.774	1.30085	1.30088			6
2025.03.20	01:10:12.304	1.30084	1.30089			6
2025.03.20	01:10:16.075	1.30085				2
2025.03.20	01:10:17.297	1.30086				2
2025.03.20	01:10:23.162	1.30087				2
2025.03.20	01:10:48.467	1.30086				2
2025.03.20	01:10:50.322	1.30087				2
2025.03.20	01:10:53.415	1.30086				2
2025.03.20	01:11:00.198	1.30086				2
2025.03.20	01:11:02.672		1.30088			4
2025.03.20	01:11:02.975		1.30089			4
2025.03.20	01:11:03.900	1.30085				2
2025.03.20	01:11:06.372	1.30086				2
2025.03.20	01:11:09.159	1.30088				2
2025.03.20	01:11:11.619	1.30087				2
2025.03.20	01:11:15.330	1.30086				2
2025.03.20	01:11:18.113	1.30084	1.30088			6
2025.03.20	01:11:19.043	1.30085	1.30089			6
2025.03.20	01:11:33.267	1.30084	1.30088			6
2025.03.20	01:11:41.609	1.30085	1.30089			6
2025.03.20	01:11:42.853	1.30084	1.30088			6
2025.03.20	01:11:46.870	1.30085	1.30089			6
2025.03.20	01:11:52.119	1.30090	1.30094			6
2025.03.20	01:11:53.664	1.30089	1.30093			6
2025.03.20	01:11:53.977	1.30092	1.30094			6
2025.03.20	01:11:57.072	1.30091				2
2025.03.20	01:11:57.381	1.30092				2
2025.03.20	01:11:59.537	1.30091				2
2025.03.20	01:12:00.160	1.30091				2
2025.03.20	01:12:02.321	1.30086	1.30089			6
2025.03.20	01:12:03.250	1.30087				2
2025.03.20	01:12:04.173	1.30086	1.30090			6
2025.03.20	01:12:04.486	1.30087	1.30091			6
2025.03.20	01:12:04.794		1.30090			4
2025.03.20	01:12:05.409	1.30088	1.30092			6
2025.03.20	01:12:06.348	1.30089	1.30093			6
2025.03.20	01:12:07.569	1.30087	1.30091			6
2025.03.20	01:12:09.731	1.30090	1.30093			6
2025.03.20	01:12:10.038		1.30094			4
2025.03.20	01:12:10.363		1.30095			4
2025.03.20	01:12:12.815	1.30091	1.30096			6
2025.03.20	01:12:13.124	1.30090	1.30095			6
2025.03.20	01:12:16.224	1.30091				2
2025.03.20	01:13:00.086	1.30091				2
2025.03.20	01:13:00.387	1.30092	1.30096			6
2025.03.20	01:13:00.691	1.30094	1.30097			6
2025.03.20	01:13:02.232		1.30096			4
2025.03.20	01:13:04.694	1.30092				2
2025.03.20	01:13:11.761	1.30093	1.30097			6
2025.03.20	01:13:33.324	1.30094	1.30098			6
2025.03.20	01:13:34.864	1.30098	1.30101			6
2025.03.20	01:13:37.328	1.30099				2
2025.03.20	01:13:38.253	1.30093	1.30097			6
2025.03.20	01:13:39.177	1.30092				2
2025.03.20	01:13:40.716	1.30091	1.30096			6
2025.03.20	01:14:00.160	1.30091				2
2025.03.20	01:14:02.001		1.30094			4
2025.03.20	01:14:32.443	1.30094	1.30097			6
2025.03.20	01:14:33.059	1.30093				2
2025.03.20	01:15:00.148	1.30093				2
2025.03.20	01:15:01.372	1.30094				2
2025.03.20	01:15:02.611		1.30096			4
2025.03.20	01:15:03.840	1.30097	1.30098			6
2025.03.20	01:15:04.148	1.30095				2
2025.03.20	01:15:06.304		1.30099			4
2025.03.20	01:15:10.913	1.30097	1.30101			6
2025.03.20	01:15:28.445	1.30099				2
2025.03.20	01:15:29.059	1.30098	1.30102			6
2025.03.20	01:15:32.762	1.30100	1.30104			6
2025.03.20	01:15:34.298	1.30105	1.30106			6
2025.03.20	01:15:34.604	1.30107	1.30111			6
2025.03.20	01:15:34.910		1.30110			4
2025.03.20	01:15:36.140		1.30111			4
2025.03.20	01:15:37.685		1.30110			4
2025.03.20	01:15:37.994	1.30108	1.30111			6
2025.03.20	01:15:38.303		1.30112			4
2025.03.20	01:15:38.925		1.30111			4
2025.03.20	01:15:39.231		1.30112			4
2025.03.20	01:15:39.539	1.30107	1.30111			6
2025.03.20	01:15:39.848	1.30104	1.30109			6
2025.03.20	01:15:40.150	1.30103				2
2025.03.20	01:15:41.690	1.30108				2
2025.03.20	01:15:41.991		1.30113			4
2025.03.20	01:15:42.314		1.30112			4
2025.03.20	01:15:43.538	1.30109	1.30115			6
2025.03.20	01:15:45.381	1.30108	1.30114			6
2025.03.20	01:15:45.688		1.30113			4
2025.03.20	01:15:46.307		1.30114			4
2025.03.20	01:15:47.238		1.30113			4
2025.03.20	01:15:47.545		1.30112			4
2025.03.20	01:15:48.480		1.30113			4
2025.03.20	01:15:50.947		1.30114			4
2025.03.20	01:15:51.250	1.30109	1.30115			6
2025.03.20	01:15:54.644	1.30114	1.30117			6
2025.03.20	01:16:00.185	1.30114				2
2025.03.20	01:16:01.414		1.30118			4
2025.03.20	01:16:02.027	1.30112				2
2025.03.20	01:16:02.336		1.30117			4
2025.03.20	01:16:02.639	1.30111	1.30116			6
2025.03.20	01:16:04.185	1.30109	1.30115			6
2025.03.20	01:16:04.796		1.30114			4
2025.03.20	01:16:05.409		1.30113			4
2025.03.20	01:16:06.334	1.30104	1.30109			6
2025.03.20	01:16:06.638	1.30109	1.30112			6
2025.03.20	01:16:06.943	1.30110	1.30116			6
2025.03.20	01:16:07.261		1.30117			4
2025.03.20	01:16:08.184	1.30109	1.30115			6
2025.03.20	01:16:08.494		1.30116			4
2025.03.20	01:16:11.888	1.30110				2
2025.03.20	01:16:14.961	1.30109	1.30115			6
2025.03.20	01:16:18.951	1.30110	1.30116			6
2025.03.20	01:16:20.188	1.30109	1.30115			6
2025.03.20	01:16:26.030	1.30110	1.30116			6
2025.03.20	01:16:30.934	1.30109	1.30115			6
2025.03.20	01:16:31.860	1.30110	1.30116			6
2025.03.20	01:16:35.861	1.30109	1.30115			6
2025.03.20	01:16:36.782	1.30110	1.30116			6
2025.03.20	01:16:41.699	1.30109	1.30115			6
2025.03.20	01:16:53.405	1.30110				2
2025.03.20	01:17:00.174	1.30103	1.30108			6
2025.03.20	01:17:01.103	1.30102	1.30109			6
2025.03.20	01:17:02.332		1.30108			4
2025.03.20	01:17:06.015	1.30106	1.30112			6
2025.03.20	01:17:20.182	1.30105	1.30111			6
2025.03.20	01:17:27.249	1.30106	1.30112			6
2025.03.20	01:17:27.555	1.30105	1.30111			6
2025.03.20	01:17:27.863	1.30106	1.30112			6
2025.03.20	01:17:30.018	1.30105	1.30111			6
2025.03.20	01:17:35.859	1.30106	1.30112			6
2025.03.20	01:17:37.095	1.30105	1.30111			6
2025.03.20	01:17:38.015	1.30106	1.30112			6
2025.03.20	01:17:46.005	1.30104	1.30110			6
2025.03.20	01:17:46.310	1.30101	1.30107			6
2025.03.20	01:17:46.617	1.30102	1.30108			6
2025.03.20	01:17:47.836	1.30103	1.30109			6
2025.03.20	01:17:54.911	1.30102	1.30108			6
2025.03.20	01:17:55.212	1.30103	1.30109			6
2025.03.20	01:18:00.161	1.30104				2
2025.03.20	01:18:01.083	1.30107	1.30112			6
2025.03.20	01:18:02.322		1.30113			4
2025.03.20	01:18:02.941	1.30106	1.30112			6
2025.03.20	01:18:03.251	1.30104	1.30110			6
2025.03.20	01:18:06.018	1.30103	1.30109			6
2025.03.20	01:18:13.096	1.30105	1.30111			6
2025.03.20	01:18:16.188	1.30106	1.30112			6
2025.03.20	01:18:16.490	1.30105	1.30111			6
2025.03.20	01:18:21.119		1.30110			4
2025.03.20	01:18:26.350	1.30104	1.30109			6
2025.03.20	01:18:28.202	1.30105	1.30110			6
2025.03.20	01:18:32.505	1.30104	1.30109			6
2025.03.20	01:18:34.966	1.30105	1.30110			6
2025.03.20	01:18:36.816	1.30104	1.30109			6
2025.03.20	01:18:40.215	1.30105	1.30110			6
2025.03.20	01:18:41.756	1.30104	1.30109			6
2025.03.20	01:18:50.050	1.30106	1.30111			6
2025.03.20	01:18:50.670	1.30104	1.30109			6
2025.03.20	01:18:51.605	1.30103	1.30108			6
2025.03.20	01:18:52.220	1.30101	1.30106			6
2025.03.20	01:18:54.083	1.30103	1.30108			6
2025.03.20	01:18:55.318		1.30109			4
2025.03.20	01:18:57.165		1.30108			4
2025.03.20	01:18:58.393	1.30104	1.30109			6
2025.03.20	01:18:59.935	1.30105	1.30110			6
2025.03.20	01:19:00.240	1.30105				2
2025.03.20	01:19:02.101	1.30106	1.30111			6
2025.03.20	01:19:03.940	1.30107	1.30112			6
2025.03.20	01:19:04.249	1.30106	1.30111			6
2025.03.20	01:19:05.181	1.30107	1.30112			6
2025.03.20	01:19:19.056	1.30106	1.30111			6
2025.03.20	01:19:25.222	1.30107	1.30112			6
2025.03.20	01:19:29.226		1.30111			4
2025.03.20	01:19:30.755	1.30106	1.30110			6
2025.03.20	01:19:31.371	1.30107	1.30111			6
2025.03.20	01:19:43.932	1.30106	1.30110			6
2025.03.20	01:19:44.849	1.30108	1.30112			6
2025.03.20	01:19:46.386	1.30107	1.30111			6
2025.03.20	01:19:47.618	1.30106	1.30110			6
2025.03.20	01:19:48.542	1.30107	1.30111			6
2025.03.20	01:19:49.778	1.30101	1.30105			6
2025.03.20	01:19:50.083	1.30095	1.30099			6
2025.03.20	01:19:50.387	1.30093	1.30097			6
2025.03.20	01:19:51.324		1.30099			4
2025.03.20	01:19:53.471		1.30100			4
2025.03.20	01:19:53.777	1.30095	1.30102			6
2025.03.20	01:19:54.394	1.30096	1.30103			6
2025.03.20	01:19:55.319	1.30095	1.30102			6
2025.03.20	01:19:56.237	1.30096	1.30103			6
2025.03.20	01:19:56.859	1.30095	1.30102			6
2025.03.20	01:20:00.239	1.30095				2
2025.03.20	01:20:00.547	1.30096	1.30103			6
2025.03.20	01:20:02.704	1.30097	1.30104			6
2025.03.20	01:20:03.634	1.30096	1.30103			6
2025.03.20	01:20:06.403	1.30097	1.30104			6
2025.03.20	01:20:07.022	1.30099				2
2025.03.20	01:20:07.328	1.30100	1.30107			6
2025.03.20	01:20:10.733	1.30099	1.30106			6
2025.03.20	01:20:11.346	1.30100	1.30107			6
2025.03.20	01:20:11.651	1.30099	1.30106			6
2025.03.20	01:20:12.575	1.30097	1.30104			6
2025.03.20	01:20:15.342	1.30096	1.30103			6
2025.03.20	01:20:26.738	1.30095	1.30102			6
2025.03.20	01:20:27.048	1.30096	1.30103			6
2025.03.20	01:20:28.580	1.30095	1.30102			6
2025.03.20	01:20:32.280	1.30094	1.30101			6
2025.03.20	01:20:32.590	1.30095	1.30102			6
2025.03.20	01:20:34.431	1.30094	1.30101			6
2025.03.20	01:20:35.048	1.30095	1.30102			6
2025.03.20	01:20:35.354	1.30094	1.30101			6
2025.03.20	01:20:36.276	1.30093	1.30100			6
2025.03.20	01:20:36.586	1.30092	1.30099			6
2025.03.20	01:20:38.427	1.30094	1.30100			6
2025.03.20	01:20:38.737		1.30101			4
2025.03.20	01:20:40.282		1.30099			4
2025.03.20	01:20:41.816	1.30093	1.30100			6
2025.03.20	01:20:42.123	1.30092	1.30099			6
2025.03.20	01:20:43.355	1.30093	1.30100			6
2025.03.20	01:20:43.667	1.30094	1.30101			6
2025.03.20	01:20:45.820		1.30100			4
2025.03.20	01:20:47.661	1.30099	1.30106			6
2025.03.20	01:20:51.643		1.30105			4
2025.03.20	01:20:52.267		1.30106			4
2025.03.20	01:20:53.496		1.30105			4
2025.03.20	01:20:53.806		1.30106			4
2025.03.20	01:20:54.416		1.30105			4
2025.03.20	01:20:54.730		1.30106			4
2025.03.20	01:20:55.343		1.30105			4
2025.03.20	01:20:56.276		1.30106			4
2025.03.20	01:20:56.579		1.30105			4
2025.03.20	01:21:00.270	1.30099	1.30106			6
2025.03.20	01:21:01.194		1.30105			4
2025.03.20	01:21:01.504	1.30100				2
2025.03.20	01:21:04.278		1.30104			4
2025.03.20	01:21:04.588		1.30105			4
2025.03.20	01:21:05.211		1.30106			4
2025.03.20	01:21:06.133		1.30105			4
2025.03.20	01:21:10.438	1.30097	1.30103			6
2025.03.20	01:21:10.748	1.30095	1.30101			6
2025.03.20	01:21:11.366		1.30102			4
2025.03.20	01:21:11.672		1.30101			4
2025.03.20	01:21:15.985		1.30100			4
2025.03.20	01:21:16.292		1.30101			4
2025.03.20	01:21:20.302		1.30100			4
2025.03.20	01:21:20.614		1.30101			4
2025.03.20	01:21:24.004		1.30100			4
2025.03.20	01:21:31.419		1.30101			4
2025.03.20	01:21:32.640	1.30096	1.30102			6
2025.03.20	01:21:32.951	1.30095	1.30101			6
2025.03.20	01:21:37.279	1.30096	1.30102			6
2025.03.20	01:21:38.201	1.30095	1.30101			6
2025.03.20	01:21:38.818	1.30096	1.30102			6
2025.03.20	01:21:40.978	1.30095	1.30101			6
2025.03.20	01:21:41.290		1.30100			4
2025.03.20	01:21:44.985	1.30096	1.30101			6
2025.03.20	01:21:47.458	1.30095	1.30100			6
2025.03.20	01:21:55.766	1.30096	1.30101			6
2025.03.20	01:21:57.622	1.30095	1.30100			6
2025.03.20	01:21:58.857	1.30096	1.30101			6
2025.03.20	01:22:00.092	1.30096				2
2025.03.20	01:22:01.622	1.30095	1.30100			6
2025.03.20	01:22:04.080	1.30096	1.30101			6
2025.03.20	01:22:06.223		1.30100			4
2025.03.20	01:22:06.531	1.30097	1.30101			6
2025.03.20	01:22:06.839	1.30096	1.30100			6
2025.03.20	01:22:07.140	1.30097	1.30101			6
2025.03.20	01:22:08.665	1.30098	1.30102			6
2025.03.20	01:22:12.954	1.30097	1.30101			6
2025.03.20	01:22:14.467	1.30096	1.30100			6
2025.03.20	01:22:14.770	1.30097	1.30101			6
2025.03.20	01:22:16.591	1.30096	1.30100			6
2025.03.20	01:22:17.205	1.30097	1.30101			6
2025.03.20	01:22:19.969	1.30096	1.30100			6
2025.03.20	01:22:21.485	1.30097	1.30101			6
2025.03.20	01:22:26.998	1.30096	1.30100			6
2025.03.20	01:22:31.283	1.30097	1.30101			6
2025.03.20	01:22:32.207	1.30100	1.30104			6
2025.03.20	01:22:35.570	1.30097	1.30098			6
2025.03.20	01:22:35.874	1.30094				2
2025.03.20	01:22:36.176		1.30100			4
2025.03.20	01:22:38.633	1.30095	1.30101			6
2025.03.20	01:22:38.939	1.30094	1.30099			6
2025.03.20	01:22:39.252		1.30100			4
2025.03.20	01:22:39.558	1.30095				2
2025.03.20	01:22:39.862	1.30094				2
2025.03.20	01:22:41.400		1.30099			4
2025.03.20	01:22:41.705	1.30095				2
2025.03.20	01:22:42.630		1.30100			4
2025.03.20	01:22:46.933		1.30101			4
2025.03.20	01:22:50.940		1.30100			4
2025.03.20	01:22:54.320		1.30099			4
2025.03.20	01:22:57.704		1.30100			4
2025.03.20	01:23:00.169	1.30096	1.30101			6
2025.03.20	01:23:02.334	1.30095	1.30100			6
2025.03.20	01:23:02.642	1.30096	1.30101			6
2025.03.20	01:23:07.264	1.30095	1.30100			6
2025.03.20	01:23:12.186	1.30094	1.30098			6
2025.03.20	01:23:12.493	1.30096	1.30100			6
2025.03.20	01:23:14.030	1.30094	1.30098			6
2025.03.20	01:23:23.190	1.30095	1.30099			6
2025.03.20	01:23:23.493	1.30094	1.30098			6
2025.03.20	01:23:27.148	1.30096	1.30100			6
2025.03.20	01:23:28.381	1.30095	1.30099			6
2025.03.20	01:23:28.692	1.30094	1.30098			6
2025.03.20	01:23:31.459	1.30093	1.30097			6
2025.03.20	01:23:31.773	1.30094	1.30098			6
2025.03.20	01:23:35.164	1.30095				2
2025.03.20	01:23:35.466		1.30099			4
2025.03.20	01:23:36.394	1.30096	1.30100			6
2025.03.20	01:23:39.160	1.30094	1.30098			6
2025.03.20	01:23:40.385	1.30095	1.30099			6
2025.03.20	01:23:41.611	1.30096	1.30100			6
2025.03.20	01:23:42.836	1.30095	1.30099			6
2025.03.20	01:23:47.136	1.30096				2
2025.03.20	01:23:59.003	1.30095	1.30098			6
2025.03.20	01:23:59.305	1.30096	1.30099			6
2025.03.20	01:24:00.218	1.30096				2
2025.03.20	01:24:00.523	1.30094	1.30097			6
2025.03.20	01:24:01.433	1.30095	1.30098			6
2025.03.20	01:24:01.734	1.30094	1.30097			6
2025.03.20	01:24:02.040	1.30095	1.30098			6
2025.03.20	01:24:04.508	1.30094	1.30097			6
2025.03.20	01:24:05.113	1.30095	1.30098			6
2025.03.20	01:24:05.719	1.30096	1.30099			6
2025.03.20	01:24:07.240	1.30095	1.30098			6
2025.03.20	01:24:16.105	1.30096	1.30099			6
2025.03.20	01:24:16.406	1.30095	1.30098			6
2025.03.20	01:24:16.714	1.30094	1.30097			6
2025.03.20	01:24:17.324	1.30096	1.30099			6
2025.03.20	01:24:18.232	1.30095	1.30098			6
2025.03.20	01:24:18.843	1.30092	1.30095			6
2025.03.20	01:24:19.149	1.30091				2
2025.03.20	01:24:24.680	1.30092	1.30096			6
2025.03.20	01:24:24.993	1.30091	1.30095			6
2025.03.20	01:24:28.667	1.30092	1.30096			6
2025.03.20	01:24:28.975	1.30091	1.30095			6
2025.03.20	01:24:30.508	1.30095	1.30099			6
2025.03.20	01:24:30.811	1.30096	1.30100			6
2025.03.20	01:24:31.120	1.30095				2
2025.03.20	01:24:32.347	1.30094	1.30099			6
2025.03.20	01:24:33.261	1.30095	1.30100			6
2025.03.20	01:24:40.616	1.30094	1.30099			6
2025.03.20	01:24:42.152	1.30095				2
2025.03.20	01:24:42.763	1.30092	1.30096			6
2025.03.20	01:24:43.383		1.30097			4
2025.03.20	01:24:47.996	1.30091	1.30096			6
2025.03.20	01:24:48.617	1.30092	1.30097			6
2025.03.20	01:24:48.921		1.30096			4
2025.03.20	01:25:00.017	1.30092				2
2025.03.20	01:25:06.178	1.30096	1.30100			6
2025.03.20	01:25:10.488	1.30097	1.30101			6
2025.03.20	01:25:10.793	1.30096	1.30100			6
2025.03.20	01:25:12.945	1.30097	1.30101			6
2025.03.20	01:25:14.783	1.30096	1.30100			6
2025.03.20	01:25:16.317	1.30097	1.30101			6
2025.03.20	01:25:16.929	1.30096	1.30100			6
2025.03.20	01:25:18.474	1.30095	1.30099			6
2025.03.20	01:25:20.016	1.30093	1.30097			6
2025.03.20	01:25:33.256	1.30094				2
2025.03.20	01:25:36.002	1.30093	1.30096			6
2025.03.20	01:25:36.304	1.30096	1.30099			6
2025.03.20	01:25:36.607	1.30093	1.30096			6
2025.03.20	01:25:37.529	1.30096	1.30099			6
2025.03.20	01:25:38.140		1.30100			4
2025.03.20	01:25:40.290	1.30097	1.30101			6
2025.03.20	01:25:42.753	1.30095	1.30096			6
2025.03.20	01:25:43.060	1.30096	1.30100			6
2025.03.20	01:25:43.366	1.30095	1.30099			6
2025.03.20	01:25:43.985		1.30096			4
2025.03.20	01:25:44.601		1.30099			4
2025.03.20	01:25:44.911		1.30096			4
2025.03.20	01:25:45.219		1.30099			4
2025.03.20	01:25:45.526		1.30096			4
2025.03.20	01:25:45.839		1.30099			4
2025.03.20	01:25:46.142	1.30096	1.30100			6
2025.03.20	01:25:48.914	1.30095	1.30099			6
2025.03.20	01:25:49.219	1.30096				2
2025.03.20	01:25:49.519	1.30097	1.30100			6
2025.03.20	01:25:50.128		1.30101			4
2025.03.20	01:25:52.291		1.30100			4
2025.03.20	01:25:55.626	1.30096	1.30099			6
2025.03.20	01:26:00.192	1.30093	1.30096			6
2025.03.20	01:26:01.102	1.30092				2
2025.03.20	01:26:03.244	1.30093	1.30097			6
2025.03.20	01:26:06.323		1.30096			4
2025.03.20	01:26:52.152	1.30092	1.30095			6
2025.03.20	01:26:52.453	1.30093	1.30096			6
2025.03.20	01:27:00.131	1.30093				2
2025.03.20	01:27:10.861	1.30092	1.30095			6
2025.03.20	01:27:11.171	1.30093	1.30096			6
2025.03.20	01:27:11.479	1.30092	1.30095			6
2025.03.20	01:27:13.623	1.30093	1.30096			6
2025.03.20	01:27:21.326	1.30092	1.30095			6
2025.03.20	01:27:22.861	1.30093	1.30096			6
2025.03.20	01:27:25.326	1.30092	1.30095			6
2025.03.20	01:27:33.030	1.30093	1.30096			6
2025.03.20	01:27:44.113	1.30092	1.30095			6
2025.03.20	01:27:44.423	1.30093	1.30096			6
2025.03.20	01:27:44.734	1.30092	1.30095			6
2025.03.20	01:27:52.116	1.30093	1.30096			6
2025.03.20	01:28:00.126	1.30092	1.30095			6
2025.03.20	01:28:00.435	1.30100	1.30103			6
2025.03.20	01:28:00.746	1.30093	1.30096			6
2025.03.20	01:28:04.129	1.30092	1.30095			6
2025.03.20	01:28:04.438	1.30093	1.30096			6
2025.03.20	01:28:05.361	1.30092	1.30095			6
2025.03.20	01:28:06.893	1.30093	1.30096			6
2025.03.20	01:28:08.427	1.30092	1.30095			6
2025.03.20	01:28:10.881	1.30093	1.30096			6
2025.03.20	01:28:11.801	1.30099	1.30102			6
2025.03.20	01:28:12.107	1.30098	1.30101			6
2025.03.20	01:28:12.410	1.30097	1.30100			6
2025.03.20	01:28:13.022	1.30096	1.30099			6
2025.03.20	01:28:13.335		1.30100			4
2025.03.20	01:28:16.714	1.30097	1.30101			6
2025.03.20	01:28:17.944	1.30096	1.30100			6
2025.03.20	01:28:21.645	1.30093	1.30097			6
2025.03.20	01:28:21.950	1.30092	1.30096			6
2025.03.20	01:28:22.571	1.30091	1.30095			6
2025.03.20	01:28:50.206		1.30094			4
2025.03.20	01:29:00.058	1.30091				2
2025.03.20	01:29:01.592	1.30092	1.30095			6
2025.03.20	01:29:01.910	1.30093	1.30096			6
2025.03.20	01:29:02.836	1.30092	1.30095			6
2025.03.20	01:29:03.445	1.30093	1.30096			6
2025.03.20	01:29:03.750	1.30096	1.30099			6
2025.03.20	01:29:04.051	1.30097	1.30100			6
2025.03.20	01:29:05.282	1.30096				2
2025.03.20	01:29:06.819	1.30098	1.30102			6
2025.03.20	01:29:07.129	1.30099	1.30103			6
2025.03.20	01:29:08.371	1.30098				2
2025.03.20	01:29:11.766	1.30097	1.30102			6
2025.03.20	01:29:12.072	1.30098	1.30103			6
2025.03.20	01:29:17.323	1.30099				2
2025.03.20	01:29:17.625	1.30098	1.30102			6
2025.03.20	01:29:18.557	1.30096	1.30100			6
2025.03.20	01:29:20.410		1.30101			4
2025.03.20	01:29:24.108	1.30097				2
2025.03.20	01:29:25.964	1.30096	1.30100			6
2025.03.20	01:29:26.573	1.30091	1.30095			6
2025.03.20	01:29:28.126		1.30096			4
2025.03.20	01:29:28.741		1.30095			4
2025.03.20	01:29:29.663		1.30097			4
2025.03.20	01:29:35.517	1.30092				2
2025.03.20	01:29:42.619		1.30096			4
2025.03.20	01:29:42.926		1.30097			4
2025.03.20	01:29:46.956	1.30091				2
2025.03.20	01:29:51.263		1.30096			4
2025.03.20	01:30:00.181	1.30091				2
2025.03.20	01:30:04.163	1.30090	1.30095			6
2025.03.20	01:30:04.470	1.30092				2
2025.03.20	01:30:05.079		1.30094			4
2025.03.20	01:30:09.366	1.30091				2
2025.03.20	01:30:18.262		1.30093			4
2025.03.20	01:30:21.944		1.30094			4
2025.03.20	01:30:22.554		1.30095			4
2025.03.20	01:30:23.175		1.30094			4
2025.03.20	01:30:24.093		1.30095			4
2025.03.20	01:30:29.338		1.30094			4
2025.03.20	01:30:30.571	1.30093	1.30096			6
2025.03.20	01:30:31.808		1.30097			4
2025.03.20	01:30:32.113		1.30096			4
2025.03.20	01:30:33.967		1.30095			4
2025.03.20	01:30:36.109	1.30091	1.30093			6
2025.03.20	01:30:36.413	1.30090				2
2025.03.20	01:30:41.023		1.30094			4
2025.03.20	01:30:43.791		1.30093			4
2025.03.20	01:30:45.628	1.30089				2
2025.03.20	01:30:56.331		1.30092			4
2025.03.20	01:31:00.280	1.30089				2
2025.03.20	01:31:08.227	1.30081	1.30083			6
2025.03.20	01:31:09.135		1.30085			4
2025.03.20	01:31:10.357	1.30084	1.30091			6
2025.03.20	01:31:11.597	1.30083	1.30090			6
2025.03.20	01:31:12.527	1.30084	1.30091			6
2025.03.20	01:31:19.611	1.30085	1.30092			6
2025.03.20	01:31:19.919	1.30084	1.30091			6
2025.03.20	01:31:20.529	1.30086	1.30092			6
2025.03.20	01:31:20.850	1.30090	1.30096			6
2025.03.20	01:31:22.694		1.30097			4
2025.03.20	01:31:23.002		1.30096			4
2025.03.20	01:31:27.324	1.30089	1.30094			6
2025.03.20	01:31:27.626	1.30087				2
2025.03.20	01:31:29.799	1.30086	1.30092			6
2025.03.20	01:31:31.030	1.30084	1.30089			6
2025.03.20	01:31:31.337		1.30090			4
2025.03.20	01:31:31.645		1.30091			4
2025.03.20	01:31:32.261	1.30085	1.30090			6
2025.03.20	01:31:32.567	1.30084				2
2025.03.20	01:31:44.911		1.30091			4
2025.03.20	01:31:46.763	1.30083	1.30090			6
2025.03.20	01:31:50.157	1.30084				2
2025.03.20	01:31:52.929	1.30083	1.30087			6
2025.03.20	01:31:53.234	1.30082				2
2025.03.20	01:31:54.473	1.30081	1.30086			6
2025.03.20	01:31:54.790	1.30082				2
2025.03.20	01:31:55.095	1.30081				2
2025.03.20	01:31:55.398	1.30082				2
2025.03.20	01:31:59.100	1.30084	1.30091			6
2025.03.20	01:31:59.712	1.30086	1.30092			6
2025.03.20	01:32:00.017	1.30086				2
2025.03.20	01:32:00.945	1.30085	1.30091			6
2025.03.20	01:32:02.495	1.30087	1.30094			6
2025.03.20	01:32:03.724	1.30086	1.30093			6
2025.03.20	01:32:08.050	1.30082	1.30086			6
2025.03.20	01:32:08.353	1.30079	1.30085			6
2025.03.20	01:32:10.208	1.30080				2
2025.03.20	01:32:10.517	1.30083	1.30089			6
2025.03.20	01:32:15.141	1.30085	1.30091			6
2025.03.20	01:32:15.447	1.30084				2
2025.03.20	01:32:16.371	1.30083	1.30090			6
2025.03.20	01:32:16.680	1.30084	1.30091			6
2025.03.20	01:32:17.600		1.30090			4
2025.03.20	01:32:18.833	1.30086	1.30092			6
2025.03.20	01:32:19.145	1.30083	1.30090			6
2025.03.20	01:32:32.995	1.30084	1.30091			6
2025.03.20	01:32:39.136	1.30083	1.30090			6
2025.03.20	01:32:39.750	1.30084				2
2025.03.20	01:32:40.670		1.30091			4
2025.03.20	01:32:43.127		1.30090			4
2025.03.20	01:32:43.743		1.30091			4
2025.03.20	01:32:44.050	1.30083	1.30090			6
2025.03.20	01:32:44.972	1.30084				2
2025.03.20	01:32:45.277		1.30091			4
2025.03.20	01:32:46.816	1.30083	1.30090			6
2025.03.20	01:33:00.051	1.30083				2
2025.03.20	01:33:00.359	1.30084	1.30091			6
2025.03.20	01:33:00.973	1.30083	1.30090			6
2025.03.20	01:33:07.138	1.30084				2
2025.03.20	01:33:15.464	1.30083	1.30089			6
2025.03.20	01:33:16.089	1.30079	1.30085			6
2025.03.20	01:33:18.243		1.30084			4
2025.03.20	01:33:22.535		1.30085			4
2025.03.20	01:33:23.463		1.30084			4
2025.03.20	01:33:26.516		1.30085			4
2025.03.20	01:33:28.668		1.30084			4
2025.03.20	01:33:30.511		1.30085			4
2025.03.20	01:33:30.820		1.30084			4
2025.03.20	01:33:31.435		1.30081			4
2025.03.20	01:33:31.755	1.30081	1.30084			6
2025.03.20	01:33:32.376	1.30079	1.30081			6
2025.03.20	01:33:32.684	1.30081	1.30084			6
2025.03.20	01:33:32.991	1.30079	1.30081			6
2025.03.20	01:33:33.915	1.30081	1.30084			6
2025.03.20	01:33:34.223	1.30079	1.30081			6
2025.03.20	01:33:35.459	1.30081	1.30084			6
2025.03.20	01:33:35.759	1.30079				2
2025.03.20	01:33:36.068		1.30085			4
2025.03.20	01:33:36.373		1.30084			4
2025.03.20	01:33:47.691	1.30080				2
2025.03.20	01:34:00.240	1.30080				2
2025.03.20	01:34:06.957	1.30079	1.30083			6
2025.03.20	01:34:10.313	1.30080				2
2025.03.20	01:34:11.522	1.30079	1.30082			6
2025.03.20	01:34:13.050	1.30080	1.30083			6
2025.03.20	01:34:13.357	1.30081	1.30084			6
2025.03.20	01:34:19.127	1.30080	1.30083			6
2025.03.20	01:34:52.162	1.30079	1.30082			6
2025.03.20	01:34:53.389	1.30080	1.30083			6
2025.03.20	01:34:53.691	1.30079	1.30082			6
2025.03.20	01:34:55.521	1.30080	1.30083			6
2025.03.20	01:34:55.831	1.30079	1.30082			6
2025.03.20	01:35:00.120	1.30079				2
2025.03.20	01:35:09.278	1.30080	1.30083			6
2025.03.20	01:35:16.947	1.30081	1.30084			6
2025.03.20	01:35:42.184	1.30080	1.30083			6
2025.03.20	01:35:44.022	1.30079	1.30082			6
2025.03.20	01:35:59.140	1.30077	1.30080			6
2025.03.20	01:36:00.068	1.30077				2
2025.03.20	01:36:04.697	1.30079	1.30082			6
2025.03.20	01:36:12.104	1.30076	1.30079			6
2025.03.20	01:36:12.409	1.30074	1.30077			6
2025.03.20	01:36:15.184	1.30071	1.30074			6
2025.03.20	01:36:15.492	1.30072				2
2025.03.20	01:36:16.114	1.30071	1.30075			6
2025.03.20	01:36:16.417	1.30070	1.30073			6
2025.03.20	01:36:17.964		1.30074			4
2025.03.20	01:36:18.568		1.30073			4
2025.03.20	01:36:21.975		1.30074			4
2025.03.20	01:36:26.293	1.30071				2
2025.03.20	01:36:27.847	1.30070	1.30073			6
2025.03.20	01:36:29.396	1.30071	1.30074			6
2025.03.20	01:36:29.711	1.30070	1.30073			6
2025.03.20	01:36:31.555	1.30071	1.30074			6
2025.03.20	01:36:32.479	1.30070	1.30073			6
2025.03.20	01:36:35.259		1.30072			4
2025.03.20	01:36:36.184		1.30073			4
2025.03.20	01:36:36.491		1.30072			4
2025.03.20	01:36:38.969		1.30073			4
2025.03.20	01:36:41.441	1.30071	1.30074			6
2025.03.20	01:36:41.747	1.30070	1.30073			6
2025.03.20	01:36:43.285	1.30071	1.30074			6
2025.03.20	01:36:43.905	1.30070	1.30073			6
2025.03.20	01:36:48.832	1.30073	1.30076			6
2025.03.20	01:36:49.148		1.30075			4
2025.03.20	01:36:52.850	1.30075	1.30078			6
2025.03.20	01:36:54.393	1.30074				2
2025.03.20	01:36:59.316	1.30075				2
2025.03.20	01:37:00.243	1.30077	1.30080			6
2025.03.20	01:37:01.165	1.30076				2
2025.03.20	01:37:02.397	1.30077				2
2025.03.20	01:37:05.194	1.30076				2
2025.03.20	01:37:06.422	1.30077	1.30081			6
2025.03.20	01:37:08.276		1.30080			4
2025.03.20	01:37:13.200	1.30073	1.30075			6
2025.03.20	01:37:14.127		1.30076			4
2025.03.20	01:37:23.049		1.30077			4
2025.03.20	01:37:26.119		1.30076			4
2025.03.20	01:37:30.413	1.30072				2
2025.03.20	01:37:33.189	1.30075	1.30079			6
2025.03.20	01:37:33.494	1.30076	1.30080			6
2025.03.20	01:37:34.106	1.30075	1.30081			6
2025.03.20	01:37:35.331	1.30076				2
2025.03.20	01:37:49.196		1.30080			4
2025.03.20	01:38:00.011	1.30076				2
2025.03.20	01:38:00.323	1.30075	1.30079			6
2025.03.20	01:38:00.627	1.30076	1.30080			6
2025.03.20	01:38:00.928	1.30075	1.30079			6
2025.03.20	01:38:01.244	1.30076	1.30080			6
2025.03.20	01:38:01.552	1.30075	1.30079			6
2025.03.20	01:38:01.860	1.30076	1.30080			6
2025.03.20	01:38:03.708	1.30075	1.30079			6
2025.03.20	01:38:04.015	1.30076	1.30080			6
2025.03.20	01:38:08.336	1.30075	1.30079			6
2025.03.20	01:38:08.647	1.30076	1.30080			6
2025.03.20	01:38:13.262		1.30079			4
2025.03.20	01:38:13.878	1.30077	1.30080			6
2025.03.20	01:38:35.030	1.30078	1.30081			6
2025.03.20	01:38:35.344	1.30081	1.30084			6
2025.03.20	01:38:35.649	1.30082	1.30085			6
2025.03.20	01:38:36.262	1.30081				2
2025.03.20	01:38:36.880	1.30082	1.30086			6
2025.03.20	01:38:39.964	1.30081	1.30085			6
2025.03.20	01:38:40.270	1.30080	1.30084			6
2025.03.20	01:38:41.195	1.30079				2
2025.03.20	01:38:43.354	1.30080				2
2025.03.20	01:38:44.279	1.30079	1.30083			6
2025.03.20	01:38:44.892	1.30080	1.30084			6
2025.03.20	01:39:00.008	1.30080				2
2025.03.20	01:39:00.619	1.30081	1.30085			6
2025.03.20	01:39:01.237		1.30084			4
2025.03.20	01:39:05.232	1.30080	1.30083			6
2025.03.20	01:39:10.406	1.30081	1.30084			6
2025.03.20	01:39:12.247	1.30080	1.30083			6
2025.03.20	01:39:59.755	1.30081				2
2025.03.20	01:40:00.063	1.30081				2
2025.03.20	01:40:00.680	1.30080				2
2025.03.20	01:40:01.603	1.30081	1.30084			6
2025.03.20	01:40:02.524	1.30080	1.30083			6
2025.03.20	01:40:02.838	1.30081	1.30084			6
2025.03.20	01:40:15.776	1.30082				2
2025.03.20	01:40:16.084	1.30085	1.30087			6
2025.03.20	01:40:19.480		1.30088			4
2025.03.20	01:40:22.248	1.30087	1.30090			6
2025.03.20	01:40:23.180	1.30086	1.30089			6
2025.03.20	01:40:29.669	1.30085	1.30088			6
2025.03.20	01:40:33.367	1.30081	1.30084			6
2025.03.20	01:40:34.294		1.30085			4
2025.03.20	01:40:36.762	1.30080	1.30084			6
2025.03.20	01:40:46.631	1.30078	1.30082			6
2025.03.20	01:40:46.937	1.30079	1.30083			6
2025.03.20	01:41:00.211	1.30080	1.30084			6
2025.03.20	01:41:03.289	1.30077	1.30080			6
2025.03.20	01:41:03.592	1.30078	1.30081			6
2025.03.20	01:41:04.215	1.30077				2
2025.03.20	01:41:08.538	1.30076	1.30080			6
2025.03.20	01:41:09.155	1.30077	1.30081			6
2025.03.20	01:41:15.305	1.30079	1.30083			6
2025.03.20	01:41:15.908	1.30078	1.30082			6
2025.03.20	01:41:26.375	1.30079				2
2025.03.20	01:41:27.611	1.30078	1.30081			6
2025.03.20	01:41:31.617	1.30079	1.30082			6
2025.03.20	01:41:34.697	1.30078	1.30081			6
2025.03.20	01:41:35.005	1.30079	1.30082			6
2025.03.20	01:41:40.994	1.30078	1.30081			6
2025.03.20	01:41:46.847	1.30079	1.30082			6
2025.03.20	01:41:47.155	1.30078	1.30081			6
2025.03.20	01:42:00.078	1.30078				2
2025.03.20	01:42:11.413	1.30079	1.30082			6
2025.03.20	01:42:11.722	1.30078	1.30081			6
2025.03.20	01:42:18.446		1.30080			4
2025.03.20	01:42:19.049		1.30081			4
2025.03.20	01:42:31.597	1.30075	1.30078			6
2025.03.20	01:42:43.311	1.30076	1.30079			6
2025.03.20	01:42:53.124	1.30074	1.30077			6
2025.03.20	01:42:54.348	1.30075	1.30078			6
2025.03.20	01:42:58.943	1.30076	1.30079			6
2025.03.20	01:42:59.859	1.30075	1.30078			6
2025.03.20	01:43:00.164	1.30075				2
2025.03.20	01:43:00.475	1.30076	1.30079			6
2025.03.20	01:43:04.166	1.30077	1.30080			6
2025.03.20	01:43:05.085	1.30076	1.30079			6
2025.03.20	01:43:06.935	1.30077	1.30080			6
2025.03.20	01:43:12.795	1.30076	1.30079			6
2025.03.20	01:43:16.490	1.30075	1.30078			6
2025.03.20	01:43:25.993	1.30076	1.30079			6
2025.03.20	01:43:35.844	1.30078	1.30081			6
2025.03.20	01:43:36.155	1.30077	1.30080			6
2025.03.20	01:43:38.002	1.30076	1.30079			6
2025.03.20	01:44:00.139	1.30078				2
2025.03.20	01:44:00.444	1.30079	1.30082			6
2025.03.20	01:44:01.059	1.30078	1.30081			6
2025.03.20	01:44:01.365	1.30077				2
2025.03.20	01:44:01.671	1.30076	1.30080			6
2025.03.20	01:44:02.281	1.30075				2
2025.03.20	01:44:04.748	1.30076	1.30081			6
2025.03.20	01:44:05.682	1.30075	1.30080			6
2025.03.20	01:44:07.527	1.30072	1.30076			6
2025.03.20	01:44:08.153		1.30077			4
2025.03.20	01:44:08.460		1.30076			4
2025.03.20	01:44:08.769		1.30077			4
2025.03.20	01:44:20.762	1.30075	1.30080			6
2025.03.20	01:44:21.384		1.30081			4
2025.03.20	01:44:23.235		1.30080			4
2025.03.20	01:44:25.689	1.30074				2
2025.03.20	01:44:30.616	1.30075				2
2025.03.20	01:44:30.923	1.30074				2
2025.03.20	01:44:35.557	1.30075				2
2025.03.20	01:44:36.485	1.30074				2
2025.03.20	01:44:49.108		1.30079			4
2025.03.20	01:44:49.419	1.30075	1.30080			6
2025.03.20	01:44:50.648	1.30074	1.30079			6
2025.03.20	01:44:53.420	1.30070	1.30075			6
2025.03.20	01:45:00.160	1.30070				2
2025.03.20	01:45:03.526	1.30071				2
2025.03.20	01:45:03.828		1.30076			4
2025.03.20	01:45:14.285	1.30072	1.30077			6
2025.03.20	01:45:31.709	1.30075	1.30080			6
2025.03.20	01:45:38.749	1.30074				2
2025.03.20	01:45:39.365	1.30075				2
2025.03.20	01:45:39.668	1.30074				2
2025.03.20	01:45:42.113	1.30075				2
2025.03.20	01:45:46.703	1.30074	1.30079			6
2025.03.20	01:45:47.008	1.30075	1.30080			6
2025.03.20	01:45:54.048	1.30074	1.30079			6
2025.03.20	01:45:55.277	1.30075				2
2025.03.20	01:45:55.583	1.30076	1.30081			6
2025.03.20	01:45:56.818	1.30075	1.30080			6
2025.03.20	01:45:57.430	1.30077	1.30082			6
2025.03.20	01:45:58.357	1.30076	1.30081			6
2025.03.20	01:46:00.200	1.30076				2
2025.03.20	01:46:16.201		1.30080			4
2025.03.20	01:46:20.204	1.30080	1.30082			6
2025.03.20	01:46:20.512		1.30084			4
2025.03.20	01:46:22.351		1.30085			4
2025.03.20	01:46:23.581	1.30075	1.30081			6
2025.03.20	01:46:25.117		1.30082			4
2025.03.20	01:46:25.730	1.30076				2
2025.03.20	01:46:26.354	1.30075				2
2025.03.20	01:46:27.271	1.30076	1.30083			6
2025.03.20	01:46:27.889		1.30082			4
2025.03.20	01:46:28.198		1.30081			4
2025.03.20	01:46:33.398		1.30078			4
2025.03.20	01:46:34.006	1.30075	1.30082			6
2025.03.20	01:46:47.457	1.30078	1.30083			6
2025.03.20	01:46:48.374	1.30077				2
2025.03.20	01:46:50.517		1.30082			4
2025.03.20	01:46:51.443		1.30083			4
2025.03.20	01:46:57.248	1.30078				2
2025.03.20	01:47:00.009	1.30078				2
2025.03.20	01:47:01.847	1.30079				2
2025.03.20	01:47:03.977	1.30078				2
2025.03.20	01:47:06.442	1.30079				2
2025.03.20	01:47:13.226	1.30078	1.30084			6
2025.03.20	01:47:13.531	1.30079				2
2025.03.20	01:47:15.674	1.30078	1.30083			6
2025.03.20	01:47:21.783	1.30077				2
2025.03.20	01:47:23.626	1.30076	1.30082			6
2025.03.20	01:47:29.449		1.30081			4
2025.03.20	01:47:30.063		1.30082			4
2025.03.20	01:47:31.595	1.30080	1.30084			6
2025.03.20	01:47:32.510	1.30081	1.30085			6
2025.03.20	01:47:33.431	1.30080				2
2025.03.20	01:47:34.349	1.30083	1.30087			6
2025.03.20	01:47:34.961	1.30082	1.30084			6
2025.03.20	01:47:35.263	1.30081	1.30085			6
2025.03.20	01:47:35.572		1.30084			4
2025.03.20	01:47:37.712	1.30080				2
2025.03.20	01:47:47.859		1.30085			4
2025.03.20	01:47:52.486		1.30084			4
2025.03.20	01:47:57.088	1.30081				2
2025.03.20	01:47:57.392	1.30082	1.30086			6
2025.03.20	01:48:00.149	1.30082				2
2025.03.20	01:48:00.458	1.30083	1.30087			6
2025.03.20	01:48:01.067	1.30087	1.30094			6
2025.03.20	01:48:01.378	1.30086	1.30093			6
2025.03.20	01:48:02.293	1.30088	1.30094			6
2025.03.20	01:48:02.602	1.30089				2
2025.03.20	01:48:04.140	1.30088	1.30095			6
2025.03.20	01:48:05.367	1.30087	1.30094			6
2025.03.20	01:48:05.678	1.30088	1.30095			6
2025.03.20	01:48:27.083	1.30090				2
2025.03.20	01:48:27.393	1.30089				2
2025.03.20	01:48:33.231	1.30088				2
2025.03.20	01:48:33.535	1.30087	1.30094			6
2025.03.20	01:48:34.148	1.30088	1.30095			6
2025.03.20	01:48:39.341		1.30094			4
2025.03.20	01:48:54.322	1.30089				2
2025.03.20	01:48:57.989	1.30090	1.30095			6
2025.03.20	01:49:00.138	1.30090				2
2025.03.20	01:49:01.359	1.30089	1.30094			6
2025.03.20	01:49:13.296		1.30093			4
2025.03.20	01:49:21.881	1.30090	1.30094			6
2025.03.20	01:49:23.413	1.30089	1.30093			6
2025.03.20	01:49:24.017	1.30090	1.30094			6
2025.03.20	01:49:25.238	1.30091	1.30095			6
2025.03.20	01:49:25.847	1.30090	1.30094			6
2025.03.20	01:49:31.933	1.30089	1.30093			6
2025.03.20	01:49:35.588	1.30090	1.30094			6
2025.03.20	01:49:38.636	1.30089	1.30093			6
2025.03.20	01:49:40.177	1.30090	1.30094			6
2025.03.20	01:49:40.487	1.30089	1.30093			6
2025.03.20	01:49:40.790	1.30090	1.30094			6
2025.03.20	01:49:41.399	1.30089	1.30093			6
2025.03.20	01:49:42.013	1.30090	1.30094			6
2025.03.20	01:49:43.233	1.30091				2
2025.03.20	01:49:43.841	1.30092	1.30095			6
2025.03.20	01:49:44.763	1.30089	1.30092			6
2025.03.20	01:49:45.068	1.30090	1.30093			6
2025.03.20	01:49:46.290	1.30089				2
2025.03.20	01:49:52.747	1.30088	1.30092			6
2025.03.20	01:49:56.108	1.30089				2
2025.03.20	01:50:00.059	1.30089				2
2025.03.20	01:50:04.357	1.30090	1.30093			6
2025.03.20	01:50:04.664	1.30089	1.30092			6
2025.03.20	01:50:08.624	1.30090	1.30093			6
2025.03.20	01:50:09.232	1.30089	1.30092			6
2025.03.20	01:50:09.533	1.30090	1.30093			6
2025.03.20	01:50:09.842	1.30089	1.30092			6
2025.03.20	01:50:10.142	1.30090	1.30093			6
2025.03.20	01:50:10.751	1.30089	1.30092			6
2025.03.20	01:50:11.982	1.30090	1.30093			6
2025.03.20	01:50:15.661	1.30089	1.30092			6
2025.03.20	01:50:16.577	1.30090	1.30093			6
2025.03.20	01:50:16.883	1.30089	1.30092			6
2025.03.20	01:50:18.397	1.30090	1.30093			6
2025.03.20	01:50:18.700	1.30089	1.30092			6
2025.03.20	01:50:19.010	1.30090	1.30093			6
2025.03.20	01:50:25.716	1.30091	1.30094			6
2025.03.20	01:50:26.324	1.30090	1.30093			6
2025.03.20	01:50:26.930	1.30091	1.30094			6
2025.03.20	01:50:27.232	1.30090	1.30093			6
2025.03.20	01:50:27.536	1.30091	1.30094			6
2025.03.20	01:50:33.015	1.30090	1.30093			6
2025.03.20	01:50:37.263	1.30089	1.30092			6
2025.03.20	01:50:37.565	1.30090	1.30093			6
2025.03.20	01:50:41.856	1.30091	1.30094			6
2025.03.20	01:50:42.462	1.30090	1.30093			6
2025.03.20	01:50:46.104	1.30091	1.30094			6
2025.03.20	01:50:48.227	1.30090	1.30093			6
2025.03.20	01:50:51.589	1.30089	1.30092			6
2025.03.20	01:50:52.193	1.30090	1.30093			6
2025.03.20	01:50:54.014	1.30089	1.30092			6
2025.03.20	01:50:54.623	1.30090	1.30093			6
2025.03.20	01:51:00.163	1.30090				2
2025.03.20	01:51:00.469	1.30091	1.30094			6
2025.03.20	01:51:01.084	1.30093	1.30096			6
2025.03.20	01:51:02.312	1.30092	1.30095			6
2025.03.20	01:51:12.177	1.30093	1.30096			6
2025.03.20	01:51:16.500	1.30091	1.30092			6
2025.03.20	01:51:16.807	1.30093	1.30096			6
2025.03.20	01:51:17.117	1.30091	1.30092			6
2025.03.20	01:51:17.418	1.30090	1.30091			6
2025.03.20	01:51:18.040	1.30092	1.30095			6
2025.03.20	01:51:18.349	1.30090	1.30091			6
2025.03.20	01:51:18.653	1.30092	1.30095			6
2025.03.20	01:51:19.271	1.30090	1.30091			6
2025.03.20	01:51:20.202	1.30092	1.30095			6
2025.03.20	01:51:31.303	1.30093	1.30096			6
2025.03.20	01:51:32.225	1.30092	1.30095			6
2025.03.20	01:51:34.066	1.30093	1.30096			6
2025.03.20	01:51:34.374	1.30094	1.30097			6
2025.03.20	01:51:34.998		1.30096			4
2025.03.20	01:51:35.311	1.30093				2
2025.03.20	01:51:38.086	1.30092	1.30095			6
2025.03.20	01:51:45.472	1.30093	1.30096			6
2025.03.20	01:51:57.503	1.30092	1.30095			6
2025.03.20	01:52:00.284	1.30092				2
2025.03.20	01:52:11.076	1.30093	1.30096			6
2025.03.20	01:52:15.370	1.30092	1.30095			6
2025.03.20	01:52:18.129	1.30093	1.30096			6
2025.03.20	01:52:18.430	1.30092	1.30095			6
2025.03.20	01:52:19.962	1.30093	1.30096			6
2025.03.20	01:52:23.359	1.30092	1.30095			6
2025.03.20	01:52:24.890	1.30093	1.30096			6
2025.03.20	01:52:30.132	1.30092	1.30095			6
2025.03.20	01:52:35.382	1.30094	1.30096			6
2025.03.20	01:52:35.687	1.30093				2
2025.03.20	01:52:38.166	1.30092	1.30095			6
2025.03.20	01:52:38.794	1.30093	1.30096			6
2025.03.20	01:52:39.413	1.30092	1.30095			6
2025.03.20	01:52:50.853	1.30091	1.30094			6
2025.03.20	01:52:53.007	1.30092	1.30095			6
2025.03.20	01:52:54.246	1.30093	1.30096			6
2025.03.20	01:52:57.022	1.30092	1.30095			6
2025.03.20	01:52:58.256	1.30093	1.30096			6
2025.03.20	01:52:58.563		1.30095			4
2025.03.20	01:52:58.870	1.30092				2
2025.03.20	01:53:00.100	1.30092				2
2025.03.20	01:53:02.262	1.30091	1.30094			6
2025.03.20	01:53:03.182	1.30092	1.30095			6
2025.03.20	01:53:11.203	1.30091	1.30094			6
2025.03.20	01:53:15.213	1.30092	1.30095			6
2025.03.20	01:53:17.375	1.30091	1.30094			6
2025.03.20	01:53:19.836	1.30092	1.30095			6
2025.03.20	01:53:20.453	1.30091	1.30094			6
2025.03.20	01:53:22.302	1.30092	1.30095			6
2025.03.20	01:53:22.618	1.30091	1.30094			6
2025.03.20	01:53:28.774	1.30092	1.30095			6
2025.03.20	01:53:29.087	1.30091	1.30094			6
2025.03.20	01:53:29.395	1.30092	1.30095			6
2025.03.20	01:53:30.015	1.30091	1.30094			6
2025.03.20	01:53:34.327	1.30092	1.30095			6
2025.03.20	01:53:34.638	1.30091	1.30094			6
2025.03.20	01:53:37.415	1.30092	1.30095			6
2025.03.20	01:53:38.643	1.30091	1.30094			6
2025.03.20	01:53:39.576	1.30092	1.30095			6
2025.03.20	01:53:39.885	1.30090	1.30093			6
2025.03.20	01:53:44.499	1.30089	1.30092			6
2025.03.20	01:53:46.336	1.30090	1.30093			6
2025.03.20	01:53:47.264	1.30089	1.30092			6
2025.03.20	01:53:47.568	1.30090	1.30093			6
2025.03.20	01:53:49.726	1.30089	1.30092			6
2025.03.20	01:53:50.039	1.30090	1.30093			6
2025.03.20	01:53:56.188	1.30089	1.30092			6
2025.03.20	01:53:56.805	1.30090	1.30093			6
2025.03.20	01:53:57.111	1.30091	1.30094			6
2025.03.20	01:53:57.418	1.30090	1.30093			6
2025.03.20	01:53:58.037	1.30091	1.30094			6
2025.03.20	01:53:58.342	1.30090	1.30093			6
2025.03.20	01:53:59.571	1.30091	1.30094			6
2025.03.20	01:54:00.188	1.30091				2
2025.03.20	01:54:08.202	1.30092	1.30095			6
2025.03.20	01:54:08.511	1.30091	1.30094			6
2025.03.20	01:54:14.367	1.30090	1.30093			6
2025.03.20	01:54:18.990	1.30089	1.30092			6
2025.03.20	01:54:20.225	1.30092	1.30095			6
2025.03.20	01:54:21.152	1.30091				2
2025.03.20	01:54:45.160	1.30092				2
2025.03.20	01:54:54.338	1.30093	1.30096			6
2025.03.20	01:55:00.158	1.30093				2
2025.03.20	01:55:01.379	1.30092	1.30095			6
2025.03.20	01:55:01.988	1.30091	1.30094			6
2025.03.20	01:55:02.603	1.30092	1.30095			6
2025.03.20	01:55:03.521	1.30091	1.30094			6
2025.03.20	01:55:11.480	1.30092	1.30095			6
2025.03.20	01:55:17.001	1.30091	1.30094			6
2025.03.20	01:55:21.285	1.30090	1.30093			6
2025.03.20	01:55:26.165	1.30091	1.30094			6
2025.03.20	01:55:29.533	1.30089	1.30092			6
2025.03.20	01:55:30.149	1.30088				2
2025.03.20	01:55:31.069	1.30089	1.30093			6
2025.03.20	01:55:31.991	1.30088	1.30092			6
2025.03.20	01:55:37.197	1.30089	1.30093			6
2025.03.20	01:55:37.502	1.30088	1.30092			6
2025.03.20	01:55:38.117	1.30089	1.30093			6
2025.03.20	01:55:40.256	1.30088	1.30092			6
2025.03.20	01:55:47.907	1.30089	1.30093			6
2025.03.20	01:55:50.967	1.30088	1.30092			6
2025.03.20	01:55:53.106	1.30089	1.30093			6
2025.03.20	01:55:53.412	1.30088	1.30092			6
2025.03.20	01:55:56.177	1.30089	1.30093			6
2025.03.20	01:55:56.478	1.30088	1.30092			6
2025.03.20	01:55:58.316	1.30089	1.30093			6
2025.03.20	01:55:58.619	1.30088	1.30092			6
2025.03.20	01:56:00.153	1.30088				2
2025.03.20	01:56:00.463	1.30089	1.30093			6
2025.03.20	01:56:01.378	1.30088	1.30092			6
2025.03.20	01:56:02.290	1.30089	1.30093			6
2025.03.20	01:56:09.023	1.30088	1.30092			6
2025.03.20	01:56:11.167	1.30089				2
2025.03.20	01:56:11.782	1.30088	1.30091			6
2025.03.20	01:56:12.096	1.30087				2
2025.03.20	01:56:17.315	1.30088				2
2025.03.20	01:56:22.857	1.30089	1.30092			6
2025.03.20	01:56:31.481	1.30090	1.30093			6
2025.03.20	01:56:33.633	1.30089	1.30092			6
2025.03.20	01:56:42.853	1.30090	1.30093			6
2025.03.20	01:56:43.768	1.30089	1.30092			6
2025.03.20	01:56:52.405	1.30088	1.30091			6
2025.03.20	01:56:57.332	1.30089	1.30092			6
2025.03.20	01:56:59.500	1.30088	1.30091			6
2025.03.20	01:57:00.112	1.30088				2
2025.03.20	01:57:02.261	1.30089	1.30092			6
2025.03.20	01:57:06.896	1.30088	1.30091			6
2025.03.20	01:57:12.124	1.30089	1.30092			6
2025.03.20	01:57:20.756	1.30088	1.30091			6
2025.03.20	01:57:21.066	1.30089	1.30092			6
2025.03.20	01:57:21.376	1.30088	1.30091			6
2025.03.20	01:57:21.680	1.30089	1.30092			6
2025.03.20	01:57:27.852	1.30087	1.30090			6
2025.03.20	01:57:28.159	1.30088	1.30091			6
2025.03.20	01:57:29.390	1.30087				2
2025.03.20	01:57:33.096	1.30088	1.30092			6
2025.03.20	01:57:33.401	1.30089				2
2025.03.20	01:57:34.330	1.30087	1.30091			6
2025.03.20	01:57:37.106	1.30088				2
2025.03.20	01:57:44.510	1.30089	1.30092			6
2025.03.20	01:57:45.125	1.30088				2
2025.03.20	01:57:49.132	1.30089				2
2025.03.20	01:57:49.445	1.30090	1.30093			6
2025.03.20	01:57:50.371	1.30089				2
2025.03.20	01:57:50.988	1.30088	1.30092			6
2025.03.20	01:57:59.011	1.30089	1.30093			6
2025.03.20	01:57:59.937	1.30088	1.30092			6
2025.03.20	01:58:00.247	1.30088				2
2025.03.20	01:58:04.558	1.30087	1.30091			6
2025.03.20	01:58:07.329	1.30085	1.30089			6
2025.03.20	01:58:07.631	1.30082	1.30086			6
2025.03.20	01:58:08.259		1.30087			4
2025.03.20	01:58:11.650	1.30079	1.30086			6
2025.03.20	01:58:11.955	1.30080	1.30087			6
2025.03.20	01:58:14.728	1.30079	1.30086			6
2025.03.20	01:58:16.266	1.30080				2
2025.03.20	01:58:19.352	1.30079				2
2025.03.20	01:58:29.222	1.30080				2
2025.03.20	01:58:29.837	1.30079	1.30084			6
2025.03.20	01:58:30.143	1.30078	1.30085			6
2025.03.20	01:58:31.376	1.30079				2
2025.03.20	01:58:33.532		1.30086			4
2025.03.20	01:58:33.840	1.30080				2
2025.03.20	01:58:40.629	1.30079	1.30085			6
2025.03.20	01:58:42.157		1.30086			4
2025.03.20	01:58:43.386		1.30085			4
2025.03.20	01:58:49.831	1.30080	1.30086			6
2025.03.20	01:58:50.137	1.30079	1.30080			6
2025.03.20	01:58:50.752	1.30080	1.30085			6
2025.03.20	01:58:51.363	1.30079	1.30080			6
2025.03.20	01:58:51.670	1.30080	1.30085			6
2025.03.20	01:58:51.973	1.30079	1.30080			6
2025.03.20	01:58:52.281	1.30080	1.30085			6
2025.03.20	01:58:52.587	1.30079	1.30080			6
2025.03.20	01:58:52.893	1.30080	1.30085			6
2025.03.20	01:58:53.198	1.30079	1.30080			6
2025.03.20	01:58:53.503	1.30080	1.30085			6
2025.03.20	01:58:53.809	1.30079				2
2025.03.20	01:58:59.037	1.30071	1.30077			6
2025.03.20	01:58:59.646	1.30072				2
2025.03.20	01:58:59.952	1.30071				2
2025.03.20	01:59:00.262	1.30072				2
2025.03.20	01:59:02.406	1.30071				2
2025.03.20	01:59:04.542	1.30070	1.30075			6
2025.03.20	01:59:05.150	1.30071	1.30077			6
2025.03.20	01:59:16.490	1.30068	1.30074			6
2025.03.20	01:59:18.339	1.30069	1.30076			6
2025.03.20	01:59:18.650	1.30070				2
2025.03.20	01:59:27.285	1.30069	1.30074			6
2025.03.20	01:59:27.592	1.30070				2
2025.03.20	01:59:27.896	1.30065	1.30067			6
2025.03.20	01:59:28.202	1.30063	1.30068			6
2025.03.20	01:59:28.815	1.30062				2
2025.03.20	01:59:32.180	1.30061	1.30066			6
2025.03.20	01:59:45.678	1.30060	1.30065			6
2025.03.20	02:00:00.105	1.30060				2
2025.03.20	02:00:01.969	1.30061	1.30067			6
2025.03.20	02:00:02.284	1.30058	1.30064			6
2025.03.20	02:00:02.587	1.30057				2
2025.03.20	02:00:02.892	1.30058	1.30063			6
2025.03.20	02:00:03.516		1.30064			4
2025.03.20	02:00:04.134		1.30065			4
2025.03.20	02:00:06.297		1.30062			4
2025.03.20	02:00:10.315	1.30052	1.30056			6
2025.03.20	02:00:10.632	1.30051				2
2025.03.20	02:00:13.404	1.30052				2
2025.03.20	02:00:16.187	1.30051				2
2025.03.20	02:00:20.822		1.30055			4
2025.03.20	02:00:21.126	1.30050	1.30054			6
2025.03.20	02:00:21.752	1.30051	1.30056			6
2025.03.20	02:00:22.068	1.30053	1.30057			6
2025.03.20	02:00:22.374	1.30052	1.30056			6
2025.03.20	02:00:22.688	1.30060	1.30062			6
2025.03.20	02:00:22.996		1.30064			4
2025.03.20	02:00:31.648	1.30061				2
2025.03.20	02:00:37.829		1.30066			4
2025.03.20	02:00:39.059	1.30062				2
2025.03.20	02:00:43.691	1.30061				2
2025.03.20	02:00:46.173	1.30062				2
2025.03.20	02:00:55.452	1.30061				2
2025.03.20	02:01:00.091	1.30061				2
2025.03.20	02:01:04.412	1.30062				2
2025.03.20	02:01:04.728	1.30061				2
2025.03.20	02:01:05.658	1.30060	1.30064			6
2025.03.20	02:01:06.280	1.30059				2
2025.03.20	02:01:06.894	1.30060				2
2025.03.20	02:01:07.207	1.30061				2
2025.03.20	02:01:09.369	1.30062				2
2025.03.20	02:01:15.555	1.30061				2
2025.03.20	02:01:17.092		1.30063			4
2025.03.20	02:01:18.644		1.30062			4
2025.03.20	02:01:21.124		1.30063			4
2025.03.20	02:01:25.744		1.30065			4
2025.03.20	02:01:26.669	1.30062				2
2025.03.20	02:01:28.196	1.30061				2
2025.03.20	02:01:28.499	1.30062				2
2025.03.20	02:01:29.427	1.30061				2
2025.03.20	02:01:34.332	1.30062	1.30066			6
2025.03.20	02:01:39.560	1.30063				2
2025.03.20	02:01:47.237	1.30061	1.30063			6
2025.03.20	02:01:47.541	1.30060				2
2025.03.20	02:01:50.303	1.30061				2
2025.03.20	02:01:55.519	1.30060				2
2025.03.20	02:01:55.823	1.30061	1.30064			6
2025.03.20	02:01:58.589	1.30060				2
2025.03.20	02:02:00.126	1.30060				2
2025.03.20	02:02:02.282	1.30061				2
2025.03.20	02:02:08.423	1.30060				2
2025.03.20	02:02:16.095	1.30061				2
2025.03.20	02:02:27.173		1.30063			4
2025.03.20	02:02:27.475	1.30060				2
2025.03.20	02:02:27.781	1.30061				2
2025.03.20	02:02:29.306	1.30060				2
2025.03.20	02:02:30.227	1.30061				2
2025.03.20	02:02:33.580	1.30060				2
2025.03.20	02:02:40.617	1.30061				2
2025.03.20	02:02:42.765	1.30060				2
2025.03.20	02:02:49.188	1.30059				2
2025.03.20	02:02:50.413	1.30054	1.30055			6
2025.03.20	02:02:50.716	1.30052	1.30054			6
2025.03.20	02:02:51.021	1.30051				2
2025.03.20	02:02:51.330	1.30052				2
2025.03.20	02:02:51.951	1.30051				2
2025.03.20	02:02:55.311	1.30053				2
2025.03.20	02:03:00.212	1.30053				2
2025.03.20	02:03:00.522	1.30054	1.30055			6
2025.03.20	02:03:01.139	1.30053	1.30054			6
2025.03.20	02:03:05.435	1.30052				2
2025.03.20	02:03:21.809	1.30050	1.30053			6
2025.03.20	02:03:22.115	1.30049				2
2025.03.20	02:03:27.657	1.30050				2
2025.03.20	02:03:30.128	1.30051	1.30054			6
2025.03.20	02:03:33.218	1.30050				2
2025.03.20	02:03:44.638		1.30053			4
2025.03.20	02:03:46.178	1.30051				2
2025.03.20	02:04:00.016	1.30051				2
2025.03.20	02:04:08.320	1.30050				2
2025.03.20	02:04:12.609	1.30051				2
2025.03.20	02:04:20.900		1.30055			4
2025.03.20	02:04:22.733	1.30042	1.30046			6
2025.03.20	02:04:23.040	1.30041	1.30045			6
2025.03.20	02:04:23.352	1.30040	1.30043			6
2025.03.20	02:04:30.704		1.30042			4
2025.03.20	02:04:31.621		1.30043			4
2025.03.20	02:04:41.152	1.30041				2
2025.03.20	02:04:44.846	1.30039	1.30046			6
2025.03.20	02:04:47.302	1.30041	1.30043			6
2025.03.20	02:04:49.761	1.30040				2
2025.03.20	02:04:52.224	1.30039				2
2025.03.20	02:05:00.197	1.30039				2
2025.03.20	02:05:10.331	1.30038	1.30044			6
2025.03.20	02:05:12.790	1.30039	1.30043			6
2025.03.20	02:05:34.856	1.30041				2
2025.03.20	02:05:36.995	1.30040				2
2025.03.20	02:05:46.187	1.30041				2
2025.03.20	02:05:46.799	1.30042	1.30044			6
2025.03.20	02:05:48.348	1.30041				2
2025.03.20	02:06:00.299	1.30041				2
2025.03.20	02:06:01.834	1.30040				2
2025.03.20	02:06:05.812	1.30033	1.30036			6
2025.03.20	02:06:06.115	1.30032				2
2025.03.20	02:06:07.032	1.30033				2
2025.03.20	02:06:07.340	1.30032				2
2025.03.20	02:06:12.550	1.30033				2
2025.03.20	02:06:12.857	1.30036	1.30038			6
2025.03.20	02:06:13.466	1.30037	1.30041			6
2025.03.20	02:06:13.770	1.30039	1.30042			6
2025.03.20	02:06:20.540	1.30040	1.30044			6
2025.03.20	02:06:20.851	1.30041				2
2025.03.20	02:06:21.464	1.30040				2
2025.03.20	02:06:24.557	1.30043	1.30045			6
2025.03.20	02:06:29.477	1.30042				2
2025.03.20	02:06:29.789	1.30041				2
2025.03.20	02:06:30.098	1.30040				2
2025.03.20	02:06:31.027	1.30041	1.30043			6
2025.03.20	02:06:31.336	1.30039				2
2025.03.20	02:06:31.644	1.30041				2
2025.03.20	02:06:35.652	1.30039				2
2025.03.20	02:06:37.503	1.30040				2
2025.03.20	02:06:39.651		1.30045			4
2025.03.20	02:06:39.953	1.30042				2
2025.03.20	02:06:41.510	1.30041				2
2025.03.20	02:06:43.974	1.30042	1.30046			6
2025.03.20	02:06:44.577	1.30041				2
2025.03.20	02:06:46.740	1.30039	1.30043			6
2025.03.20	02:07:00.296	1.30039				2
2025.03.20	02:07:07.366	1.30040				2
2025.03.20	02:07:09.832	1.30039				2
2025.03.20	02:07:11.686	1.30040				2
2025.03.20	02:07:13.841	1.30039				2
2025.03.20	02:07:16.289		1.30044			4
2025.03.20	02:07:25.490	1.30040	1.30043			6
2025.03.20	02:08:00.141	1.30040				2
2025.03.20	02:08:01.370	1.30041				2
2025.03.20	02:08:08.410	1.30044	1.30047			6
2025.03.20	02:08:08.716	1.30050	1.30053			6
2025.03.20	02:08:09.323	1.30051	1.30054			6
2025.03.20	02:08:09.935	1.30052	1.30055			6
2025.03.20	02:08:12.398	1.30051				2
2025.03.20	02:08:13.014	1.30052				2
2025.03.20	02:08:15.784	1.30053				2
2025.03.20	02:08:26.540	1.30052				2
2025.03.20	02:08:33.310	1.30053				2
2025.03.20	02:08:48.083	1.30054	1.30057			6
2025.03.20	02:08:52.079	1.30052	1.30056			6
2025.03.20	02:08:52.699	1.30051				2
2025.03.20	02:09:00.094	1.30051				2
2025.03.20	02:09:07.467		1.30054			4
2025.03.20	02:09:14.229	1.30050				2
2025.03.20	02:09:14.537	1.30051				2
2025.03.20	02:09:17.299	1.30052				2
2025.03.20	02:09:18.834	1.30051				2
2025.03.20	02:09:22.215	1.30052				2
2025.03.20	02:09:25.585	1.30050	1.30053			6
2025.03.20	02:09:30.797	1.30053	1.30054			6
2025.03.20	02:09:34.184	1.30051				2
2025.03.20	02:09:40.611	1.30052				2
2025.03.20	02:09:59.602	1.30053				2
2025.03.20	02:10:00.212	1.30053				2
2025.03.20	02:10:04.497	1.30055	1.30056			6
2025.03.20	02:10:05.111		1.30057			4
2025.03.20	02:10:06.965	1.30054	1.30056			6
2025.03.20	02:10:07.884	1.30053				2
2025.03.20	02:10:09.113	1.30054				2
2025.03.20	02:10:11.890	1.30053				2
2025.03.20	02:10:16.212		1.30054			4
2025.03.20	02:10:16.513	1.30052				2
2025.03.20	02:10:18.681		1.30053			4
2025.03.20	02:10:18.993	1.30051				2
2025.03.20	02:10:19.604	1.30050				2
2025.03.20	02:10:22.995	1.30051				2
2025.03.20	02:10:24.844	1.30050				2
2025.03.20	02:10:26.700	1.30051				2
2025.03.20	02:10:30.105	1.30052				2
2025.03.20	02:10:31.935	1.30053	1.30054			6
2025.03.20	02:10:33.144	1.30052	1.30053			6
2025.03.20	02:10:33.750	1.30051				2
2025.03.20	02:10:34.360	1.30052				2
2025.03.20	02:10:35.280	1.30051				2
2025.03.20	02:10:36.200	1.30052				2
2025.03.20	02:10:38.958	1.30053	1.30054			6
2025.03.20	02:10:40.790	1.30054	1.30055			6
2025.03.20	02:10:43.525	1.30057	1.30058			6
2025.03.20	02:10:43.833	1.30062	1.30063			6
2025.03.20	02:10:44.135	1.30064	1.30065			6
2025.03.20	02:10:44.439	1.30063	1.30064			6
2025.03.20	02:10:45.349	1.30062				2
2025.03.20	02:10:47.505	1.30061	1.30063			6
2025.03.20	02:10:57.368	1.30059	1.30062			6
2025.03.20	02:10:57.669	1.30061	1.30063			6
2025.03.20	02:10:58.602	1.30060				2
2025.03.20	02:11:00.145	1.30060				2
2025.03.20	02:11:07.245	1.30061	1.30064			6
2025.03.20	02:11:13.101		1.30063			4
2025.03.20	02:11:37.125		1.30062			4
2025.03.20	02:11:43.566	1.30054	1.30056			6
2025.03.20	02:11:43.869	1.30060	1.30061			6
2025.03.20	02:11:44.181		1.30063			4
2025.03.20	02:11:45.102		1.30062			4
2025.03.20	02:11:58.528		1.30063			4
2025.03.20	02:11:58.832		1.30062			4
2025.03.20	02:12:00.052	1.30060				2
2025.03.20	02:12:05.234	1.30061				2
2025.03.20	02:12:11.957		1.30063			4
2025.03.20	02:12:14.396		1.30062			4
2025.03.20	02:12:44.609	1.30062	1.30063			6
2025.03.20	02:13:00.228	1.30062				2
2025.03.20	02:13:00.532	1.30063	1.30064			6
2025.03.20	02:13:03.280	1.30062	1.30063			6
2025.03.20	02:13:08.796	1.30057	1.30059			6
2025.03.20	02:13:09.097	1.30054	1.30057			6
2025.03.20	02:13:10.331	1.30053				2
2025.03.20	02:13:12.472	1.30055				2
2025.03.20	02:13:34.633	1.30054				2
2025.03.20	02:13:34.938	1.30053	1.30054			6
2025.03.20	02:13:36.178	1.30052				2
2025.03.20	02:13:42.967	1.30053	1.30055			6
2025.03.20	02:13:44.503	1.30055	1.30056			6
2025.03.20	02:13:46.966	1.30054				2
2025.03.20	02:13:51.584		1.30055			4
2025.03.20	02:14:00.220	1.30054				2
2025.03.20	02:14:05.151	1.30055	1.30056			6
2025.03.20	02:14:07.294	1.30057	1.30058			6
2025.03.20	02:14:12.172	1.30062	1.30063			6
2025.03.20	02:14:13.390	1.30060	1.30062			6
2025.03.20	02:14:14.313		1.30063			4
2025.03.20	02:14:21.384	1.30061				2
2025.03.20	02:14:27.845		1.30062			4
2025.03.20	02:14:28.150	1.30060				2
2025.03.20	02:14:31.543	1.30061				2
2025.03.20	02:14:36.474	1.30060				2
2025.03.20	02:14:49.105	1.30061				2
2025.03.20	02:14:58.276	1.30062	1.30063			6
2025.03.20	02:15:00.114	1.30062				2
2025.03.20	02:15:10.853	1.30063	1.30064			6
2025.03.20	02:15:18.492	1.30065	1.30066			6
2025.03.20	02:15:19.408	1.30064	1.30065			6
2025.03.20	02:15:19.711	1.30062	1.30063			6
2025.03.20	02:15:54.048	1.30063	1.30064			6
2025.03.20	02:15:54.666	1.30062	1.30063			6
2025.03.20	02:16:00.168	1.30063	1.30064			6
2025.03.20	02:16:04.762	1.30062	1.30063			6
2025.03.20	02:16:11.185	1.30063	1.30064			6
2025.03.20	02:16:11.798	1.30062	1.30063			6
2025.03.20	02:16:12.106	1.30063	1.30064			6
2025.03.20	02:16:15.777	1.30062	1.30063			6
2025.03.20	02:16:16.385	1.30064	1.30065			6
2025.03.20	02:16:16.692	1.30065	1.30066			6
2025.03.20	02:16:19.753	1.30064	1.30065			6
2025.03.20	02:16:24.351	1.30061	1.30064			6
2025.03.20	02:16:24.963	1.30064	1.30065			6
2025.03.20	02:16:32.019	1.30063	1.30064			6
2025.03.20	02:16:36.916	1.30062	1.30063			6
2025.03.20	02:16:37.222	1.30063	1.30064			6
2025.03.20	02:16:37.536	1.30062	1.30063			6
2025.03.20	02:16:38.751	1.30063	1.30064			6
2025.03.20	02:16:39.666	1.30062	1.30063			6
2025.03.20	02:16:39.977	1.30063	1.30064			6
2025.03.20	02:16:40.284	1.30062	1.30063			6
2025.03.20	02:16:40.589	1.30063	1.30064			6
2025.03.20	02:16:42.125	1.30062	1.30063			6
2025.03.20	02:16:43.976	1.30063	1.30064			6
2025.03.20	02:16:45.817	1.30062	1.30063			6
2025.03.20	02:16:47.361	1.30061				2
2025.03.20	02:16:55.075	1.30062				2
2025.03.20	02:16:56.928	1.30063	1.30064			6
2025.03.20	02:17:00.013	1.30063				2
2025.03.20	02:17:01.868	1.30062	1.30063			6
2025.03.20	02:17:10.494	1.30063	1.30064			6
2025.03.20	02:17:10.806	1.30062	1.30063			6
2025.03.20	02:17:32.078	1.30056	1.30057			6
2025.03.20	02:17:33.312	1.30055				2
2025.03.20	02:17:35.163	1.30052	1.30056			6
2025.03.20	02:17:36.389	1.30053				2
2025.03.20	02:17:47.198	1.30054				2
2025.03.20	02:17:49.048	1.30053				2
2025.03.20	02:17:53.057		1.30055			4
2025.03.20	02:18:00.147	1.30053				2
2025.03.20	02:18:01.380	1.30054				2
2025.03.20	02:18:11.251	1.30055	1.30056			6
2025.03.20	02:18:13.731	1.30054				2
2025.03.20	02:18:22.056	1.30055				2
2025.03.20	02:18:22.361	1.30065	1.30067			6
2025.03.20	02:18:23.290	1.30068	1.30071			6
2025.03.20	02:18:23.593	1.30069				2
2025.03.20	02:18:26.367	1.30072	1.30074			6
2025.03.20	02:18:28.214	1.30073				2
2025.03.20	02:18:28.522	1.30072				2
2025.03.20	02:18:30.384	1.30073				2
