<DATE>	<TIME>	<BID>	<ASK>	<LAST>	<VOLUME>	<FLAGS>
2025.04.23	00:03:31.346	1.33274	1.33376			6
2025.04.23	00:03:32.716	1.33271	1.33366			6
2025.04.23	00:04:11.366	1.33271				2
2025.04.23	00:04:32.717		1.33366			4
2025.04.23	00:05:05.501	1.33271				2
2025.04.23	00:05:23.512	1.33277				2
2025.04.23	00:05:32.707		1.33368			4
2025.04.23	00:05:39.405	1.33274				2
2025.04.23	00:05:53.155	1.33275				2
2025.04.23	00:06:00.232	1.33275				2
2025.04.23	00:06:02.074		1.33359			4
2025.04.23	00:06:02.381	1.33280				2
2025.04.23	00:06:03.296	1.33279				2
2025.04.23	00:06:08.512		1.33367			4
2025.04.23	00:06:09.441	1.33278				2
2025.04.23	00:06:47.307		1.33350			4
2025.04.23	00:06:51.889	1.33279				2
2025.04.23	00:06:53.112	1.33280				2
2025.04.23	00:07:00.129	1.33280				2
2025.04.23	00:07:04.750		1.33346			4
2025.04.23	00:07:27.847	1.33293	1.33348			6
2025.04.23	00:07:28.462	1.33292				2
2025.04.23	00:07:29.613	1.33298	1.33367			6
2025.04.23	00:07:31.364	1.33299				2
2025.04.23	00:07:41.314	1.33308	1.33418			6
2025.04.23	00:08:00.364	1.33308				2
2025.04.23	00:08:36.612	1.33302	1.33386			6
2025.04.23	00:09:01.358	1.33302				2
2025.04.23	00:09:41.356	1.33303	1.33386			6
2025.04.23	00:10:00.310	1.33303				2
2025.04.23	00:10:12.663	1.33298	1.33415			6
2025.04.23	00:10:24.042	1.33300				2
2025.04.23	00:10:55.118	1.33303	1.33386			6
2025.04.23	00:11:00.506	1.33303				2
2025.04.23	00:11:01.864	1.33300	1.33415			6
2025.04.23	00:11:02.479	1.33303	1.33386			6
2025.04.23	00:11:08.747	1.33301	1.33415			6
2025.04.23	00:11:09.353	1.33303	1.33386			6
2025.04.23	00:11:15.826	1.33301	1.33414			6
2025.04.23	00:11:16.434	1.33303	1.33386			6
2025.04.23	00:11:22.620	1.33301	1.33414			6
2025.04.23	00:11:23.232	1.33303	1.33386			6
2025.04.23	00:11:29.369	1.33301	1.33414			6
2025.04.23	00:11:29.976	1.33303	1.33386			6
2025.04.23	00:11:48.600	1.33281	1.33385			6
2025.04.23	00:11:49.817	1.33282				2
2025.04.23	00:11:53.819	1.33285				2
2025.04.23	00:11:57.199	1.33286				2
2025.04.23	00:11:59.349	1.33287				2
2025.04.23	00:12:00.268	1.33296	1.33434			6
2025.04.23	00:12:03.959	1.33295	1.33435			6
2025.04.23	00:12:06.721		1.33434			4
2025.04.23	00:12:08.562	1.33294	1.33435			6
2025.04.23	00:12:12.255	1.33293				2
2025.04.23	00:12:16.248	1.33292				2
2025.04.23	00:12:22.388		1.33434			4
2025.04.23	00:12:23.625	1.33291				2
2025.04.23	00:12:26.384	1.33290				2
2025.04.23	00:12:27.934	1.33292				2
2025.04.23	00:12:28.844	1.33291				2
2025.04.23	00:12:31.618	1.33289				2
2025.04.23	00:12:38.067	1.33286				2
2025.04.23	00:12:50.746	1.33287				2
2025.04.23	00:13:00.331	1.33287				2
2025.04.23	00:13:01.316	1.33286				2
2025.04.23	00:13:10.711	1.33287				2
2025.04.23	00:13:14.315	1.33286				2
2025.04.23	00:13:22.631		1.33434			4
2025.04.23	00:14:00.815	1.33286				2
2025.04.23	00:14:23.908		1.33434			4
2025.04.23	00:14:30.409	1.33285				2
2025.04.23	00:15:00.308	1.33282				2
2025.04.23	00:15:01.784	1.33283				2
2025.04.23	00:15:08.783	1.33288				2
2025.04.23	00:15:12.766	1.33284				2
2025.04.23	00:15:18.591	1.33283				2
2025.04.23	00:15:21.350	1.33284				2
2025.04.23	00:15:24.109		1.33434			4
2025.04.23	00:16:00.006	1.33284				2
2025.04.23	00:16:02.458	1.33282	1.33437			6
2025.04.23	00:16:04.342	1.33284	1.33434			6
2025.04.23	00:16:05.879	1.33282				2
2025.04.23	00:16:10.777	1.33278	1.33422			6
2025.04.23	00:16:12.843		1.33414			4
2025.04.23	00:16:13.336	1.33279				2
2025.04.23	00:16:20.710	1.33278				2
2025.04.23	00:16:26.255	1.33279				2
2025.04.23	00:16:26.851	1.33280				2
2025.04.23	00:16:30.853	1.33281				2
2025.04.23	00:16:38.661	1.33278				2
2025.04.23	00:16:45.386	1.33279				2
2025.04.23	00:16:49.329	1.33278				2
2025.04.23	00:16:52.539	1.33281	1.33422			6
2025.04.23	00:16:53.457		1.33420			4
2025.04.23	00:16:53.760	1.33278	1.33422			6
2025.04.23	00:16:55.583		1.33420			4
2025.04.23	00:17:00.358	1.33278				2
2025.04.23	00:17:09.072	1.33282				2
2025.04.23	00:17:12.457	1.33279				2
2025.04.23	00:17:21.052		1.33416			4
2025.04.23	00:17:38.859		1.33414			4
2025.04.23	00:17:39.162		1.33416			4
2025.04.23	00:17:41.848	1.33281	1.33414			6
2025.04.23	00:17:46.849	1.33280	1.33411			6
2025.04.23	00:17:48.703	1.33279				2
2025.04.23	00:17:50.463	1.33278				2
2025.04.23	00:18:00.860	1.33278				2
2025.04.23	00:18:47.609		1.33411			4
2025.04.23	00:18:53.916		1.33416			4
2025.04.23	00:19:01.817	1.33278				2
2025.04.23	00:19:10.264	1.33276	1.33411			6
2025.04.23	00:19:10.768	1.33277	1.33410			6
2025.04.23	00:19:11.395	1.33281				2
2025.04.23	00:19:11.706	1.33283				2
2025.04.23	00:19:12.321	1.33276				2
2025.04.23	00:19:13.348	1.33289				2
2025.04.23	00:19:18.221	1.33282				2
2025.04.23	00:19:21.911	1.33276				2
2025.04.23	00:19:30.978	1.33301	1.33397			6
2025.04.23	00:19:47.876	1.33300				2
2025.04.23	00:19:51.094	1.33301				2
2025.04.23	00:19:51.699	1.33300				2
2025.04.23	00:19:56.331	1.33301				2
2025.04.23	00:20:02.906	1.33308	1.33408			6
2025.04.23	00:20:13.190	1.33309				2
2025.04.23	00:21:00.206	1.33309				2
2025.04.23	00:21:00.580	1.33312	1.33415			6
2025.04.23	00:21:04.801	1.33309	1.33405			6
2025.04.23	00:21:39.773	1.33311				2
2025.04.23	00:21:41.303	1.33309				2
2025.04.23	00:22:00.508	1.33309				2
2025.04.23	00:22:03.117	1.33312				2
2025.04.23	00:22:04.946		1.33405			4
2025.04.23	00:22:06.157	1.33309				2
2025.04.23	00:22:14.170	1.33311				2
2025.04.23	00:22:14.477	1.33309				2
2025.04.23	00:22:15.377	1.33312				2
2025.04.23	00:22:15.697	1.33318				2
2025.04.23	00:22:16.912	1.33312				2
2025.04.23	00:22:22.738	1.33310				2
2025.04.23	00:22:29.044	1.33320				2
2025.04.23	00:22:31.171	1.33319				2
2025.04.23	00:22:31.775	1.33321				2
2025.04.23	00:22:32.081	1.33320				2
2025.04.23	00:22:33.302	1.33321				2
2025.04.23	00:22:34.526	1.33323				2
2025.04.23	00:22:36.354	1.33314				2
2025.04.23	00:22:37.276	1.33322				2
2025.04.23	00:22:37.581	1.33332				2
2025.04.23	00:22:38.186	1.33326				2
2025.04.23	00:22:39.397	1.33319				2
2025.04.23	00:22:40.305	1.33326				2
2025.04.23	00:22:41.221	1.33313				2
2025.04.23	00:22:42.136	1.33316				2
2025.04.23	00:22:43.359	1.33313				2
2025.04.23	00:22:46.738	1.33310				2
2025.04.23	00:22:47.510	1.33322				2
2025.04.23	00:22:51.162	1.33323				2
2025.04.23	00:22:52.075	1.33319				2
2025.04.23	00:22:59.424	1.33316				2
2025.04.23	00:23:00.043	1.33316				2
2025.04.23	00:23:02.192	1.33321				2
2025.04.23	00:23:04.657	1.33325				2
2025.04.23	00:23:04.962		1.33405			4
2025.04.23	00:23:05.582	1.33319				2
2025.04.23	00:23:13.253	1.33310				2
2025.04.23	00:23:16.918	1.33311				2
2025.04.23	00:23:19.384	1.33310				2
2025.04.23	00:23:36.967	1.33311				2
2025.04.23	00:23:37.271	1.33310				2
2025.04.23	00:23:37.577	1.33311				2
2025.04.23	00:23:38.192	1.33310				2
2025.04.23	00:23:41.802	1.33311				2
2025.04.23	00:23:52.546	1.33310				2
2025.04.23	00:23:57.488	1.33311				2
2025.04.23	00:23:59.335	1.33312				2
2025.04.23	00:24:00.259	1.33312				2
2025.04.23	00:24:00.871	1.33321				2
2025.04.23	00:24:03.020	1.33310				2
2025.04.23	00:24:08.006		1.33405			4
2025.04.23	00:24:15.646		1.33414			4
2025.04.23	00:24:16.244		1.33407			4
2025.04.23	00:24:32.182		1.33411			4
2025.04.23	00:24:35.440	1.33313				2
2025.04.23	00:24:36.051	1.33315				2
2025.04.23	00:24:37.893	1.33316				2
2025.04.23	00:24:39.731	1.33315				2
2025.04.23	00:24:40.041	1.33311				2
2025.04.23	00:24:42.805	1.33310				2
2025.04.23	00:24:43.336	1.33311				2
2025.04.23	00:24:47.637		1.33406			4
2025.04.23	00:24:48.868	1.33310				2
2025.04.23	00:24:50.359	1.33311				2
2025.04.23	00:24:50.669	1.33310				2
2025.04.23	00:24:51.101	1.33311				2
2025.04.23	00:24:57.247	1.33312				2
2025.04.23	00:24:57.559	1.33311				2
2025.04.23	00:24:58.779	1.33312				2
2025.04.23	00:24:59.397	1.33313				2
2025.04.23	00:24:59.705	1.33312				2
2025.04.23	00:25:00.011	1.33312				2
2025.04.23	00:25:03.087	1.33310				2
2025.04.23	00:25:20.534	1.33317				2
2025.04.23	00:25:22.383	1.33311				2
2025.04.23	00:25:24.222	1.33310				2
2025.04.23	00:25:27.927	1.33321				2
2025.04.23	00:25:39.261	1.33310				2
2025.04.23	00:25:47.927		1.33406			4
2025.04.23	00:26:00.359	1.33310				2
2025.04.23	00:26:03.587	1.33304				2
2025.04.23	00:26:18.206		1.33410			4
2025.04.23	00:26:18.519	1.33313				2
2025.04.23	00:26:18.823	1.33308				2
2025.04.23	00:26:23.708	1.33309				2
2025.04.23	00:26:24.012	1.33308				2
2025.04.23	00:26:30.722	1.33307				2
2025.04.23	00:26:31.943		1.33409			4
2025.04.23	00:26:32.552	1.33304				2
2025.04.23	00:26:45.027	1.33305				2
2025.04.23	00:26:45.335	1.33304				2
2025.04.23	00:26:46.151	1.33305				2
2025.04.23	00:26:46.454	1.33304				2
2025.04.23	00:26:46.758	1.33305				2
2025.04.23	00:26:50.114	1.33304				2
2025.04.23	00:26:56.023	1.33308				2
2025.04.23	00:26:56.332	1.33307				2
2025.04.23	00:26:56.634	1.33308				2
2025.04.23	00:26:57.242	1.33307	1.33406			6
2025.04.23	00:27:00.275	1.33307				2
2025.04.23	00:27:00.881		1.33404			4
2025.04.23	00:27:01.188	1.33315				2
2025.04.23	00:27:03.016	1.33314				2
2025.04.23	00:27:03.621	1.33315				2
2025.04.23	00:27:04.230	1.33313				2
2025.04.23	00:27:04.844	1.33291				2
2025.04.23	00:27:05.762	1.33292				2
2025.04.23	00:27:06.066	1.33291				2
2025.04.23	00:27:06.980	1.33288				2
2025.04.23	00:27:07.369	1.33290				2
2025.04.23	00:27:08.292	1.33289				2
2025.04.23	00:27:08.596		1.33382			4
2025.04.23	00:27:12.253	1.33290				2
2025.04.23	00:27:15.307	1.33291				2
2025.04.23	00:27:16.841	1.33292				2
2025.04.23	00:27:17.143	1.33288				2
2025.04.23	00:27:30.051	1.33287				2
2025.04.23	00:27:37.085		1.33380			4
2025.04.23	00:27:37.394		1.33377			4
2025.04.23	00:27:51.304	1.33281				2
2025.04.23	00:28:01.193	1.33281				2
2025.04.23	00:28:37.650		1.33377			4
2025.04.23	00:28:46.305	1.33284				2
2025.04.23	00:29:00.277	1.33284				2
2025.04.23	00:29:28.352	1.33298				2
2025.04.23	00:29:38.392		1.33377			4
2025.04.23	00:30:00.383	1.33298				2
2025.04.23	00:30:14.499		1.33376			4
2025.04.23	00:30:15.424		1.33377			4
2025.04.23	00:30:22.892	1.33290				2
2025.04.23	00:30:34.354		1.33376			4
2025.04.23	00:30:34.664		1.33373			4
2025.04.23	00:30:35.274		1.33377			4
2025.04.23	00:30:50.331	1.33283				2
2025.04.23	00:31:01.362	1.33283				2
2025.04.23	00:31:31.952	1.33281	1.33368			6
2025.04.23	00:31:32.728	1.33255				2
2025.04.23	00:31:50.815	1.33278				2
2025.04.23	00:31:52.037		1.33369			4
2025.04.23	00:31:58.298	1.33263				2
2025.04.23	00:32:01.383	1.33263				2
2025.04.23	00:32:04.675		1.33357			4
2025.04.23	00:32:26.244	1.33259				2
2025.04.23	00:32:38.087	1.33285				2
2025.04.23	00:32:41.656	1.33286				2
2025.04.23	00:32:44.682	1.33266				2
2025.04.23	00:32:46.093	1.33259				2
2025.04.23	00:32:47.149	1.33254				2
2025.04.23	00:32:49.764	1.33259				2
2025.04.23	00:32:50.765	1.33254				2
2025.04.23	00:32:51.073	1.33253				2
2025.04.23	00:32:51.991	1.33252				2
2025.04.23	00:32:52.592	1.33259				2
2025.04.23	00:32:54.123	1.33254				2
2025.04.23	00:32:55.727	1.33251				2
2025.04.23	00:32:56.037	1.33250				2
2025.04.23	00:32:59.844	1.33249				2
2025.04.23	00:33:00.496	1.33249				2
2025.04.23	00:33:05.005		1.33357			4
2025.04.23	00:33:11.163	1.33248				2
2025.04.23	00:33:13.385	1.33250				2
2025.04.23	00:33:14.306	1.33268				2
2025.04.23	00:33:16.620	1.33250				2
2025.04.23	00:33:17.292	1.33269				2
2025.04.23	00:33:18.986	1.33250				2
2025.04.23	00:33:21.302	1.33249				2
2025.04.23	00:33:24.120	1.33250				2
2025.04.23	00:33:26.216	1.33241	1.33304			6
2025.04.23	00:33:32.511	1.33242				2
2025.04.23	00:33:34.041	1.33245				2
2025.04.23	00:33:34.647	1.33246				2
2025.04.23	00:33:34.951	1.33245				2
2025.04.23	00:33:35.552	1.33246				2
2025.04.23	00:33:36.768	1.33243				2
2025.04.23	00:33:37.073	1.33242				2
2025.04.23	00:33:39.801	1.33245	1.33286			6
2025.04.23	00:33:40.109	1.33247	1.33356			6
2025.04.23	00:33:41.605	1.33253				2
2025.04.23	00:33:44.138	1.33248				2
2025.04.23	00:33:44.456	1.33246				2
2025.04.23	00:33:47.333	1.33244				2
2025.04.23	00:33:50.307	1.33242	1.33334			6
2025.04.23	00:33:51.696	1.33239	1.33320			6
2025.04.23	00:33:58.507	1.33237				2
2025.04.23	00:34:00.808	1.33237				2
2025.04.23	00:34:19.561	1.33247				2
2025.04.23	00:34:33.212	1.33258				2
2025.04.23	00:34:40.671	1.33249				2
2025.04.23	00:34:47.184		1.33318			4
2025.04.23	00:34:47.489		1.33317			4
2025.04.23	00:34:49.014		1.33319			4
2025.04.23	00:34:49.317		1.33320			4
2025.04.23	00:34:52.407		1.33319			4
2025.04.23	00:34:52.724		1.33318			4
2025.04.23	00:34:54.248		1.33316			4
2025.04.23	00:34:55.474		1.33318			4
2025.04.23	00:34:56.697		1.33319			4
2025.04.23	00:34:57.000		1.33315			4
2025.04.23	00:34:59.748	1.33244	1.33318			6
2025.04.23	00:35:00.059	1.33244				2
2025.04.23	00:35:01.284		1.33320			4
2025.04.23	00:35:04.328	1.33236				2
2025.04.23	00:35:04.665		1.33315			4
2025.04.23	00:35:05.580		1.33314			4
2025.04.23	00:35:07.095	1.33232	1.33320			6
2025.04.23	00:35:09.640	1.33226				2
2025.04.23	00:35:12.995	1.33224	1.33319			6
2025.04.23	00:35:13.611		1.33318			4
2025.04.23	00:35:14.218	1.33230				2
2025.04.23	00:35:14.524		1.33320			4
2025.04.23	00:35:23.892	1.33233				2
2025.04.23	00:35:27.994		1.33318			4
2025.04.23	00:35:28.610		1.33317			4
2025.04.23	00:35:29.219		1.33315			4
2025.04.23	00:35:33.178	1.33230	1.33317			6
2025.04.23	00:35:33.788		1.33320			4
2025.04.23	00:35:34.102	1.33234	1.33319			6
2025.04.23	00:35:34.418		1.33316			4
2025.04.23	00:35:35.639		1.33320			4
2025.04.23	00:35:36.506		1.33318			4
2025.04.23	00:35:37.121	1.33232	1.33320			6
2025.04.23	00:35:37.449		1.33318			4
2025.04.23	00:35:38.360		1.33317			4
2025.04.23	00:35:39.278		1.33316			4
2025.04.23	00:35:39.578		1.33317			4
2025.04.23	00:35:39.882	1.33235	1.33315			6
2025.04.23	00:35:41.719		1.33314			4
2025.04.23	00:35:42.330		1.33315			4
2025.04.23	00:35:42.937		1.33313			4
2025.04.23	00:35:44.455	1.33232	1.33316			6
2025.04.23	00:35:45.062		1.33315			4
2025.04.23	00:35:45.365		1.33316			4
2025.04.23	00:35:46.889		1.33314			4
2025.04.23	00:35:47.802	1.33233	1.33313			6
2025.04.23	00:35:49.644		1.33315			4
2025.04.23	00:35:50.560		1.33311			4
2025.04.23	00:35:50.868		1.33312			4
2025.04.23	00:35:52.697		1.33314			4
2025.04.23	00:35:53.000		1.33308			4
2025.04.23	00:35:53.305		1.33307			4
2025.04.23	00:35:54.227	1.33236	1.33316			6
2025.04.23	00:35:54.532		1.33314			4
2025.04.23	00:35:55.449		1.33312			4
2025.04.23	00:35:58.181		1.33314			4
2025.04.23	00:36:00.009	1.33236				2
2025.04.23	00:36:00.626		1.33319			4
2025.04.23	00:36:01.848		1.33320			4
2025.04.23	00:36:04.705		1.33319			4
2025.04.23	00:36:05.919		1.33320			4
2025.04.23	00:36:08.422	1.33234				2
2025.04.23	00:36:09.646	1.33227	1.33317			6
2025.04.23	00:36:09.949		1.33316			4
2025.04.23	00:36:11.805		1.33315			4
2025.04.23	00:36:13.628		1.33319			4
2025.04.23	00:36:13.953		1.33317			4
2025.04.23	00:36:16.081	1.33220	1.33315			6
2025.04.23	00:36:16.394	1.33219	1.33316			6
2025.04.23	00:36:16.733	1.33221				2
2025.04.23	00:36:17.045	1.33219				2
2025.04.23	00:36:17.355	1.33221	1.33315			6
2025.04.23	00:36:17.660	1.33215	1.33313			6
2025.04.23	00:36:17.966	1.33217	1.33307			6
2025.04.23	00:36:18.273	1.33216	1.33309			6
2025.04.23	00:36:18.578		1.33305			4
2025.04.23	00:36:18.882	1.33217				2
2025.04.23	00:36:19.187	1.33209	1.33312			6
2025.04.23	00:36:19.488	1.33211				2
2025.04.23	00:36:19.795	1.33213	1.33310			6
2025.04.23	00:36:20.102	1.33216	1.33306			6
2025.04.23	00:36:26.547	1.33215	1.33305			6
2025.04.23	00:36:26.854	1.33213	1.33303			6
2025.04.23	00:36:27.772	1.33212	1.33302			6
2025.04.23	00:36:28.083	1.33213	1.33303			6
2025.04.23	00:36:28.689	1.33209	1.33299			6
2025.04.23	00:36:28.993	1.33211	1.33301			6
2025.04.23	00:36:31.122	1.33208	1.33303			6
2025.04.23	00:36:31.426	1.33212	1.33302			6
2025.04.23	00:36:31.736		1.33301			4
2025.04.23	00:36:32.652		1.33302			4
2025.04.23	00:36:32.953		1.33300			4
2025.04.23	00:36:36.010		1.33301			4
2025.04.23	00:36:36.613		1.33302			4
2025.04.23	00:36:37.225	1.33209	1.33307			6
2025.04.23	00:36:37.526	1.33211	1.33301			6
2025.04.23	00:36:37.831	1.33212	1.33302			6
2025.04.23	00:36:38.134	1.33210	1.33300			6
2025.04.23	00:36:38.439	1.33211	1.33301			6
2025.04.23	00:36:39.962	1.33208	1.33306			6
2025.04.23	00:36:40.265	1.33204	1.33308			6
2025.04.23	00:36:40.575		1.33309			4
2025.04.23	00:36:40.879	1.33210	1.33302			6
2025.04.23	00:36:41.489	1.33211	1.33303			6
2025.04.23	00:36:42.714	1.33210				2
2025.04.23	00:36:43.635	1.33209	1.33302			6
2025.04.23	00:36:43.942		1.33303			4
2025.04.23	00:36:44.558	1.33211				2
2025.04.23	00:36:44.864		1.33300			4
2025.04.23	00:36:45.477	1.33205	1.33305			6
2025.04.23	00:36:45.784	1.33203	1.33313			6
2025.04.23	00:36:46.903		1.33312			4
2025.04.23	00:36:48.441		1.33311			4
2025.04.23	00:36:48.743	1.33204				2
2025.04.23	00:36:49.053	1.33208	1.33281			6
2025.04.23	00:36:49.496	1.33165	1.33261			6
2025.04.23	00:36:50.314		1.33258			4
2025.04.23	00:36:52.794	1.33166				2
2025.04.23	00:36:53.098	1.33165				2
2025.04.23	00:36:53.771	1.33167				2
2025.04.23	00:36:54.071	1.33166				2
2025.04.23	00:36:54.992	1.33160	1.33256			6
2025.04.23	00:37:00.002	1.33159				2
2025.04.23	00:37:08.127	1.33138	1.33244			6
2025.04.23	00:37:11.428		1.33242			4
2025.04.23	00:37:11.978	1.33146	1.33244			6
2025.04.23	00:37:12.282	1.33138				2
2025.04.23	00:37:12.747	1.33146	1.33242			6
2025.04.23	00:37:14.500	1.33137				2
2025.04.23	00:37:27.634	1.33127	1.33196			6
2025.04.23	00:37:29.073	1.33131	1.33194			6
2025.04.23	00:37:29.778	1.33125				2
2025.04.23	00:37:38.305	1.33122				2
2025.04.23	00:37:38.976	1.33118				2
2025.04.23	00:37:39.343	1.33114				2
2025.04.23	00:37:41.746	1.33112				2
2025.04.23	00:37:51.485	1.33115				2
2025.04.23	00:38:00.360	1.33115				2
2025.04.23	00:38:15.062	1.33123				2
2025.04.23	00:38:17.738	1.33118				2
2025.04.23	00:38:20.184		1.33193			4
2025.04.23	00:38:20.798		1.33190			4
2025.04.23	00:38:22.022		1.33194			4
2025.04.23	00:38:22.361	1.33113				2
2025.04.23	00:38:27.014		1.33190			4
2025.04.23	00:38:27.622	1.33126	1.33195			6
2025.04.23	00:38:28.234		1.33194			4
2025.04.23	00:38:31.872		1.33196			4
2025.04.23	00:38:32.660		1.33195			4
2025.04.23	00:38:32.974		1.33196			4
2025.04.23	00:38:35.762	1.33124				2
2025.04.23	00:38:38.746		1.33193			4
2025.04.23	00:38:40.881		1.33194			4
2025.04.23	00:38:48.485		1.33189			4
2025.04.23	00:38:49.099	1.33126				2
2025.04.23	00:38:51.835		1.33190			4
2025.04.23	00:38:53.052		1.33189			4
2025.04.23	00:38:55.802	1.33108				2
2025.04.23	00:38:56.719	1.33122				2
2025.04.23	00:38:59.468	1.33108				2
2025.04.23	00:39:00.078	1.33108	1.33188			6
2025.04.23	00:39:00.384	1.33119				2
2025.04.23	00:39:01.919		1.33189			4
2025.04.23	00:39:02.227		1.33188			4
2025.04.23	00:39:03.149		1.33189			4
2025.04.23	00:39:03.456	1.33116				2
2025.04.23	00:39:03.762	1.33118	1.33188			6
2025.04.23	00:39:04.684		1.33189			4
2025.04.23	00:39:06.228		1.33188			4
2025.04.23	00:39:10.224		1.33189			4
2025.04.23	00:39:10.532	1.33115				2
2025.04.23	00:39:10.840		1.33188			4
2025.04.23	00:39:12.069		1.33189			4
2025.04.23	00:39:16.073	1.33134				2
2025.04.23	00:39:25.304	1.33114	1.33179			6
2025.04.23	00:39:25.605	1.33099	1.33186			6
2025.04.23	00:39:27.148	1.33049	1.33167			6
2025.04.23	00:39:27.456	1.33035				2
2025.04.23	00:39:27.850	1.33034				2
2025.04.23	00:39:28.708	1.33057				2
2025.04.23	00:39:33.098		1.33165			4
2025.04.23	00:39:34.327		1.33167			4
2025.04.23	00:39:35.209		1.33162			4
2025.04.23	00:39:36.753		1.33163			4
2025.04.23	00:39:37.677		1.33161			4
2025.04.23	00:39:38.907		1.33159			4
2025.04.23	00:39:39.216		1.33158			4
2025.04.23	00:39:39.521		1.33154			4
2025.04.23	00:39:40.448		1.33152			4
2025.04.23	00:39:42.297		1.33153			4
2025.04.23	00:39:42.603		1.33154			4
2025.04.23	00:39:44.754		1.33153			4
2025.04.23	00:39:45.368		1.33154			4
2025.04.23	00:39:46.596		1.33153			4
2025.04.23	00:39:46.905		1.33151			4
2025.04.23	00:39:49.064		1.33153			4
2025.04.23	00:39:49.679		1.33152			4
2025.04.23	00:39:53.674		1.33151			4
2025.04.23	00:39:54.595	1.33034				2
2025.04.23	00:39:55.212	1.33049				2
2025.04.23	00:39:56.134		1.33152			4
2025.04.23	00:39:58.906		1.33151			4
2025.04.23	00:40:00.130	1.33049				2
2025.04.23	00:40:00.744		1.33152			4
2025.04.23	00:40:04.762		1.33151			4
2025.04.23	00:40:09.999		1.33159			4
2025.04.23	00:40:10.303	1.33067	1.33160			6
2025.04.23	00:40:10.614		1.33158			4
2025.04.23	00:40:12.152		1.33153			4
2025.04.23	00:40:12.458		1.33151			4
2025.04.23	00:40:13.378		1.33152			4
2025.04.23	00:40:13.685		1.33153			4
2025.04.23	00:40:14.001		1.33148			4
2025.04.23	00:40:19.851		1.33142			4
2025.04.23	00:40:20.154		1.33141			4
2025.04.23	00:40:20.463		1.33144			4
2025.04.23	00:40:21.692	1.33049	1.33153			6
2025.04.23	00:40:22.307	1.33064				2
2025.04.23	00:40:22.921		1.33150			4
2025.04.23	00:40:23.847		1.33147			4
2025.04.23	00:40:24.155		1.33146			4
2025.04.23	00:40:25.389		1.33144			4
2025.04.23	00:40:25.696		1.33142			4
2025.04.23	00:40:26.311		1.33144			4
2025.04.23	00:40:26.617		1.33157			4
2025.04.23	00:40:27.231		1.33158			4
2025.04.23	00:40:28.772		1.33147			4
2025.04.23	00:40:33.692		1.33142			4
2025.04.23	00:40:34.000		1.33140			4
2025.04.23	00:40:37.696		1.33141			4
2025.04.23	00:40:39.853		1.33142			4
2025.04.23	00:40:40.465	1.33078	1.33171			6
2025.04.23	00:40:40.775		1.33159			4
2025.04.23	00:40:41.689		1.33158			4
2025.04.23	00:40:44.150		1.33159			4
2025.04.23	00:40:45.373		1.33171			4
2025.04.23	00:40:46.911		1.33167			4
2025.04.23	00:40:47.532		1.33168			4
2025.04.23	00:40:47.833		1.33166			4
2025.04.23	00:40:48.753		1.33160			4
2025.04.23	00:40:49.366		1.33158			4
2025.04.23	00:40:49.673		1.33159			4
2025.04.23	00:40:49.979		1.33164			4
2025.04.23	00:40:50.900	1.33067				2
2025.04.23	00:40:51.514		1.33165			4
2025.04.23	00:40:53.661		1.33166			4
2025.04.23	00:40:54.584		1.33169			4
2025.04.23	00:40:57.041		1.33168			4
2025.04.23	00:40:59.190		1.33169			4
2025.04.23	00:41:00.111	1.33067	1.33168			6
2025.04.23	00:41:00.421		1.33170			4
2025.04.23	00:41:01.648		1.33171			4
2025.04.23	00:41:01.957		1.33173			4
2025.04.23	00:41:05.005		1.33172			4
2025.04.23	00:41:05.319	1.33051	1.33165			6
2025.04.23	00:41:07.775		1.33163			4
2025.04.23	00:41:08.088		1.33166			4
2025.04.23	00:41:09.892		1.33168			4
2025.04.23	00:41:11.092		1.33166			4
2025.04.23	00:41:11.705		1.33164			4
2025.04.23	00:41:12.618		1.33163			4
2025.04.23	00:41:13.534		1.33162			4
2025.04.23	00:41:14.145		1.33158			4
2025.04.23	00:41:20.869	1.33052	1.33165			6
2025.04.23	00:41:21.174		1.33158			4
2025.04.23	00:41:21.481		1.33159			4
2025.04.23	00:41:25.140		1.33157			4
2025.04.23	00:41:25.447		1.33146			4
2025.04.23	00:41:26.669		1.33145			4
2025.04.23	00:41:26.974		1.33143			4
2025.04.23	00:41:29.111		1.33142			4
2025.04.23	00:41:30.329		1.33144			4
2025.04.23	00:41:30.936		1.33145			4
2025.04.23	00:41:32.452	1.33053	1.33133			6
2025.04.23	00:41:32.761		1.33132			4
2025.04.23	00:41:33.982		1.33125			4
2025.04.23	00:41:34.285		1.33123			4
2025.04.23	00:41:35.193		1.33125			4
2025.04.23	00:41:35.498		1.33124			4
2025.04.23	00:41:36.108		1.33127			4
2025.04.23	00:41:36.416		1.33129			4
2025.04.23	00:41:36.729		1.33121			4
2025.04.23	00:41:37.035		1.33122			4
2025.04.23	00:41:37.655	1.33049	1.33123			6
2025.04.23	00:41:49.112		1.33120			4
2025.04.23	00:41:49.716		1.33121			4
2025.04.23	00:41:50.331		1.33119			4
2025.04.23	00:41:50.945		1.33117			4
2025.04.23	00:41:53.401		1.33118			4
2025.04.23	00:41:55.554	1.33044	1.33119			6
2025.04.23	00:41:55.856		1.33120			4
2025.04.23	00:41:56.158	1.33060	1.33167			6
2025.04.23	00:42:01.352	1.33048				2
2025.04.23	00:42:15.923		1.33164			4
2025.04.23	00:42:19.297	1.33038	1.33133			6
2025.04.23	00:42:19.598		1.33134			4
2025.04.23	00:42:20.059		1.33131			4
2025.04.23	00:42:20.979	1.33045	1.33164			6
2025.04.23	00:42:51.728	1.33055				2
2025.04.23	00:43:00.207	1.33055				2
2025.04.23	00:43:14.113	1.33044				2
2025.04.23	00:43:15.060	1.33063				2
2025.04.23	00:43:16.045	1.33044				2
2025.04.23	00:43:16.716	1.33062				2
2025.04.23	00:43:17.162	1.33044				2
2025.04.23	00:43:17.498	1.33067				2
2025.04.23	00:43:17.906	1.33044				2
2025.04.23	00:43:18.727	1.33062				2
2025.04.23	00:43:19.407	1.33044				2
2025.04.23	00:43:20.151	1.33063				2
2025.04.23	00:43:20.718	1.33064				2
2025.04.23	00:43:21.050	1.33044	1.33164			6
2025.04.23	00:43:21.726	1.33063				2
2025.04.23	00:43:22.710	1.33044				2
2025.04.23	00:43:23.855	1.33064				2
2025.04.23	00:43:25.313	1.33063				2
2025.04.23	00:43:26.289	1.33044	1.33162			6
2025.04.23	00:43:26.601	1.33056				2
2025.04.23	00:43:28.755		1.33164			4
2025.04.23	00:43:37.405		1.33162			4
2025.04.23	00:43:38.007	1.33033				2
2025.04.23	00:43:57.505	1.33062				2
2025.04.23	00:44:00.345	1.33062				2
2025.04.23	00:44:00.819		1.33164			4
2025.04.23	00:44:04.511		1.33162			4
2025.04.23	00:44:04.816	1.33066				2
2025.04.23	00:44:07.895		1.33164			4
2025.04.23	00:44:37.906	1.33056				2
2025.04.23	00:44:49.603		1.33163			4
2025.04.23	00:44:50.521		1.33162			4
2025.04.23	00:44:56.661		1.33164			4
2025.04.23	00:45:00.860	1.33056				2
2025.04.23	00:45:02.160	1.33002	1.33168			6
2025.04.23	00:45:03.989		1.33166			4
2025.04.23	00:45:04.294	1.33056	1.33164			6
2025.04.23	00:45:08.938	1.33072	1.33148			6
2025.04.23	00:45:11.656		1.33147			4
2025.04.23	00:45:14.101		1.33145			4
2025.04.23	00:45:15.022		1.33148			4
2025.04.23	00:45:31.818	1.33062	1.33146			6
2025.04.23	00:45:32.128		1.33148			4
2025.04.23	00:45:37.333		1.33149			4
2025.04.23	00:45:47.147	1.33074	1.33184			6
2025.04.23	00:45:55.122		1.33172			4
2025.04.23	00:45:57.895		1.33167			4
2025.04.23	00:45:58.196		1.33163			4
2025.04.23	00:45:58.502		1.33165			4
2025.04.23	00:46:00.040	1.33074				2
2025.04.23	00:46:00.346		1.33163			4
2025.04.23	00:46:01.572		1.33164			4
2025.04.23	00:46:03.736		1.33168			4
2025.04.23	00:46:04.040		1.33167			4
2025.04.23	00:46:07.127		1.33160			4
2025.04.23	00:46:08.664		1.33159			4
2025.04.23	00:46:08.970		1.33158			4
2025.04.23	00:46:11.427		1.33171			4
2025.04.23	00:46:13.263		1.33162			4
2025.04.23	00:46:17.241	1.33069				2
2025.04.23	00:46:17.544		1.33161			4
2025.04.23	00:46:18.467		1.33164			4
2025.04.23	00:46:21.824		1.33169			4
2025.04.23	00:46:22.130		1.33168			4
2025.04.23	00:46:23.047		1.33169			4
2025.04.23	00:46:26.104		1.33168			4
2025.04.23	00:46:26.407		1.33154			4
2025.04.23	00:46:28.234		1.33149			4
2025.04.23	00:46:29.461		1.33151			4
2025.04.23	00:46:35.868		1.33150			4
2025.04.23	00:46:36.484		1.33164			4
2025.04.23	00:46:38.616	1.33075	1.33173			6
2025.04.23	00:46:41.356		1.33171			4
2025.04.23	00:46:41.967		1.33173			4
2025.04.23	00:46:42.274		1.33165			4
2025.04.23	00:46:42.578		1.33166			4
2025.04.23	00:46:43.801	1.33069	1.33173			6
2025.04.23	00:46:52.651		1.33171			4
2025.04.23	00:46:53.259		1.33172			4
2025.04.23	00:46:53.868		1.33167			4
2025.04.23	00:46:54.173		1.33173			4
2025.04.23	00:46:57.828	1.33066	1.33145			6
2025.04.23	00:47:00.254	1.33066				2
2025.04.23	00:47:02.082	1.33046				2
2025.04.23	00:47:03.304		1.33182			4
2025.04.23	00:47:04.543	1.33066	1.33173			6
2025.04.23	00:47:09.736	1.33062	1.33168			6
2025.04.23	00:47:10.040	1.33065				2
2025.04.23	00:47:13.725		1.33169			4
2025.04.23	00:47:14.955		1.33168			4
2025.04.23	00:47:16.496		1.33166			4
2025.04.23	00:47:17.111		1.33155			4
2025.04.23	00:47:17.420		1.33156			4
2025.04.23	00:47:19.555		1.33163			4
2025.04.23	00:47:20.165		1.33161			4
2025.04.23	00:47:20.773		1.33162			4
2025.04.23	00:47:21.076		1.33160			4
2025.04.23	00:47:21.385		1.33159			4
2025.04.23	00:47:21.698		1.33160			4
2025.04.23	00:47:22.005		1.33161			4
2025.04.23	00:47:22.312		1.33160			4
2025.04.23	00:47:22.613		1.33150			4
2025.04.23	00:47:24.757		1.33157			4
2025.04.23	00:47:25.062		1.33158			4
2025.04.23	00:47:25.368		1.33159			4
2025.04.23	00:47:25.980	1.33094	1.33160			6
2025.04.23	00:47:26.904		1.33158			4
2025.04.23	00:47:27.522	1.33079	1.33160			6
2025.04.23	00:47:27.831		1.33157			4
2025.04.23	00:47:28.453	1.33072				2
2025.04.23	00:47:28.760		1.33164			4
2025.04.23	00:47:29.377		1.33166			4
2025.04.23	00:47:29.996		1.33164			4
2025.04.23	00:47:31.847		1.33165			4
2025.04.23	00:47:32.765		1.33164			4
2025.04.23	00:47:33.072		1.33165			4
2025.04.23	00:47:34.609		1.33161			4
2025.04.23	00:47:34.916		1.33162			4
2025.04.23	00:47:39.537		1.33161			4
2025.04.23	00:47:40.768		1.33160			4
2025.04.23	00:47:41.080		1.33143			4
2025.04.23	00:47:47.517		1.33142			4
2025.04.23	00:47:48.749		1.33160			4
2025.04.23	00:47:49.052		1.33147			4
2025.04.23	00:47:50.904		1.33146			4
2025.04.23	00:47:51.219		1.33148			4
2025.04.23	00:47:51.834		1.33149			4
2025.04.23	00:49:47.998	1.33039	1.33060			6
2025.04.23	00:49:51.031	1.32996	1.33025			6
2025.04.23	00:49:51.331	1.33007				2
2025.04.23	00:49:53.181	1.33004				2
2025.04.23	00:50:00.239	1.33004				2
2025.04.23	00:50:01.773	1.33013	1.33037			6
2025.04.23	00:50:03.309	1.33020	1.33061			6
2025.04.23	00:50:47.601	1.32982	1.33044			6
2025.04.23	00:51:00.223	1.32982				2
2025.04.23	00:51:47.602		1.33044			4
2025.04.23	00:52:00.221	1.32982				2
2025.04.23	00:52:39.580	1.32976				2
2025.04.23	00:52:47.872		1.33044			4
2025.04.23	00:52:54.937		1.33041			4
2025.04.23	00:52:55.248		1.33035			4
2025.04.23	00:52:57.397		1.33034			4
2025.04.23	00:53:00.168	1.32976	1.33037			6
2025.04.23	00:53:00.477		1.33035			4
2025.04.23	00:53:01.402		1.33038			4
2025.04.23	00:53:06.637		1.33044			4
2025.04.23	00:53:30.619		1.33043			4
2025.04.23	00:53:32.770		1.33044			4
2025.04.23	00:53:33.072		1.33043			4
2025.04.23	00:53:33.383		1.33041			4
2025.04.23	00:53:33.691		1.33043			4
2025.04.23	00:53:37.386		1.33041			4
2025.04.23	00:53:37.691		1.33043			4
2025.04.23	00:53:41.091		1.33044			4
2025.04.23	00:53:58.548		1.33042			4
2025.04.23	00:53:58.855		1.33040			4
2025.04.23	00:54:00.077	1.32976				2
2025.04.23	00:54:01.622		1.33039			4
2025.04.23	00:54:03.468		1.33038			4
2025.04.23	00:54:03.776		1.33040			4
2025.04.23	00:54:04.084		1.33041			4
2025.04.23	00:54:07.160		1.33044			4
2025.04.23	00:54:15.789		1.33037			4
2025.04.23	00:54:16.096		1.33044			4
2025.04.23	00:54:19.479		1.33041			4
2025.04.23	00:54:21.634		1.33039			4
2025.04.23	00:54:22.556		1.33040			4
2025.04.23	00:54:27.782		1.33041			4
2025.04.23	00:54:28.710		1.33040			4
2025.04.23	00:54:29.018		1.33039			4
2025.04.23	00:54:29.324		1.33041			4
2025.04.23	00:54:30.860		1.33040			4
2025.04.23	00:54:32.711		1.33035			4
2025.04.23	00:54:33.317		1.33033			4
2025.04.23	00:54:37.320		1.33034			4
2025.04.23	00:54:39.458	1.32977				2
2025.04.23	00:54:41.293		1.33043			4
2025.04.23	00:54:44.045		1.33042			4
2025.04.23	00:54:44.961		1.33040			4
2025.04.23	00:54:47.718		1.33034			4
2025.04.23	00:54:50.164		1.33033			4
2025.04.23	00:54:55.394		1.33043			4
2025.04.23	00:54:55.707		1.33041			4
2025.04.23	00:54:56.009		1.33036			4
2025.04.23	00:54:56.622		1.33035			4
2025.04.23	00:54:58.771		1.33039			4
2025.04.23	00:54:59.084		1.33040			4
2025.04.23	00:55:00.001	1.32977				2
2025.04.23	00:55:02.158		1.33032			4
2025.04.23	00:55:02.464		1.33034			4
2025.04.23	00:55:03.689		1.33035			4
2025.04.23	00:55:03.997		1.33034			4
2025.04.23	00:55:04.301		1.33033			4
2025.04.23	00:55:04.921		1.33034			4
2025.04.23	00:55:05.228		1.33039			4
2025.04.23	00:55:05.532		1.33035			4
2025.04.23	00:55:07.074		1.33038			4
2025.04.23	00:55:07.380		1.33037			4
2025.04.23	00:55:07.996		1.33035			4
2025.04.23	00:55:08.606		1.33034			4
2025.04.23	00:55:08.916		1.33033			4
2025.04.23	00:55:09.839		1.33034			4
2025.04.23	00:55:12.305		1.33033			4
2025.04.23	00:55:15.691	1.32953				2
2025.04.23	00:55:16.921		1.33036			4
2025.04.23	00:55:20.616		1.33035			4
2025.04.23	00:55:21.229		1.33034			4
2025.04.23	00:55:23.387		1.33033			4
2025.04.23	00:55:23.700		1.33039			4
2025.04.23	00:55:24.620		1.33041			4
2025.04.23	00:55:25.549		1.33039			4
2025.04.23	00:55:25.852		1.33040			4
2025.04.23	00:55:26.462		1.33041			4
2025.04.23	00:55:27.081		1.33034			4
2025.04.23	00:55:27.391		1.33033			4
2025.04.23	00:55:27.693		1.33032			4
2025.04.23	00:55:28.315		1.33033			4
2025.04.23	00:55:32.313		1.33032			4
2025.04.23	00:55:35.694		1.33035			4
2025.04.23	00:55:37.230		1.33034			4
2025.04.23	00:55:38.154		1.33032			4
2025.04.23	00:55:39.379		1.33031			4
2025.04.23	00:55:39.685		1.33032			4
2025.04.23	00:55:39.995		1.33033			4
2025.04.23	00:55:41.524		1.33039			4
2025.04.23	00:55:43.657		1.33038			4
2025.04.23	00:55:44.270		1.33037			4
2025.04.23	00:55:44.577		1.33032			4
2025.04.23	00:55:47.933		1.33031			4
2025.04.23	00:55:48.544		1.33030			4
2025.04.23	00:55:48.851		1.33031			4
2025.04.23	00:55:49.153		1.33030			4
2025.04.23	00:55:51.296		1.33029			4
2025.04.23	00:55:53.745		1.33031			4
2025.04.23	00:55:56.802		1.33030			4
2025.04.23	00:55:57.110		1.33029			4
2025.04.23	00:56:00.172	1.32953				2
2025.04.23	00:56:03.864		1.33030			4
2025.04.23	00:56:11.557		1.33034			4
2025.04.23	00:56:11.862		1.33030			4
2025.04.23	00:56:12.786		1.33036			4
2025.04.23	00:56:14.639		1.33031			4
2025.04.23	00:56:16.487		1.33036			4
2025.04.23	00:56:17.103		1.33044			4
2025.04.23	00:56:17.405		1.33040			4
2025.04.23	00:56:17.718		1.33044			4
2025.04.23	00:56:18.639		1.33043			4
2025.04.23	00:56:18.945		1.33044			4
2025.04.23	00:56:19.878		1.33036			4
2025.04.23	00:56:20.179		1.33035			4
2025.04.23	00:56:20.796		1.33034			4
2025.04.23	00:56:21.109		1.33037			4
2025.04.23	00:56:21.415		1.33034			4
2025.04.23	00:56:22.335		1.33036			4
2025.04.23	00:56:22.946		1.33034			4
2025.04.23	00:56:23.559		1.33036			4
2025.04.23	00:56:24.482		1.33037			4
2025.04.23	00:56:27.567		1.33036			4
2025.04.23	00:56:31.879		1.33035			4
2025.04.23	00:56:33.108		1.33033			4
2025.04.23	00:56:33.412		1.33037			4
2025.04.23	00:56:34.333		1.33035			4
2025.04.23	00:56:34.649		1.33036			4
2025.04.23	00:56:35.866		1.33039			4
2025.04.23	00:56:36.181		1.33036			4
2025.04.23	00:56:37.099		1.33039			4
2025.04.23	00:56:37.402		1.33036			4
2025.04.23	00:56:37.719		1.33034			4
2025.04.23	00:56:38.021		1.33038			4
2025.04.23	00:56:38.633	1.32942				2
2025.04.23	00:56:39.242		1.33039			4
2025.04.23	00:56:39.548		1.33036			4
2025.04.23	00:56:43.223		1.33034			4
2025.04.23	00:56:43.531		1.33033			4
2025.04.23	00:56:43.835		1.33028			4
2025.04.23	00:56:44.759		1.33027			4
2025.04.23	00:56:45.065		1.33028			4
2025.04.23	00:56:50.566		1.33027			4
2025.04.23	00:56:51.174		1.33025			4
2025.04.23	00:56:52.403		1.33028			4
2025.04.23	00:56:54.227		1.33025			4
2025.04.23	00:56:55.146		1.33024			4
2025.04.23	00:56:56.367		1.33023			4
2025.04.23	00:56:57.288		1.33022			4
2025.04.23	00:56:58.209		1.33021			4
2025.04.23	00:56:59.737	1.32941				2
2025.04.23	00:57:00.045	1.32941	1.33019			6
2025.04.23	00:57:00.959		1.33018			4
2025.04.23	00:57:06.475	1.32949	1.33019			6
2025.04.23	00:57:06.784		1.33018			4
2025.04.23	00:57:08.631		1.33020			4
2025.04.23	00:57:08.940		1.33018			4
2025.04.23	00:57:10.483		1.33017			4
2025.04.23	00:57:12.323		1.33016			4
2025.04.23	00:57:12.633		1.33018			4
2025.04.23	00:57:12.942		1.33015			4
2025.04.23	00:57:13.866		1.33017			4
2025.04.23	00:57:16.324		1.33015			4
2025.04.23	00:57:19.410		1.33014			4
2025.04.23	00:57:19.715		1.33016			4
2025.04.23	00:57:20.329		1.33015			4
2025.04.23	00:57:20.635		1.33016			4
2025.04.23	00:57:21.255		1.33013			4
2025.04.23	00:57:21.559		1.33012			4
2025.04.23	00:57:21.865		1.33010			4
2025.04.23	00:57:22.174		1.33012			4
2025.04.23	00:57:23.707		1.33013			4
2025.04.23	00:57:24.013		1.33016			4
2025.04.23	00:57:25.243		1.33017			4
2025.04.23	00:57:25.555	1.32950	1.33015			6
2025.04.23	00:57:25.864		1.33018			4
2025.04.23	00:57:26.171		1.33016			4
2025.04.23	00:57:26.789		1.33018			4
2025.04.23	00:57:27.092		1.33016			4
2025.04.23	00:57:27.707		1.33015			4
2025.04.23	00:57:29.862		1.33016			4
2025.04.23	00:57:34.494		1.33014			4
2025.04.23	00:57:34.798		1.33016			4
2025.04.23	00:57:40.362		1.33013			4
2025.04.23	00:57:40.672		1.33010			4
2025.04.23	00:57:40.982		1.33012			4
2025.04.23	00:57:41.909		1.33013			4
2025.04.23	00:57:44.369	1.32946	1.33016			6
2025.04.23	00:57:50.225		1.33017			4
2025.04.23	00:57:50.533		1.33016			4
2025.04.23	00:57:51.149		1.33018			4
2025.04.23	00:57:51.462		1.33016			4
2025.04.23	00:57:51.762		1.33018			4
2025.04.23	00:57:52.999		1.33020			4
2025.04.23	00:57:53.303		1.33018			4
2025.04.23	00:57:55.768		1.33019			4
2025.04.23	00:57:56.075		1.33010			4
2025.04.23	00:57:56.388		1.33015			4
2025.04.23	00:57:57.303		1.33017			4
2025.04.23	00:57:58.528		1.33016			4
2025.04.23	00:57:59.139		1.33019			4
2025.04.23	00:58:00.054	1.32946	1.33018			6
2025.04.23	00:58:00.974		1.33019			4
2025.04.23	00:58:02.502		1.33021			4
2025.04.23	00:58:03.732		1.33020			4
2025.04.23	00:58:04.039		1.33014			4
2025.04.23	00:58:04.350	1.32936	1.33016			6
2025.04.23	00:58:04.659		1.33014			4
2025.04.23	00:58:05.884	1.32944	1.33013			6
2025.04.23	00:58:06.197		1.33011			4
2025.04.23	00:58:09.863		1.33010			4
2025.04.23	00:58:10.479	1.32930	1.33018			6
2025.04.23	00:58:10.781	1.32939	1.33016			6
2025.04.23	00:58:11.711		1.33015			4
2025.04.23	00:58:12.626	1.32932				2
2025.04.23	00:58:14.453		1.33010			4
2025.04.23	00:58:15.066	1.32925				2
2025.04.23	00:58:15.374		1.33009			4
2025.04.23	00:58:15.682		1.33008			4
2025.04.23	00:58:16.599		1.33009			4
2025.04.23	00:58:19.369		1.33008			4
2025.04.23	00:58:20.296		1.33006			4
2025.04.23	00:58:21.524		1.33003			4
2025.04.23	00:58:23.065		1.33006			4
2025.04.23	00:58:24.303		1.33002			4
2025.04.23	00:58:24.607		1.32998			4
2025.04.23	00:58:25.516		1.32992			4
2025.04.23	00:58:25.821		1.33001			4
2025.04.23	00:58:26.133		1.32999			4
2025.04.23	00:58:26.439		1.33001			4
2025.04.23	00:58:30.440		1.33002			4
2025.04.23	00:58:31.977		1.33005			4
2025.04.23	00:58:35.663		1.33003			4
2025.04.23	00:58:36.588		1.33000			4
2025.04.23	00:58:38.432		1.32998			4
2025.04.23	00:58:38.741		1.32997			4
2025.04.23	00:58:40.589		1.32998			4
2025.04.23	00:58:43.364		1.32997			4
2025.04.23	00:58:45.822		1.32996			4
2025.04.23	00:58:46.127		1.33001			4
2025.04.23	00:58:46.446		1.33002			4
2025.04.23	00:58:46.750		1.32999			4
2025.04.23	00:58:48.907		1.32997			4
2025.04.23	00:58:49.212		1.33000			4
2025.04.23	00:58:49.524		1.33001			4
2025.04.23	00:58:50.131		1.33000			4
2025.04.23	00:58:51.361		1.33001			4
2025.04.23	00:58:51.667		1.33000			4
2025.04.23	00:58:52.277		1.32999			4
2025.04.23	00:58:52.897		1.33003			4
2025.04.23	00:58:53.813		1.33004			4
2025.04.23	00:58:54.738	1.32917	1.32999			6
2025.04.23	00:58:56.890		1.33001			4
2025.04.23	00:58:58.739		1.33004			4
2025.04.23	00:58:59.048		1.32998			4
2025.04.23	00:58:59.661		1.32997			4
2025.04.23	00:59:00.280	1.32917				2
2025.04.23	00:59:00.582		1.32998			4
2025.04.23	00:59:01.803		1.32996			4
2025.04.23	00:59:03.655		1.32995			4
2025.04.23	00:59:03.963		1.32993			4
2025.04.23	00:59:05.502		1.32992			4
2025.04.23	00:59:05.812		1.32993			4
2025.04.23	00:59:06.122		1.32991			4
2025.04.23	00:59:07.039		1.32989			4
2025.04.23	00:59:07.655		1.32990			4
2025.04.23	00:59:09.195		1.32988			4
2025.04.23	00:59:11.040		1.32987			4
2025.04.23	00:59:12.273		1.32985			4
2025.04.23	00:59:15.653		1.32984			4
2025.04.23	00:59:17.809		1.32986			4
2025.04.23	00:59:19.040	1.32907	1.32992			6
2025.04.23	00:59:19.346		1.32989			4
2025.04.23	00:59:20.268		1.32988			4
2025.04.23	00:59:23.962		1.32990			4
2025.04.23	00:59:24.270		1.32986			4
2025.04.23	00:59:24.572		1.32985			4
2025.04.23	00:59:25.816		1.32986			4
2025.04.23	00:59:26.741		1.32985			4
2025.04.23	00:59:29.516		1.32984			4
2025.04.23	00:59:31.671		1.32983			4
2025.04.23	00:59:33.209		1.32982			4
2025.04.23	00:59:33.516		1.32985			4
2025.04.23	00:59:33.822		1.32983			4
2025.04.23	00:59:38.751	1.32927	1.32985			6
2025.04.23	00:59:39.059	1.32925	1.32983			6
2025.04.23	00:59:39.975	1.32895	1.32979			6
2025.04.23	00:59:40.896		1.32983			4
2025.04.23	00:59:41.812		1.32982			4
2025.04.23	00:59:42.118		1.32980			4
2025.04.23	00:59:43.954		1.32981			4
2025.04.23	00:59:47.019		1.32982			4
2025.04.23	00:59:49.773		1.32984			4
2025.04.23	00:59:50.079		1.32981			4
2025.04.23	00:59:50.689		1.32984			4
2025.04.23	00:59:51.301		1.32982			4
2025.04.23	00:59:51.607		1.32981			4
2025.04.23	00:59:52.224		1.32978			4
2025.04.23	00:59:52.527		1.32979			4
2025.04.23	00:59:54.391		1.32981			4
2025.04.23	00:59:57.469		1.32980			4
2025.04.23	00:59:59.004	1.32918	1.32983			6
2025.04.23	00:59:59.310	1.32919	1.32979			6
2025.04.23	00:59:59.928	1.32923	1.32981			6
2025.04.23	01:00:00.234	1.32895	1.32993			6
2025.04.23	01:00:00.548	1.32897	1.33005			6
2025.04.23	01:00:00.850	1.32904	1.32992			6
2025.04.23	01:00:01.156		1.32995			4
2025.04.23	01:00:01.470	1.32906	1.32985			6
2025.04.23	01:00:01.776		1.32981			4
2025.04.23	01:00:02.083		1.32976			4
2025.04.23	01:00:02.396		1.32982			4
2025.04.23	01:00:02.700		1.32972			4
2025.04.23	01:00:03.003		1.32990			4
2025.04.23	01:00:03.312		1.32977			4
2025.04.23	01:00:03.623		1.32978			4
2025.04.23	01:00:03.928		1.32981			4
2025.04.23	01:00:04.241		1.32980			4
2025.04.23	01:00:04.856		1.32981			4
2025.04.23	01:00:05.166		1.32978			4
2025.04.23	01:00:05.478		1.32981			4
2025.04.23	01:00:05.782	1.32893	1.32975			6
2025.04.23	01:00:06.087		1.32982			4
2025.04.23	01:00:06.713		1.32983			4
2025.04.23	01:00:07.019		1.32979			4
2025.04.23	01:00:07.634		1.32976			4
2025.04.23	01:00:07.947		1.32978			4
2025.04.23	01:00:08.559		1.32977			4
2025.04.23	01:00:08.866		1.32979			4
2025.04.23	01:00:09.175		1.32973			4
2025.04.23	01:00:10.102		1.32976			4
2025.04.23	01:00:10.410		1.32975			4
2025.04.23	01:00:11.642		1.32977			4
2025.04.23	01:00:11.944		1.32975			4
2025.04.23	01:00:12.263		1.32974			4
2025.04.23	01:00:12.885		1.32979			4
2025.04.23	01:00:13.194		1.32978			4
2025.04.23	01:00:14.118		1.32971			4
2025.04.23	01:00:15.661	1.32890				2
2025.04.23	01:00:16.902		1.32978			4
2025.04.23	01:00:17.210		1.32967			4
2025.04.23	01:00:17.519		1.32968			4
2025.04.23	01:00:17.828		1.32972			4
2025.04.23	01:00:18.135		1.32969			4
2025.04.23	01:00:18.447		1.32963			4
2025.04.23	01:00:18.754		1.32969			4
2025.04.23	01:00:19.062		1.32966			4
2025.04.23	01:00:19.371		1.32968			4
2025.04.23	01:00:19.680		1.32971			4
2025.04.23	01:00:19.989		1.32966			4
2025.04.23	01:00:20.298		1.32975			4
2025.04.23	01:00:20.609		1.32979			4
2025.04.23	01:00:20.918		1.32970			4
2025.04.23	01:00:21.529		1.32961			4
2025.04.23	01:00:23.078	1.32906	1.32908			6
2025.04.23	01:00:23.383	1.32894	1.32905			6
2025.04.23	01:00:23.990		1.32904			4
2025.04.23	01:00:24.294	1.32892				2
2025.04.23	01:00:24.600		1.32903			4
2025.04.23	01:00:24.909	1.32883	1.32894			6
2025.04.23	01:00:25.222	1.32886	1.32899			6
2025.04.23	01:00:26.134	1.32882				2
2025.04.23	01:00:26.440		1.32903			4
2025.04.23	01:00:27.354		1.32899			4
2025.04.23	01:00:27.656	1.32884	1.32904			6
2025.04.23	01:00:28.581	1.32871	1.32894			6
2025.04.23	01:00:28.884	1.32873	1.32893			6
2025.04.23	01:00:30.106	1.32882	1.32889			6
2025.04.23	01:00:30.408		1.32892			4
2025.04.23	01:00:30.711	1.32887	1.32893			6
2025.04.23	01:00:31.321	1.32882	1.32888			6
2025.04.23	01:00:31.934	1.32883				2
2025.04.23	01:00:32.846	1.32875	1.32877			6
2025.04.23	01:00:33.150		1.32879			4
2025.04.23	01:00:33.452	1.32867	1.32868			6
2025.04.23	01:00:33.756	1.32862				2
2025.04.23	01:00:34.361	1.32857	1.32864			6
2025.04.23	01:00:34.663	1.32849	1.32868			6
2025.04.23	01:00:34.965	1.32852	1.32874			6
2025.04.23	01:00:35.268	1.32851				2
2025.04.23	01:00:35.570	1.32858	1.32873			6
2025.04.23	01:00:35.876	1.32849	1.32864			6
2025.04.23	01:00:36.179		1.32863			4
2025.04.23	01:00:36.787		1.32868			4
2025.04.23	01:00:37.089		1.32867			4
2025.04.23	01:00:37.708	1.32822	1.32834			6
2025.04.23	01:00:38.017	1.32835	1.32838			6
2025.04.23	01:00:38.625	1.32815	1.32820			6
2025.04.23	01:00:38.928	1.32820	1.32822			6
2025.04.23	01:00:39.232		1.32827			4
2025.04.23	01:00:39.534	1.32822				2
2025.04.23	01:00:39.838	1.32827	1.32832			6
2025.04.23	01:00:40.143	1.32825	1.32827			6
2025.04.23	01:00:40.446	1.32772	1.32794			6
2025.04.23	01:00:40.750	1.32765	1.32792			6
2025.04.23	01:00:41.053	1.32771	1.32801			6
2025.04.23	01:00:41.357	1.32779	1.32793			6
2025.04.23	01:00:42.583		1.32798			4
2025.04.23	01:00:42.887	1.32780	1.32802			6
2025.04.23	01:00:44.412	1.32779				2
2025.04.23	01:00:45.639	1.32764	1.32783			6
2025.04.23	01:00:45.942		1.32782			4
2025.04.23	01:00:46.850		1.32787			4
2025.04.23	01:00:47.156		1.32788			4
2025.04.23	01:00:48.072		1.32795			4
2025.04.23	01:00:48.377	1.32761	1.32794			6
2025.04.23	01:00:48.994	1.32767	1.32773			6
2025.04.23	01:00:49.603	1.32765	1.32771			6
2025.04.23	01:00:49.906	1.32764	1.32770			6
2025.04.23	01:00:50.207	1.32766	1.32772			6
2025.04.23	01:00:50.513	1.32754	1.32774			6
2025.04.23	01:00:51.117	1.32761	1.32767			6
2025.04.23	01:00:52.956	1.32760	1.32775			6
2025.04.23	01:00:53.263	1.32749	1.32771			6
2025.04.23	01:00:53.872		1.32768			4
2025.04.23	01:00:54.175		1.32767			4
2025.04.23	01:00:55.389		1.32773			4
2025.04.23	01:00:55.694		1.32767			4
2025.04.23	01:00:56.613	1.32758	1.32764			6
2025.04.23	01:00:57.218	1.32756	1.32757			6
2025.04.23	01:00:57.521	1.32744	1.32750			6
2025.04.23	01:00:57.824	1.32743	1.32749			6
2025.04.23	01:01:00.286	1.32735	1.32741			6
2025.04.23	01:01:00.594	1.32738	1.32744			6
2025.04.23	01:01:00.889	1.32735	1.32741			6
2025.04.23	01:01:01.194	1.32733	1.32739			6
2025.04.23	01:01:01.501	1.32732	1.32738			6
2025.04.23	01:01:02.111	1.32733	1.32739			6
2025.04.23	01:01:02.419	1.32734	1.32740			6
2025.04.23	01:01:02.727	1.32731	1.32737			6
2025.04.23	01:01:03.028	1.32707	1.32713			6
2025.04.23	01:01:03.339	1.32708	1.32714			6
2025.04.23	01:01:03.640	1.32707	1.32713			6
2025.04.23	01:01:03.944	1.32706	1.32712			6
2025.04.23	01:01:04.556	1.32708	1.32714			6
2025.04.23	01:01:04.861	1.32703	1.32709			6
2025.04.23	01:01:05.468	1.32704	1.32710			6
2025.04.23	01:01:06.395		1.32708			4
2025.04.23	01:01:06.701	1.32703	1.32709			6
2025.04.23	01:01:07.307	1.32706	1.32729			6
2025.04.23	01:01:07.611	1.32714	1.32720			6
2025.04.23	01:01:07.917	1.32713	1.32719			6
2025.04.23	01:01:08.224	1.32714	1.32720			6
2025.04.23	01:01:08.528	1.32715	1.32721			6
2025.04.23	01:01:09.445	1.32714	1.32733			6
2025.04.23	01:01:10.061	1.32716	1.32722			6
2025.04.23	01:01:10.365	1.32714	1.32733			6
2025.04.23	01:01:11.293	1.32725	1.32727			6
2025.04.23	01:01:11.603	1.32728	1.32734			6
2025.04.23	01:01:12.219	1.32729	1.32735			6
2025.04.23	01:01:12.521	1.32730	1.32736			6
2025.04.23	01:01:12.825	1.32741	1.32747			6
2025.04.23	01:01:13.128	1.32739	1.32745			6
2025.04.23	01:01:13.435	1.32743	1.32749			6
2025.04.23	01:01:13.739	1.32699	1.32705			6
2025.04.23	01:01:14.041	1.32712	1.32718			6
2025.04.23	01:01:14.660	1.32713	1.32719			6
2025.04.23	01:01:14.974	1.32712	1.32718			6
2025.04.23	01:01:15.277	1.32717	1.32723			6
2025.04.23	01:01:15.581	1.32709	1.32715			6
2025.04.23	01:01:16.805	1.32708	1.32714			6
2025.04.23	01:01:17.109	1.32706	1.32712			6
2025.04.23	01:01:18.334	1.32705	1.32711			6
2025.04.23	01:01:18.638	1.32707	1.32713			6
2025.04.23	01:01:19.566	1.32697	1.32703			6
2025.04.23	01:01:19.868	1.32688	1.32694			6
2025.04.23	01:01:20.476	1.32699	1.32705			6
2025.04.23	01:01:21.689	1.32705	1.32711			6
2025.04.23	01:01:22.302	1.32651	1.32652			6
2025.04.23	01:01:22.603	1.32660	1.32666			6
2025.04.23	01:01:22.916	1.32661	1.32667			6
2025.04.23	01:01:26.274	1.32668	1.32674			6
2025.04.23	01:01:27.185	1.32669	1.32675			6
2025.04.23	01:01:28.400	1.32656	1.32682			6
2025.04.23	01:01:29.317	1.32663				2
2025.04.23	01:01:29.938	1.32656				2
2025.04.23	01:01:30.242	1.32655	1.32683			6
2025.04.23	01:01:30.542	1.32667	1.32673			6
2025.04.23	01:01:30.846	1.32656	1.32686			6
2025.04.23	01:01:31.760	1.32667	1.32673			6
2025.04.23	01:01:32.061	1.32656	1.32686			6
2025.04.23	01:01:32.687	1.32655	1.32694			6
2025.04.23	01:01:33.294	1.32667	1.32673			6
2025.04.23	01:01:33.599	1.32653	1.32692			6
2025.04.23	01:01:34.224		1.32687			4
2025.04.23	01:01:35.137	1.32682	1.32688			6
2025.04.23	01:01:35.746	1.32681	1.32687			6
2025.04.23	01:01:36.054	1.32683	1.32689			6
2025.04.23	01:01:37.272	1.32698	1.32704			6
2025.04.23	01:01:37.879	1.32684	1.32690			6
2025.04.23	01:01:38.489	1.32663	1.32669			6
2025.04.23	01:01:40.645	1.32661	1.32667			6
2025.04.23	01:01:40.951	1.32660	1.32666			6
2025.04.23	01:01:41.258	1.32653	1.32667			6
2025.04.23	01:01:41.870	1.32660	1.32690			6
2025.04.23	01:01:43.087		1.32686			4
2025.04.23	01:01:44.617		1.32690			4
2025.04.23	01:01:45.231	1.32662				2
2025.04.23	01:01:46.458	1.32663				2
2025.04.23	01:01:50.442	1.32664	1.32696			6
2025.04.23	01:01:51.358		1.32695			4
2025.04.23	01:01:51.977	1.32665	1.32696			6
2025.04.23	01:01:55.657	1.32666				2
2025.04.23	01:01:55.963		1.32699			4
2025.04.23	01:01:56.887	1.32667				2
2025.04.23	01:01:57.190	1.32675				2
2025.04.23	01:02:00.249	1.32699	1.32728			6
2025.04.23	01:02:01.176	1.32702				2
2025.04.23	01:02:01.792	1.32706	1.32730			6
2025.04.23	01:02:02.710	1.32704				2
2025.04.23	01:02:05.463	1.32705	1.32733			6
2025.04.23	01:02:05.769		1.32732			4
2025.04.23	01:02:06.074		1.32731			4
2025.04.23	01:02:08.520		1.32730			4
2025.04.23	01:02:08.830		1.32735			4
2025.04.23	01:02:09.136	1.32708	1.32739			6
2025.04.23	01:02:11.581		1.32741			4
2025.04.23	01:02:11.886	1.32714	1.32743			6
2025.04.23	01:02:12.804	1.32713				2
2025.04.23	01:02:14.035	1.32715				2
2025.04.23	01:02:14.958	1.32719				2
2025.04.23	01:02:16.787	1.32718				2
2025.04.23	01:02:17.097	1.32719				2
2025.04.23	01:02:18.014	1.32726	1.32747			6
2025.04.23	01:02:18.318		1.32745			4
2025.04.23	01:02:20.155	1.32739	1.32754			6
2025.04.23	01:02:20.458	1.32742				2
2025.04.23	01:02:22.903	1.32743				2
2025.04.23	01:02:23.814	1.32742				2
2025.04.23	01:02:24.424	1.32754	1.32767			6
2025.04.23	01:02:24.727	1.32752				2
2025.04.23	01:02:25.031	1.32753	1.32758			6
2025.04.23	01:02:25.340	1.32752	1.32767			6
2025.04.23	01:02:25.652	1.32753	1.32758			6
2025.04.23	01:02:26.260	1.32752	1.32767			6
2025.04.23	01:02:27.497	1.32753	1.32758			6
2025.04.23	01:02:27.800	1.32733	1.32741			6
2025.04.23	01:02:28.421	1.32731				2
2025.04.23	01:02:29.958	1.32742	1.32747			6
2025.04.23	01:02:30.262	1.32738	1.32743			6
2025.04.23	01:02:31.780	1.32737	1.32750			6
2025.04.23	01:02:32.088	1.32736				2
2025.04.23	01:02:32.393	1.32735				2
2025.04.23	01:02:33.003	1.32736				2
2025.04.23	01:02:33.305	1.32737	1.32759			6
2025.04.23	01:02:34.538	1.32736				2
2025.04.23	01:02:36.680	1.32735				2
2025.04.23	01:02:36.983	1.32734				2
2025.04.23	01:02:37.903	1.32733				2
2025.04.23	01:02:38.209	1.32742	1.32747			6
2025.04.23	01:02:38.815	1.32734	1.32759			6
2025.04.23	01:02:39.117	1.32732				2
2025.04.23	01:02:39.727	1.32740				2
2025.04.23	01:02:40.028	1.32741				2
2025.04.23	01:02:40.646	1.32740				2
2025.04.23	01:02:40.958	1.32735				2
2025.04.23	01:02:42.178	1.32733				2
2025.04.23	01:02:43.408	1.32732				2
2025.04.23	01:02:43.715	1.32733	1.32764			6
2025.04.23	01:02:45.862	1.32737	1.32762			6
2025.04.23	01:02:46.168	1.32736	1.32763			6
2025.04.23	01:02:46.469	1.32738	1.32765			6
2025.04.23	01:02:46.777	1.32736				2
2025.04.23	01:02:47.088		1.32763			4
2025.04.23	01:02:47.698		1.32760			4
2025.04.23	01:02:48.005	1.32735	1.32757			6
2025.04.23	01:02:48.920	1.32736				2
2025.04.23	01:02:49.225		1.32756			4
2025.04.23	01:02:49.536		1.32758			4
2025.04.23	01:02:50.145	1.32735				2
2025.04.23	01:02:51.679	1.32739	1.32743			6
2025.04.23	01:02:53.821	1.32740	1.32744			6
2025.04.23	01:03:00.192	1.32740				2
2025.04.23	01:03:01.420	1.32742	1.32746			6
2025.04.23	01:03:02.967	1.32743	1.32747			6
2025.04.23	01:03:04.205	1.32744	1.32748			6
2025.04.23	01:03:04.508	1.32743	1.32747			6
2025.04.23	01:03:04.814	1.32753	1.32757			6
2025.04.23	01:03:05.429	1.32755	1.32759			6
2025.04.23	01:03:06.350	1.32743	1.32747			6
2025.04.23	01:03:06.653	1.32737	1.32741			6
2025.04.23	01:03:14.603	1.32735	1.32739			6
2025.04.23	01:03:15.207	1.32738	1.32742			6
2025.04.23	01:03:17.964	1.32736	1.32740			6
2025.04.23	01:03:18.274	1.32737	1.32741			6
2025.04.23	01:03:18.581	1.32738	1.32742			6
2025.04.23	01:03:18.884	1.32737	1.32741			6
2025.04.23	01:03:19.796	1.32736	1.32740			6
2025.04.23	01:03:20.404	1.32734	1.32738			6
2025.04.23	01:03:20.707	1.32718	1.32743			6
2025.04.23	01:03:21.929	1.32723	1.32727			6
2025.04.23	01:03:22.231	1.32724	1.32728			6
2025.04.23	01:03:25.280	1.32708	1.32732			6
2025.04.23	01:03:25.585	1.32707				2
2025.04.23	01:03:26.198	1.32708				2
2025.04.23	01:03:26.503	1.32706	1.32737			6
2025.04.23	01:03:26.806	1.32719	1.32723			6
2025.04.23	01:03:29.557	1.32717	1.32721			6
2025.04.23	01:03:30.168	1.32721	1.32725			6
2025.04.23	01:03:30.773	1.32720	1.32724			6
2025.04.23	01:03:31.690	1.32718	1.32722			6
2025.04.23	01:03:32.913	1.32720	1.32724			6
2025.04.23	01:03:33.222	1.32718	1.32722			6
2025.04.23	01:03:35.056	1.32717	1.32721			6
2025.04.23	01:03:35.363	1.32715	1.32719			6
2025.04.23	01:03:39.018	1.32714	1.32718			6
2025.04.23	01:03:39.325	1.32715	1.32719			6
2025.04.23	01:03:40.537	1.32714	1.32718			6
2025.04.23	01:03:43.291	1.32704	1.32708			6
2025.04.23	01:03:47.576	1.32705	1.32709			6
2025.04.23	01:03:47.882	1.32704	1.32708			6
2025.04.23	01:03:48.184	1.32705	1.32709			6
2025.04.23	01:03:48.486	1.32701	1.32705			6
2025.04.23	01:03:51.825	1.32698	1.32702			6
2025.04.23	01:03:52.430	1.32686	1.32690			6
2025.04.23	01:03:53.036	1.32682	1.32686			6
2025.04.23	01:03:53.343	1.32686	1.32690			6
2025.04.23	01:03:56.091	1.32688	1.32692			6
2025.04.23	01:03:57.009	1.32694	1.32698			6
2025.04.23	01:03:57.623	1.32689	1.32693			6
2025.04.23	01:03:57.924	1.32688	1.32692			6
2025.04.23	01:03:58.229	1.32689	1.32693			6
2025.04.23	01:03:59.148	1.32685	1.32689			6
2025.04.23	01:04:00.069	1.32686	1.32690			6
2025.04.23	01:04:00.374	1.32685	1.32689			6
2025.04.23	01:04:00.682	1.32687	1.32691			6
2025.04.23	01:04:00.988	1.32685	1.32689			6
2025.04.23	01:04:01.293	1.32684	1.32688			6
2025.04.23	01:04:02.214	1.32685	1.32689			6
2025.04.23	01:04:04.644	1.32686	1.32690			6
2025.04.23	01:04:05.258	1.32683	1.32687			6
2025.04.23	01:04:05.870	1.32682	1.32686			6
2025.04.23	01:04:07.716	1.32681	1.32685			6
2025.04.23	01:04:08.020	1.32680	1.32684			6
2025.04.23	01:04:08.327	1.32679	1.32683			6
2025.04.23	01:04:08.629	1.32665	1.32669			6
2025.04.23	01:04:10.160	1.32666	1.32670			6
2025.04.23	01:04:11.376	1.32664	1.32668			6
2025.04.23	01:04:11.980	1.32665	1.32669			6
2025.04.23	01:04:13.204	1.32664	1.32668			6
2025.04.23	01:04:13.821	1.32662	1.32666			6
2025.04.23	01:04:15.663	1.32659	1.32663			6
2025.04.23	01:04:18.994	1.32660	1.32664			6
2025.04.23	01:04:19.300	1.32659	1.32663			6
2025.04.23	01:04:19.604	1.32660	1.32664			6
2025.04.23	01:04:19.911	1.32659	1.32663			6
2025.04.23	01:04:20.523	1.32660	1.32664			6
2025.04.23	01:04:21.445	1.32661	1.32665			6
2025.04.23	01:04:21.747	1.32659	1.32663			6
2025.04.23	01:04:22.053	1.32660	1.32664			6
2025.04.23	01:04:22.356	1.32661	1.32665			6
2025.04.23	01:04:22.662	1.32658	1.32662			6
2025.04.23	01:04:26.312	1.32657	1.32661			6
2025.04.23	01:04:26.926	1.32658	1.32662			6
2025.04.23	01:04:27.541	1.32659	1.32663			6
2025.04.23	01:04:27.842	1.32658	1.32662			6
2025.04.23	01:04:29.378	1.32657	1.32661			6
2025.04.23	01:04:29.680	1.32658	1.32662			6
2025.04.23	01:04:31.805	1.32657	1.32661			6
2025.04.23	01:04:32.109	1.32660	1.32664			6
2025.04.23	01:04:34.541	1.32659	1.32663			6
2025.04.23	01:04:34.843	1.32658	1.32662			6
2025.04.23	01:04:35.145	1.32657	1.32661			6
2025.04.23	01:04:35.451	1.32655	1.32659			6
2025.04.23	01:04:36.057	1.32656	1.32660			6
2025.04.23	01:04:36.663	1.32655	1.32659			6
2025.04.23	01:04:36.965	1.32654	1.32658			6
2025.04.23	01:04:37.875	1.32656	1.32660			6
2025.04.23	01:04:39.707	1.32653	1.32657			6
2025.04.23	01:04:46.462	1.32654	1.32658			6
2025.04.23	01:04:48.919	1.32653	1.32657			6
2025.04.23	01:04:49.539	1.32652	1.32656			6
2025.04.23	01:04:49.846	1.32654	1.32658			6
2025.04.23	01:04:50.150	1.32652	1.32656			6
2025.04.23	01:04:50.455	1.32651	1.32655			6
2025.04.23	01:04:50.759	1.32652	1.32656			6
2025.04.23	01:04:51.075	1.32651	1.32655			6
2025.04.23	01:04:51.689	1.32650	1.32653			6
2025.04.23	01:04:52.600		1.32654			4
2025.04.23	01:04:52.904		1.32653			4
2025.04.23	01:04:53.206		1.32654			4
2025.04.23	01:04:53.814		1.32653			4
2025.04.23	01:04:54.424	1.32651				2
2025.04.23	01:04:54.726	1.32650	1.32652			6
2025.04.23	01:04:55.336	1.32651	1.32655			6
2025.04.23	01:04:55.640	1.32650	1.32654			6
2025.04.23	01:04:55.944		1.32653			4
2025.04.23	01:04:56.560		1.32654			4
2025.04.23	01:04:57.482	1.32651	1.32655			6
2025.04.23	01:04:59.925	1.32650	1.32654			6
2025.04.23	01:05:00.237	1.32657	1.32661			6
2025.04.23	01:05:00.541	1.32658	1.32662			6
2025.04.23	01:05:00.845	1.32667	1.32669			6
2025.04.23	01:05:01.753	1.32668				2
2025.04.23	01:05:02.058	1.32665				2
2025.04.23	01:05:02.969	1.32667	1.32671			6
2025.04.23	01:05:03.271	1.32668	1.32672			6
2025.04.23	01:05:03.577	1.32667	1.32671			6
2025.04.23	01:05:06.932	1.32666	1.32670			6
2025.04.23	01:05:07.539	1.32667	1.32671			6
2025.04.23	01:05:07.840	1.32668	1.32672			6
2025.04.23	01:05:08.147	1.32667	1.32671			6
2025.04.23	01:05:13.940	1.32671	1.32675			6
2025.04.23	01:05:16.372	1.32672	1.32676			6
2025.04.23	01:05:16.680	1.32670	1.32674			6
2025.04.23	01:05:16.992	1.32677	1.32681			6
2025.04.23	01:05:17.296	1.32678	1.32682			6
2025.04.23	01:05:17.603	1.32679	1.32683			6
2025.04.23	01:05:17.906	1.32678	1.32682			6
2025.04.23	01:05:18.209	1.32677	1.32681			6
2025.04.23	01:05:20.351	1.32678	1.32682			6
2025.04.23	01:05:20.654	1.32677	1.32681			6
2025.04.23	01:05:24.636	1.32672	1.32676			6
2025.04.23	01:05:24.942	1.32670	1.32674			6
2025.04.23	01:05:25.246	1.32671	1.32675			6
2025.04.23	01:05:25.553	1.32670	1.32674			6
2025.04.23	01:05:26.157	1.32668	1.32672			6
2025.04.23	01:05:26.469	1.32657	1.32661			6
2025.04.23	01:05:27.386	1.32656	1.32660			6
2025.04.23	01:05:27.689	1.32651	1.32655			6
2025.04.23	01:05:27.992	1.32652	1.32656			6
2025.04.23	01:05:28.603	1.32651	1.32654			6
2025.04.23	01:05:28.908	1.32650				2
2025.04.23	01:05:29.212	1.32651	1.32655			6
2025.04.23	01:05:30.118	1.32650	1.32654			6
2025.04.23	01:05:34.158	1.32653	1.32657			6
2025.04.23	01:05:34.772	1.32654	1.32658			6
2025.04.23	01:05:35.079	1.32660	1.32664			6
2025.04.23	01:05:35.689	1.32658	1.32662			6
2025.04.23	01:05:35.991	1.32659	1.32663			6
2025.04.23	01:05:36.604	1.32660	1.32664			6
2025.04.23	01:05:37.515	1.32661	1.32665			6
2025.04.23	01:05:39.030	1.32659	1.32663			6
2025.04.23	01:05:39.337	1.32660	1.32664			6
2025.04.23	01:05:39.649	1.32659	1.32663			6
2025.04.23	01:05:39.957	1.32661	1.32665			6
2025.04.23	01:05:40.262	1.32660	1.32664			6
2025.04.23	01:05:40.571	1.32659	1.32663			6
2025.04.23	01:05:40.876	1.32657	1.32661			6
2025.04.23	01:05:42.712	1.32658	1.32662			6
2025.04.23	01:05:43.016	1.32657	1.32661			6
2025.04.23	01:05:43.620	1.32660	1.32662			6
2025.04.23	01:05:43.925	1.32657	1.32661			6
2025.04.23	01:05:45.136	1.32654	1.32658			6
2025.04.23	01:05:45.436	1.32655	1.32659			6
2025.04.23	01:05:46.045	1.32652	1.32656			6
2025.04.23	01:05:47.871	1.32651	1.32655			6
2025.04.23	01:05:48.180	1.32647	1.32651			6
2025.04.23	01:05:48.787	1.32646	1.32650			6
2025.04.23	01:05:49.396	1.32644	1.32648			6
2025.04.23	01:05:49.698	1.32634	1.32638			6
2025.04.23	01:05:50.008	1.32636	1.32640			6
2025.04.23	01:05:50.313	1.32634	1.32638			6
2025.04.23	01:05:50.924	1.32625	1.32629			6
2025.04.23	01:05:51.227	1.32623	1.32627			6
2025.04.23	01:05:53.060	1.32613	1.32617			6
2025.04.23	01:05:53.672	1.32593	1.32596			6
2025.04.23	01:05:53.974	1.32592				2
2025.04.23	01:05:54.884	1.32593	1.32597			6
2025.04.23	01:05:55.186	1.32591	1.32595			6
2025.04.23	01:05:55.489		1.32596			4
2025.04.23	01:05:55.796	1.32594	1.32599			6
2025.04.23	01:05:56.708	1.32593	1.32598			6
2025.04.23	01:05:58.553	1.32594				2
2025.04.23	01:05:58.862	1.32598	1.32603			6
2025.04.23	01:06:00.088	1.32598				2
2025.04.23	01:06:01.622	1.32628	1.32631			6
2025.04.23	01:06:01.940	1.32624	1.32629			6
2025.04.23	01:06:02.862		1.32628			4
2025.04.23	01:06:03.163		1.32629			4
2025.04.23	01:06:03.477	1.32619	1.32624			6
2025.04.23	01:06:05.308	1.32623	1.32628			6
2025.04.23	01:06:05.618	1.32620	1.32625			6
2025.04.23	01:06:06.231	1.32608	1.32613			6
2025.04.23	01:06:06.847	1.32609	1.32614			6
2025.04.23	01:06:07.767		1.32613			4
2025.04.23	01:06:08.996		1.32614			4
2025.04.23	01:06:09.299	1.32614	1.32619			6
2025.04.23	01:06:09.908	1.32613	1.32618			6
2025.04.23	01:06:10.224	1.32615	1.32620			6
2025.04.23	01:06:10.531	1.32616	1.32621			6
2025.04.23	01:06:10.838	1.32615	1.32620			6
2025.04.23	01:06:12.371	1.32616	1.32621			6
2025.04.23	01:06:12.982	1.32615	1.32620			6
2025.04.23	01:06:13.289	1.32616				2
2025.04.23	01:06:13.602	1.32604	1.32607			6
2025.04.23	01:06:13.905		1.32608			4
2025.04.23	01:06:14.211		1.32607			4
2025.04.23	01:06:14.513		1.32608			4
2025.04.23	01:06:14.819		1.32607			4
2025.04.23	01:06:15.140		1.32608			4
2025.04.23	01:06:17.607		1.32609			4
2025.04.23	01:06:19.132	1.32594	1.32599			6
2025.04.23	01:06:19.443	1.32596	1.32600			6
2025.04.23	01:06:20.660	1.32609	1.32611			6
2025.04.23	01:06:20.969		1.32613			4
2025.04.23	01:06:21.283	1.32608				2
2025.04.23	01:06:23.430	1.32607	1.32612			6
2025.04.23	01:06:24.659	1.32606	1.32611			6
2025.04.23	01:06:24.962	1.32607	1.32612			6
2025.04.23	01:06:25.263	1.32613	1.32618			6
2025.04.23	01:06:25.565	1.32614	1.32619			6
2025.04.23	01:06:28.342	1.32615				2
2025.04.23	01:06:28.968	1.32616	1.32621			6
2025.04.23	01:06:29.269	1.32609	1.32614			6
2025.04.23	01:06:32.350	1.32605	1.32610			6
2025.04.23	01:06:33.573	1.32595	1.32600			6
2025.04.23	01:06:33.876	1.32602	1.32607			6
2025.04.23	01:06:35.109	1.32598	1.32603			6
2025.04.23	01:06:35.417	1.32599	1.32604			6
2025.04.23	01:06:38.792	1.32604	1.32609			6
2025.04.23	01:06:39.097	1.32603	1.32608			6
2025.04.23	01:06:40.315	1.32609	1.32614			6
2025.04.23	01:06:40.624	1.32606	1.32611			6
2025.04.23	01:06:40.939	1.32608	1.32613			6
2025.04.23	01:06:41.245	1.32609	1.32614			6
2025.04.23	01:06:44.310	1.32608	1.32613			6
2025.04.23	01:06:45.231	1.32609	1.32614			6
2025.04.23	01:06:45.543	1.32608	1.32613			6
2025.04.23	01:06:45.847	1.32609	1.32614			6
2025.04.23	01:06:46.151	1.32618	1.32623			6
2025.04.23	01:06:46.459	1.32629	1.32630			6
2025.04.23	01:06:46.764		1.32633			4
2025.04.23	01:06:47.386	1.32639	1.32644			6
2025.04.23	01:06:48.618	1.32629	1.32634			6
2025.04.23	01:06:49.231	1.32631	1.32636			6
2025.04.23	01:06:50.156	1.32623	1.32628			6
2025.04.23	01:06:50.463	1.32622	1.32627			6
2025.04.23	01:06:51.695	1.32625	1.32630			6
2025.04.23	01:06:51.997	1.32624	1.32629			6
2025.04.23	01:06:52.611	1.32629	1.32634			6
2025.04.23	01:06:55.071	1.32636	1.32638			6
2025.04.23	01:06:55.377	1.32631	1.32636			6
2025.04.23	01:06:55.986	1.32637	1.32642			6
2025.04.23	01:06:56.295	1.32632	1.32637			6
2025.04.23	01:06:57.221	1.32633	1.32638			6
2025.04.23	01:06:57.525	1.32632	1.32637			6
2025.04.23	01:07:00.291	1.32632				2
2025.04.23	01:07:00.599	1.32636	1.32641			6
2025.04.23	01:07:01.521	1.32640	1.32645			6
2025.04.23	01:07:02.145	1.32641	1.32646			6
2025.04.23	01:07:03.370	1.32642	1.32647			6
2025.04.23	01:07:03.685	1.32645	1.32648			6
2025.04.23	01:07:03.991	1.32642	1.32647			6
2025.04.23	01:07:05.525	1.32638				2
2025.04.23	01:07:05.829		1.32648			4
2025.04.23	01:07:07.370		1.32647			4
2025.04.23	01:07:08.594	1.32644	1.32648			6
2025.04.23	01:07:09.212	1.32638	1.32649			6
2025.04.23	01:07:09.525		1.32650			4
2025.04.23	01:07:09.834	1.32642	1.32647			6
2025.04.23	01:07:11.651	1.32644	1.32649			6
2025.04.23	01:07:13.515	1.32638	1.32650			6
2025.04.23	01:07:14.431		1.32648			4
2025.04.23	01:07:15.349	1.32644				2
2025.04.23	01:07:16.264	1.32638				2
2025.04.23	01:07:16.575		1.32647			4
2025.04.23	01:07:16.881		1.32648			4
2025.04.23	01:07:17.801	1.32642	1.32647			6
2025.04.23	01:07:19.026	1.32644	1.32649			6
2025.04.23	01:07:19.330	1.32642	1.32647			6
2025.04.23	01:07:19.938	1.32643	1.32648			6
2025.04.23	01:07:20.242	1.32642	1.32646			6
2025.04.23	01:07:20.854	1.32644	1.32648			6
2025.04.23	01:07:21.471	1.32643	1.32647			6
2025.04.23	01:07:22.386	1.32642	1.32646			6
2025.04.23	01:07:23.293	1.32643	1.32647			6
2025.04.23	01:07:24.521	1.32638	1.32648			6
2025.04.23	01:07:24.833	1.32640	1.32644			6
2025.04.23	01:07:25.145	1.32642	1.32646			6
2025.04.23	01:07:26.065	1.32640	1.32644			6
2025.04.23	01:07:26.369	1.32642	1.32646			6
2025.04.23	01:07:27.593	1.32640	1.32644			6
2025.04.23	01:07:29.727	1.32641	1.32645			6
2025.04.23	01:07:30.029	1.32642	1.32646			6
2025.04.23	01:07:30.939	1.32643	1.32647			6
2025.04.23	01:07:32.155	1.32642	1.32646			6
2025.04.23	01:07:33.368	1.32643	1.32647			6
2025.04.23	01:07:36.099		1.32646			4
2025.04.23	01:07:39.135		1.32647			4
2025.04.23	01:07:39.441		1.32645			4
2025.04.23	01:07:39.742	1.32641				2
2025.04.23	01:07:42.172	1.32634	1.32638			6
2025.04.23	01:07:42.479	1.32635	1.32639			6
2025.04.23	01:07:42.793	1.32637	1.32641			6
2025.04.23	01:07:43.096	1.32638	1.32642			6
2025.04.23	01:07:44.320	1.32643	1.32645			6
2025.04.23	01:07:47.373		1.32646			4
2025.04.23	01:07:49.812	1.32646	1.32647			6
2025.04.23	01:07:50.123	1.32647	1.32648			6
2025.04.23	01:07:50.426	1.32651	1.32652			6
2025.04.23	01:07:51.943	1.32652	1.32653			6
2025.04.23	01:07:53.176	1.32658	1.32659			6
2025.04.23	01:07:53.482	1.32668	1.32669			6
2025.04.23	01:07:53.785	1.32681	1.32685			6
2025.04.23	01:07:55.301	1.32685	1.32690			6
2025.04.23	01:07:55.910	1.32686	1.32691			6
2025.04.23	01:07:57.430	1.32680	1.32685			6
2025.04.23	01:08:00.172	1.32680				2
2025.04.23	01:08:00.789	1.32670	1.32675			6
2025.04.23	01:08:01.094	1.32669	1.32674			6
2025.04.23	01:08:02.002	1.32670	1.32675			6
2025.04.23	01:08:02.612	1.32669	1.32674			6
2025.04.23	01:08:10.265		1.32673			4
2025.04.23	01:08:11.492	1.32668	1.32672			6
2025.04.23	01:08:11.796	1.32669	1.32673			6
2025.04.23	01:08:12.098	1.32678	1.32682			6
2025.04.23	01:08:12.404	1.32679	1.32683			6
2025.04.23	01:08:13.318		1.32684			4
2025.04.23	01:08:13.623	1.32680	1.32685			6
2025.04.23	01:08:14.240	1.32678	1.32683			6
2025.04.23	01:08:15.153	1.32677	1.32681			6
2025.04.23	01:08:15.762	1.32679	1.32683			6
2025.04.23	01:08:16.069	1.32680	1.32684			6
2025.04.23	01:08:20.718	1.32689	1.32693			6
2025.04.23	01:08:23.163	1.32680	1.32684			6
2025.04.23	01:08:24.377		1.32685			4
2025.04.23	01:08:25.296		1.32684			4
2025.04.23	01:08:25.600	1.32696	1.32700			6
2025.04.23	01:08:26.210		1.32701			4
2025.04.23	01:08:26.830	1.32693	1.32698			6
2025.04.23	01:08:27.138	1.32696	1.32701			6
2025.04.23	01:08:28.681	1.32689	1.32694			6
2025.04.23	01:08:29.297	1.32696	1.32701			6
2025.04.23	01:08:29.615	1.32693	1.32698			6
2025.04.23	01:08:30.226	1.32696	1.32701			6
2025.04.23	01:08:30.533	1.32698	1.32703			6
2025.04.23	01:08:31.775	1.32699	1.32704			6
2025.04.23	01:08:36.402	1.32701	1.32706			6
2025.04.23	01:08:38.858	1.32698	1.32703			6
2025.04.23	01:08:39.172	1.32699				2
2025.04.23	01:08:39.786	1.32698	1.32702			6
2025.04.23	01:08:40.395	1.32702	1.32704			6
2025.04.23	01:08:40.701		1.32706			4
2025.04.23	01:08:41.005	1.32699	1.32703			6
2025.04.23	01:08:41.318	1.32706	1.32708			6
2025.04.23	01:08:41.623	1.32708	1.32712			6
2025.04.23	01:08:43.158	1.32709	1.32713			6
2025.04.23	01:08:43.463	1.32712	1.32716			6
2025.04.23	01:08:44.072	1.32719	1.32722			6
2025.04.23	01:08:44.375		1.32723			4
2025.04.23	01:08:45.294	1.32706	1.32707			6
2025.04.23	01:08:45.596	1.32685	1.32687			6
2025.04.23	01:08:45.901		1.32686			4
2025.04.23	01:08:46.210	1.32684	1.32690			6
2025.04.23	01:08:47.130	1.32685	1.32691			6
2025.04.23	01:08:47.437	1.32693	1.32699			6
2025.04.23	01:08:47.739	1.32692	1.32698			6
2025.04.23	01:08:48.365	1.32693	1.32699			6
2025.04.23	01:08:48.675	1.32688	1.32694			6
2025.04.23	01:08:49.296	1.32687	1.32693			6
2025.04.23	01:08:49.603	1.32688	1.32694			6
2025.04.23	01:08:50.527	1.32687	1.32693			6
2025.04.23	01:08:50.837	1.32686	1.32692			6
2025.04.23	01:08:51.154	1.32678	1.32684			6
2025.04.23	01:08:51.458	1.32677	1.32683			6
2025.04.23	01:08:52.687	1.32673	1.32679			6
2025.04.23	01:08:52.988	1.32681	1.32687			6
2025.04.23	01:08:55.763	1.32682	1.32688			6
2025.04.23	01:08:56.071	1.32681	1.32687			6
2025.04.23	01:08:58.839	1.32678	1.32684			6
2025.04.23	01:08:59.150	1.32685	1.32687			6
2025.04.23	01:08:59.458		1.32691			4
2025.04.23	01:09:00.074	1.32685				2
2025.04.23	01:09:00.691	1.32681	1.32685			6
2025.04.23	01:09:01.000	1.32685	1.32691			6
2025.04.23	01:09:01.620	1.32681	1.32685			6
2025.04.23	01:09:01.926		1.32686			4
2025.04.23	01:09:02.240	1.32686	1.32691			6
2025.04.23	01:09:02.543	1.32685				2
2025.04.23	01:09:03.778	1.32684	1.32690			6
2025.04.23	01:09:04.089	1.32685	1.32691			6
2025.04.23	01:09:05.316	1.32686				2
2025.04.23	01:09:05.937	1.32680	1.32685			6
2025.04.23	01:09:07.478	1.32681	1.32686			6
2025.04.23	01:09:09.026	1.32685	1.32689			6
2025.04.23	01:09:09.332		1.32690			4
2025.04.23	01:09:09.639	1.32680	1.32685			6
2025.04.23	01:09:12.421	1.32679	1.32684			6
2025.04.23	01:09:14.586	1.32678	1.32683			6
2025.04.23	01:09:18.901	1.32687	1.32692			6
2025.04.23	01:09:19.207	1.32679	1.32684			6
2025.04.23	01:09:20.753	1.32686	1.32691			6
2025.04.23	01:09:21.062	1.32677	1.32682			6
2025.04.23	01:09:21.367	1.32675	1.32680			6
2025.04.23	01:09:22.609	1.32676	1.32681			6
2025.04.23	01:09:28.473	1.32670	1.32675			6
2025.04.23	01:09:28.776	1.32668	1.32673			6
2025.04.23	01:09:32.183	1.32670	1.32675			6
2025.04.23	01:09:32.494	1.32669	1.32674			6
2025.04.23	01:09:33.110	1.32668	1.32673			6
2025.04.23	01:09:36.199	1.32670	1.32675			6
2025.04.23	01:09:37.429	1.32668	1.32673			6
2025.04.23	01:09:39.899	1.32673	1.32678			6
2025.04.23	01:09:40.207		1.32677			4
2025.04.23	01:09:40.509	1.32680	1.32684			6
2025.04.23	01:09:40.817	1.32688	1.32692			6
2025.04.23	01:09:41.127	1.32691	1.32696			6
2025.04.23	01:09:41.745	1.32699	1.32704			6
2025.04.23	01:09:42.048	1.32701	1.32706			6
2025.04.23	01:09:42.664	1.32700	1.32705			6
2025.04.23	01:09:42.971	1.32699	1.32704			6
2025.04.23	01:09:44.188	1.32698	1.32703			6
2025.04.23	01:09:48.210	1.32719	1.32724			6
2025.04.23	01:09:48.518	1.32725	1.32730			6
2025.04.23	01:09:49.135	1.32726	1.32732			6
2025.04.23	01:09:53.461	1.32736	1.32737			6
2025.04.23	01:09:53.768	1.32743	1.32749			6
2025.04.23	01:09:55.008	1.32748	1.32754			6
2025.04.23	01:09:55.626	1.32750	1.32756			6
2025.04.23	01:09:55.927	1.32757	1.32763			6
2025.04.23	01:09:56.234	1.32749	1.32755			6
2025.04.23	01:09:56.549	1.32754	1.32760			6
2025.04.23	01:09:56.858	1.32748	1.32754			6
2025.04.23	01:09:57.168	1.32749	1.32755			6
2025.04.23	01:09:58.092	1.32762	1.32768			6
2025.04.23	01:09:58.394	1.32758	1.32764			6
2025.04.23	01:09:58.698	1.32764	1.32770			6
2025.04.23	01:09:59.317	1.32765	1.32771			6
2025.04.23	01:09:59.936	1.32776	1.32782			6
2025.04.23	01:10:00.241	1.32780	1.32786			6
2025.04.23	01:10:00.545	1.32789	1.32795			6
2025.04.23	01:10:02.404	1.32786	1.32792			6
2025.04.23	01:10:02.709	1.32784	1.32790			6
2025.04.23	01:10:03.018	1.32785	1.32791			6
2025.04.23	01:10:03.329	1.32788	1.32794			6
2025.04.23	01:10:03.638	1.32777	1.32783			6
2025.04.23	01:10:03.945	1.32779	1.32785			6
2025.04.23	01:10:04.566	1.32777	1.32783			6
2025.04.23	01:10:04.872	1.32784	1.32785			6
2025.04.23	01:10:05.180	1.32805	1.32811			6
2025.04.23	01:10:05.484	1.32803	1.32809			6
2025.04.23	01:10:05.788	1.32806	1.32812			6
2025.04.23	01:10:06.104		1.32813			4
2025.04.23	01:10:06.724	1.32808	1.32815			6
2025.04.23	01:10:07.338	1.32809				2
2025.04.23	01:10:07.646	1.32810	1.32816			6
2025.04.23	01:10:07.948	1.32819	1.32825			6
2025.04.23	01:10:08.264	1.32820	1.32826			6
2025.04.23	01:10:08.569	1.32827	1.32833			6
2025.04.23	01:10:08.876	1.32820	1.32826			6
2025.04.23	01:10:09.192	1.32828	1.32834			6
2025.04.23	01:10:09.498	1.32829	1.32835			6
2025.04.23	01:10:09.807	1.32848	1.32854			6
2025.04.23	01:10:10.116		1.32855			4
2025.04.23	01:10:10.422	1.32855	1.32862			6
2025.04.23	01:10:10.727	1.32859	1.32866			6
2025.04.23	01:10:11.039	1.32860	1.32867			6
2025.04.23	01:10:11.647	1.32866	1.32873			6
2025.04.23	01:10:11.971	1.32862	1.32869			6
2025.04.23	01:10:12.273	1.32835	1.32842			6
2025.04.23	01:10:12.575	1.32830	1.32837			6
2025.04.23	01:10:12.880	1.32832	1.32839			6
2025.04.23	01:10:13.183	1.32833	1.32840			6
2025.04.23	01:10:14.098	1.32843	1.32848			6
2025.04.23	01:10:14.402	1.32858	1.32865			6
2025.04.23	01:10:15.019	1.32860	1.32867			6
2025.04.23	01:10:15.327	1.32858	1.32865			6
2025.04.23	01:10:16.251	1.32850	1.32857			6
2025.04.23	01:10:17.795	1.32863	1.32870			6
2025.04.23	01:10:18.410	1.32870	1.32877			6
2025.04.23	01:10:19.030	1.32869	1.32876			6
2025.04.23	01:10:19.336	1.32871	1.32878			6
2025.04.23	01:10:20.884	1.32870	1.32877			6
2025.04.23	01:10:21.802	1.32871	1.32878			6
2025.04.23	01:10:22.103	1.32882	1.32889			6
2025.04.23	01:10:23.353	1.32876	1.32883			6
2025.04.23	01:10:23.660	1.32877	1.32884			6
2025.04.23	01:10:23.963	1.32885	1.32892			6
2025.04.23	01:10:24.591	1.32886	1.32893			6
2025.04.23	01:10:24.902	1.32881	1.32888			6
2025.04.23	01:10:25.211	1.32884	1.32891			6
2025.04.23	01:10:25.822	1.32887	1.32894			6
2025.04.23	01:10:26.130	1.32898	1.32905			6
2025.04.23	01:10:26.748	1.32899	1.32906			6
2025.04.23	01:10:27.665	1.32895	1.32902			6
2025.04.23	01:10:27.983	1.32892	1.32899			6
2025.04.23	01:10:28.594	1.32875	1.32880			6
2025.04.23	01:10:28.897		1.32879			4
2025.04.23	01:10:29.218	1.32859	1.32866			6
2025.04.23	01:10:29.521	1.32853	1.32860			6
2025.04.23	01:10:30.143	1.32855	1.32862			6
2025.04.23	01:10:30.448	1.32856	1.32863			6
2025.04.23	01:10:30.756	1.32868	1.32875			6
2025.04.23	01:10:31.991	1.32877	1.32884			6
2025.04.23	01:10:32.301	1.32876	1.32883			6
2025.04.23	01:10:32.613	1.32875	1.32882			6
2025.04.23	01:10:32.917	1.32863	1.32870			6
2025.04.23	01:10:33.221	1.32868	1.32875			6
2025.04.23	01:10:33.536	1.32873	1.32880			6
2025.04.23	01:10:33.850	1.32880	1.32887			6
2025.04.23	01:10:34.157	1.32882	1.32889			6
2025.04.23	01:10:35.383	1.32888	1.32895			6
2025.04.23	01:10:35.687	1.32892	1.32899			6
2025.04.23	01:10:36.003	1.32895	1.32902			6
2025.04.23	01:10:36.307	1.32896	1.32903			6
2025.04.23	01:10:36.615	1.32911	1.32918			6
2025.04.23	01:10:36.919	1.32908	1.32915			6
2025.04.23	01:10:37.240	1.32901	1.32908			6
2025.04.23	01:10:37.851	1.32906	1.32913			6
2025.04.23	01:10:38.158	1.32907	1.32914			6
2025.04.23	01:10:38.465	1.32908	1.32915			6
2025.04.23	01:10:39.085	1.32909	1.32916			6
2025.04.23	01:10:39.399	1.32910	1.32917			6
2025.04.23	01:10:39.707	1.32909	1.32916			6
2025.04.23	01:10:40.016	1.32908	1.32915			6
2025.04.23	01:10:41.251	1.32915	1.32922			6
2025.04.23	01:10:41.559	1.32917	1.32924			6
2025.04.23	01:10:43.402	1.32919	1.32926			6
2025.04.23	01:10:45.246	1.32906	1.32913			6
2025.04.23	01:10:45.877	1.32907	1.32914			6
2025.04.23	01:10:46.802	1.32904	1.32911			6
2025.04.23	01:10:47.112	1.32885	1.32892			6
2025.04.23	01:10:47.420	1.32880	1.32887			6
2025.04.23	01:10:47.727	1.32889	1.32896			6
2025.04.23	01:10:48.330	1.32890	1.32897			6
2025.04.23	01:10:49.254	1.32881	1.32888			6
2025.04.23	01:10:54.190	1.32880	1.32887			6
2025.04.23	01:10:54.800	1.32879	1.32886			6
2025.04.23	01:10:55.104	1.32881	1.32888			6
2025.04.23	01:10:56.339	1.32882	1.32889			6
2025.04.23	01:10:56.648	1.32871	1.32878			6
2025.04.23	01:11:00.047	1.32881	1.32888			6
2025.04.23	01:11:00.351	1.32882	1.32889			6
2025.04.23	01:11:02.203	1.32889	1.32896			6
2025.04.23	01:11:02.510		1.32895			4
2025.04.23	01:11:02.818	1.32892	1.32899			6
2025.04.23	01:11:03.436	1.32882	1.32889			6
2025.04.23	01:11:03.751		1.32888			4
2025.04.23	01:11:04.363		1.32889			4
2025.04.23	01:11:04.671	1.32881	1.32888			6
2025.04.23	01:11:04.981	1.32889	1.32894			6
2025.04.23	01:11:05.601	1.32899	1.32902			6
2025.04.23	01:11:05.907	1.32898	1.32901			6
2025.04.23	01:11:06.211	1.32889	1.32894			6
2025.04.23	01:11:06.521	1.32886	1.32888			6
2025.04.23	01:11:06.826	1.32881				2
2025.04.23	01:11:07.447	1.32880	1.32887			6
2025.04.23	01:11:07.757	1.32881	1.32886			6
2025.04.23	01:11:08.063		1.32888			4
2025.04.23	01:11:09.918	1.32886	1.32893			6
2025.04.23	01:11:10.232	1.32882	1.32888			6
2025.04.23	01:11:10.538		1.32889			4
2025.04.23	01:11:10.844	1.32886	1.32892			6
2025.04.23	01:11:11.158		1.32893			4
2025.04.23	01:11:11.467	1.32897	1.32904			6
2025.04.23	01:11:12.078	1.32896	1.32902			6
2025.04.23	01:11:12.684	1.32898	1.32905			6
2025.04.23	01:11:12.987		1.32903			4
2025.04.23	01:11:13.594	1.32897				2
2025.04.23	01:11:13.901	1.32898	1.32904			6
2025.04.23	01:11:14.515	1.32897	1.32903			6
2025.04.23	01:11:14.826	1.32901	1.32908			6
2025.04.23	01:11:15.438	1.32902	1.32909			6
2025.04.23	01:11:15.740	1.32899	1.32906			6
2025.04.23	01:11:16.678	1.32895	1.32902			6
2025.04.23	01:11:16.985	1.32896	1.32903			6
2025.04.23	01:11:17.298	1.32898	1.32905			6
2025.04.23	01:11:17.604	1.32896	1.32903			6
2025.04.23	01:11:18.216	1.32898	1.32905			6
2025.04.23	01:11:19.142	1.32896	1.32902			6
2025.04.23	01:11:19.445	1.32909	1.32915			6
2025.04.23	01:11:19.751	1.32923	1.32928			6
2025.04.23	01:11:20.973	1.32924				2
2025.04.23	01:11:25.309	1.32929	1.32936			6
2025.04.23	01:11:25.616	1.32928	1.32935			6
2025.04.23	01:11:27.154		1.32934			4
2025.04.23	01:11:28.695	1.32918	1.32924			6
2025.04.23	01:11:30.236	1.32917	1.32923			6
2025.04.23	01:11:30.542	1.32918	1.32924			6
2025.04.23	01:11:31.781	1.32919	1.32925			6
2025.04.23	01:11:32.390	1.32918	1.32924			6
2025.04.23	01:11:33.014	1.32920	1.32926			6
2025.04.23	01:11:33.322	1.32916	1.32921			6
2025.04.23	01:11:34.554	1.32915				2
2025.04.23	01:11:35.784	1.32916				2
2025.04.23	01:11:36.696	1.32909	1.32915			6
2025.04.23	01:11:37.930	1.32906	1.32912			6
2025.04.23	01:11:38.850	1.32905	1.32911			6
2025.04.23	01:11:39.162	1.32906	1.32912			6
2025.04.23	01:11:40.082	1.32905	1.32911			6
2025.04.23	01:11:40.389	1.32907	1.32913			6
2025.04.23	01:11:40.696	1.32906	1.32912			6
2025.04.23	01:11:41.012	1.32907	1.32913			6
2025.04.23	01:11:41.320	1.32915	1.32921			6
2025.04.23	01:11:41.635	1.32916				2
2025.04.23	01:11:41.940	1.32908	1.32913			6
2025.04.23	01:11:42.247	1.32898	1.32901			6
2025.04.23	01:11:42.556	1.32903	1.32906			6
2025.04.23	01:11:43.179	1.32904				2
2025.04.23	01:11:43.803	1.32903				2
2025.04.23	01:11:45.343	1.32897	1.32901			6
2025.04.23	01:11:45.648	1.32894	1.32900			6
2025.04.23	01:11:45.964	1.32897	1.32903			6
2025.04.23	01:11:46.271	1.32898	1.32904			6
2025.04.23	01:11:46.578	1.32901	1.32907			6
2025.04.23	01:11:47.202	1.32896	1.32900			6
2025.04.23	01:11:47.827	1.32897	1.32902			6
2025.04.23	01:11:48.131		1.32900			4
2025.04.23	01:11:48.434	1.32898	1.32902			6
2025.04.23	01:11:48.745		1.32903			4
2025.04.23	01:11:49.060	1.32897	1.32901			6
2025.04.23	01:11:49.365	1.32898	1.32902			6
2025.04.23	01:11:49.669		1.32904			4
2025.04.23	01:11:50.282	1.32896	1.32901			6
2025.04.23	01:11:51.520	1.32895				2
2025.04.23	01:11:53.689	1.32896	1.32900			6
2025.04.23	01:11:55.230	1.32902	1.32908			6
2025.04.23	01:11:55.536	1.32904	1.32910			6
2025.04.23	01:11:55.844	1.32903	1.32909			6
2025.04.23	01:11:56.465	1.32904	1.32910			6
2025.04.23	01:11:56.770		1.32909			4
2025.04.23	01:11:57.390	1.32905				2
2025.04.23	01:11:58.299	1.32906				2
2025.04.23	01:12:00.120	1.32906				2
2025.04.23	01:12:01.038	1.32905	1.32907			6
2025.04.23	01:12:01.962		1.32909			4
2025.04.23	01:12:02.274	1.32903	1.32908			6
2025.04.23	01:12:02.586	1.32904	1.32909			6
2025.04.23	01:12:02.895	1.32905	1.32907			6
2025.04.23	01:12:04.743	1.32897	1.32899			6
2025.04.23	01:12:05.059		1.32898			4
2025.04.23	01:12:05.364		1.32899			4
2025.04.23	01:12:05.671	1.32880	1.32881			6
2025.04.23	01:12:05.973	1.32875	1.32876			6
2025.04.23	01:12:06.292	1.32866	1.32870			6
2025.04.23	01:12:06.596	1.32867	1.32871			6
2025.04.23	01:12:06.906	1.32866				2
2025.04.23	01:12:07.837	1.32865	1.32870			6
2025.04.23	01:12:08.148	1.32873	1.32879			6
2025.04.23	01:12:09.069	1.32880	1.32886			6
2025.04.23	01:12:09.378	1.32882	1.32887			6
2025.04.23	01:12:09.685	1.32883				2
2025.04.23	01:12:10.304		1.32886			4
2025.04.23	01:12:10.612	1.32880	1.32883			6
2025.04.23	01:12:10.915	1.32882	1.32885			6
2025.04.23	01:12:11.540	1.32881				2
2025.04.23	01:12:13.393	1.32882				2
2025.04.23	01:12:14.007	1.32869	1.32875			6
2025.04.23	01:12:14.316	1.32871				2
2025.04.23	01:12:15.253	1.32868	1.32871			6
2025.04.23	01:12:15.861	1.32866	1.32869			6
2025.04.23	01:12:16.171	1.32864	1.32865			6
2025.04.23	01:12:16.475		1.32867			4
2025.04.23	01:12:16.792		1.32868			4
2025.04.23	01:12:17.398	1.32873	1.32877			6
2025.04.23	01:12:17.705	1.32875	1.32878			6
2025.04.23	01:12:20.171	1.32869	1.32875			6
2025.04.23	01:12:21.390	1.32870				2
2025.04.23	01:12:21.701	1.32876	1.32881			6
2025.04.23	01:12:22.924		1.32879			4
2025.04.23	01:12:23.848	1.32877	1.32882			6
2025.04.23	01:12:24.151	1.32876	1.32881			6
2025.04.23	01:12:24.765	1.32873	1.32878			6
2025.04.23	01:12:25.383	1.32879	1.32884			6
2025.04.23	01:12:25.689		1.32882			4
2025.04.23	01:12:26.919	1.32864	1.32869			6
2025.04.23	01:12:27.222	1.32863				2
2025.04.23	01:12:28.144	1.32864	1.32870			6
2025.04.23	01:12:28.761	1.32866	1.32872			6
2025.04.23	01:12:29.065	1.32864	1.32870			6
2025.04.23	01:12:29.372	1.32850	1.32855			6
2025.04.23	01:12:29.679	1.32846	1.32850			6
2025.04.23	01:12:29.983	1.32847	1.32851			6
2025.04.23	01:12:30.288	1.32846				2
2025.04.23	01:12:30.604		1.32852			4
2025.04.23	01:12:30.908	1.32843	1.32844			6
2025.04.23	01:12:31.210	1.32846	1.32852			6
2025.04.23	01:12:32.143	1.32856	1.32862			6
2025.04.23	01:12:32.450	1.32858	1.32864			6
2025.04.23	01:12:33.378	1.32860				2
2025.04.23	01:12:33.680	1.32859				2
2025.04.23	01:12:34.616	1.32867	1.32868			6
2025.04.23	01:12:38.020		1.32870			4
2025.04.23	01:12:39.570	1.32865	1.32867			6
2025.04.23	01:12:39.873	1.32866	1.32870			6
2025.04.23	01:12:40.484	1.32867				2
2025.04.23	01:12:41.105	1.32868				2
2025.04.23	01:12:42.330	1.32869	1.32874			6
2025.04.23	01:12:43.555	1.32879	1.32881			6
2025.04.23	01:12:45.102	1.32871	1.32873			6
2025.04.23	01:12:46.319		1.32872			4
2025.04.23	01:12:46.624		1.32873			4
2025.04.23	01:12:46.927	1.32876	1.32878			6
2025.04.23	01:12:47.243	1.32878	1.32881			6
2025.04.23	01:12:48.779	1.32876	1.32878			6
2025.04.23	01:12:49.087	1.32879	1.32883			6
2025.04.23	01:12:49.390		1.32884			4
2025.04.23	01:12:53.072		1.32883			4
2025.04.23	01:12:53.994	1.32884	1.32888			6
2025.04.23	01:12:54.301	1.32894	1.32898			6
2025.04.23	01:12:54.606	1.32899	1.32904			6
2025.04.23	01:12:54.913		1.32903			4
2025.04.23	01:12:55.523		1.32904			4
2025.04.23	01:12:58.289	1.32906	1.32911			6
2025.04.23	01:12:58.596	1.32909	1.32912			6
2025.04.23	01:12:58.900		1.32913			4
2025.04.23	01:12:59.521	1.32905	1.32908			6
2025.04.23	01:12:59.827		1.32910			4
2025.04.23	01:13:00.133	1.32905				2
2025.04.23	01:13:00.435	1.32906				2
2025.04.23	01:13:00.741	1.32899	1.32903			6
2025.04.23	01:13:01.059		1.32904			4
2025.04.23	01:13:02.584	1.32895	1.32900			6
2025.04.23	01:13:02.891		1.32899			4
2025.04.23	01:13:03.507	1.32897				2
2025.04.23	01:13:03.814	1.32894	1.32898			6
2025.04.23	01:13:04.120	1.32889	1.32893			6
2025.04.23	01:13:05.046		1.32894			4
2025.04.23	01:13:06.585	1.32879	1.32884			6
2025.04.23	01:13:07.205	1.32868	1.32873			6
2025.04.23	01:13:10.577	1.32865	1.32870			6
2025.04.23	01:13:11.499	1.32863	1.32868			6
2025.04.23	01:13:13.035	1.32866	1.32871			6
2025.04.23	01:13:14.564	1.32863	1.32868			6
2025.04.23	01:13:16.094	1.32866	1.32871			6
2025.04.23	01:13:16.719	1.32851	1.32856			6
2025.04.23	01:13:17.026	1.32853	1.32858			6
2025.04.23	01:13:17.955	1.32851	1.32856			6
2025.04.23	01:13:18.881	1.32848	1.32853			6
2025.04.23	01:13:21.352	1.32850	1.32855			6
2025.04.23	01:13:22.285	1.32855	1.32860			6
2025.04.23	01:13:22.906	1.32848	1.32853			6
2025.04.23	01:13:27.232		1.32852			4
2025.04.23	01:13:28.454	1.32843	1.32847			6
2025.04.23	01:13:28.761	1.32838	1.32842			6
2025.04.23	01:13:29.687	1.32843	1.32847			6
2025.04.23	01:13:30.301	1.32841	1.32846			6
2025.04.23	01:13:30.915	1.32838	1.32843			6
2025.04.23	01:13:33.087		1.32842			4
2025.04.23	01:13:36.131	1.32839	1.32843			6
2025.04.23	01:13:36.439	1.32838	1.32842			6
2025.04.23	01:13:40.710	1.32845	1.32849			6
2025.04.23	01:13:41.320	1.32838	1.32842			6
2025.04.23	01:13:41.622	1.32843	1.32847			6
2025.04.23	01:13:41.927	1.32838	1.32842			6
2025.04.23	01:13:43.140	1.32844	1.32848			6
2025.04.23	01:13:43.747	1.32842	1.32846			6
2025.04.23	01:13:44.048	1.32841	1.32845			6
2025.04.23	01:13:44.354	1.32842	1.32846			6
2025.04.23	01:13:44.966	1.32844	1.32848			6
2025.04.23	01:13:49.829	1.32842	1.32846			6
2025.04.23	01:13:51.064	1.32855	1.32859			6
2025.04.23	01:13:51.367	1.32852	1.32856			6
2025.04.23	01:13:53.523	1.32851	1.32855			6
2025.04.23	01:13:55.068	1.32852	1.32856			6
2025.04.23	01:13:55.991	1.32854	1.32857			6
2025.04.23	01:13:56.602	1.32852	1.32855			6
2025.04.23	01:13:57.526	1.32854	1.32858			6
2025.04.23	01:13:57.834	1.32855				2
2025.04.23	01:13:58.759		1.32859			4
2025.04.23	01:13:59.067		1.32858			4
2025.04.23	01:13:59.689	1.32856	1.32859			6
2025.04.23	01:14:00.301	1.32856				2
2025.04.23	01:14:00.606	1.32854	1.32857			6
2025.04.23	01:14:00.909	1.32837	1.32840			6
2025.04.23	01:14:01.225	1.32832	1.32836			6
2025.04.23	01:14:01.840	1.32831	1.32835			6
2025.04.23	01:14:02.142	1.32837	1.32842			6
2025.04.23	01:14:03.376	1.32845	1.32848			6
2025.04.23	01:14:03.690	1.32846	1.32849			6
2025.04.23	01:14:04.003	1.32844	1.32847			6
2025.04.23	01:14:04.303	1.32847	1.32851			6
2025.04.23	01:14:05.522	1.32852	1.32855			6
2025.04.23	01:14:05.838		1.32856			4
2025.04.23	01:14:07.681		1.32857			4
2025.04.23	01:14:07.988	1.32837	1.32842			6
2025.04.23	01:14:08.299	1.32833	1.32837			6
2025.04.23	01:14:09.214	1.32832	1.32836			6
2025.04.23	01:14:09.526	1.32833	1.32838			6
2025.04.23	01:14:09.840	1.32827	1.32832			6
2025.04.23	01:14:10.142	1.32822	1.32827			6
2025.04.23	01:14:10.446	1.32827	1.32831			6
2025.04.23	01:14:11.365	1.32837	1.32841			6
2025.04.23	01:14:11.987	1.32842	1.32846			6
2025.04.23	01:14:12.293	1.32837	1.32840			6
2025.04.23	01:14:12.600	1.32845	1.32849			6
2025.04.23	01:14:12.913	1.32844				2
2025.04.23	01:14:13.218		1.32848			4
2025.04.23	01:14:16.292	1.32832	1.32836			6
2025.04.23	01:14:19.363	1.32823	1.32827			6
2025.04.23	01:14:20.601	1.32817	1.32822			6
2025.04.23	01:14:23.059	1.32812	1.32817			6
2025.04.23	01:14:23.363	1.32814	1.32818			6
2025.04.23	01:14:24.282	1.32813				2
2025.04.23	01:14:24.592	1.32815	1.32819			6
2025.04.23	01:14:25.506	1.32817	1.32820			6
2025.04.23	01:14:26.436	1.32813	1.32817			6
2025.04.23	01:14:26.741	1.32807	1.32812			6
2025.04.23	01:14:27.679	1.32817	1.32821			6
2025.04.23	01:14:28.913	1.32825	1.32830			6
2025.04.23	01:14:29.223	1.32828	1.32832			6
2025.04.23	01:14:29.535	1.32827				2
2025.04.23	01:14:30.153		1.32831			4
2025.04.23	01:14:31.076	1.32825	1.32829			6
2025.04.23	01:14:33.214	1.32811	1.32816			6
2025.04.23	01:14:34.754	1.32816	1.32821			6
2025.04.23	01:14:35.680	1.32823	1.32827			6
2025.04.23	01:14:35.988		1.32828			4
2025.04.23	01:14:37.225	1.32811	1.32816			6
2025.04.23	01:14:37.533	1.32810	1.32815			6
2025.04.23	01:14:38.154	1.32813	1.32818			6
2025.04.23	01:14:38.455	1.32816	1.32821			6
2025.04.23	01:14:39.379	1.32821	1.32826			6
2025.04.23	01:14:39.694		1.32824			4
2025.04.23	01:14:40.313		1.32826			4
2025.04.23	01:14:41.540	1.32824	1.32828			6
2025.04.23	01:14:41.850	1.32821	1.32826			6
2025.04.23	01:14:46.472	1.32811	1.32816			6
2025.04.23	01:14:46.781	1.32809	1.32814			6
2025.04.23	01:14:47.399	1.32810	1.32815			6
2025.04.23	01:14:48.320	1.32816	1.32820			6
2025.04.23	01:14:49.547	1.32825	1.32829			6
2025.04.23	01:14:49.853	1.32831	1.32835			6
2025.04.23	01:14:53.543	1.32836	1.32840			6
2025.04.23	01:14:57.231		1.32841			4
2025.04.23	01:14:58.166		1.32840			4
2025.04.23	01:14:58.789	1.32821	1.32825			6
2025.04.23	01:14:59.093	1.32811	1.32816			6
2025.04.23	01:15:00.016	1.32811				2
2025.04.23	01:15:00.323	1.32810	1.32815			6
2025.04.23	01:15:01.554	1.32818	1.32822			6
2025.04.23	01:15:01.862	1.32820	1.32826			6
2025.04.23	01:15:06.477	1.32834	1.32835			6
2025.04.23	01:15:06.782	1.32835	1.32836			6
2025.04.23	01:15:07.708	1.32830	1.32834			6
2025.04.23	01:15:08.015		1.32835			4
2025.04.23	01:15:09.244		1.32836			4
2025.04.23	01:15:10.162		1.32835			4
2025.04.23	01:15:10.475	1.32834	1.32837			6
2025.04.23	01:15:11.402	1.32831	1.32836			6
2025.04.23	01:15:12.328		1.32835			4
2025.04.23	01:15:12.634		1.32834			4
2025.04.23	01:15:12.941	1.32826	1.32831			6
2025.04.23	01:15:20.030	1.32821	1.32826			6
2025.04.23	01:15:20.332	1.32816	1.32821			6
2025.04.23	01:15:23.111	1.32812	1.32817			6
2025.04.23	01:15:24.341	1.32815	1.32819			6
2025.04.23	01:15:24.646	1.32812	1.32817			6
2025.04.23	01:15:25.876	1.32809	1.32814			6
2025.04.23	01:15:26.182	1.32812	1.32817			6
2025.04.23	01:15:27.725	1.32792	1.32797			6
2025.04.23	01:15:28.026	1.32791	1.32796			6
2025.04.23	01:15:28.948	1.32801	1.32806			6
2025.04.23	01:15:29.257	1.32796	1.32801			6
2025.04.23	01:15:29.871	1.32797	1.32802			6
2025.04.23	01:15:34.786	1.32801	1.32806			6
2025.04.23	01:15:35.097	1.32810	1.32815			6
2025.04.23	01:15:35.404	1.32807	1.32812			6
2025.04.23	01:15:38.486	1.32804	1.32809			6
2025.04.23	01:15:38.794	1.32805	1.32810			6
2025.04.23	01:15:39.417	1.32800	1.32805			6
2025.04.23	01:15:40.038	1.32802	1.32807			6
2025.04.23	01:15:41.584	1.32801	1.32806			6
2025.04.23	01:15:42.512	1.32791	1.32796			6
2025.04.23	01:15:42.819	1.32788	1.32793			6
2025.04.23	01:15:43.120	1.32792	1.32797			6
2025.04.23	01:15:43.740	1.32793	1.32798			6
2025.04.23	01:15:44.042	1.32791	1.32796			6
2025.04.23	01:15:44.347	1.32792	1.32797			6
2025.04.23	01:15:44.962	1.32795	1.32800			6
2025.04.23	01:15:45.265	1.32796	1.32801			6
2025.04.23	01:15:46.188	1.32815	1.32820			6
2025.04.23	01:15:46.497	1.32814	1.32819			6
2025.04.23	01:15:47.418	1.32812	1.32817			6
2025.04.23	01:15:48.341	1.32817	1.32822			6
2025.04.23	01:15:52.030	1.32818	1.32823			6
2025.04.23	01:15:52.337	1.32817	1.32822			6
2025.04.23	01:15:52.961	1.32818	1.32823			6
2025.04.23	01:15:53.267	1.32817	1.32822			6
2025.04.23	01:15:55.726	1.32822	1.32827			6
2025.04.23	01:15:57.270	1.32827	1.32832			6
2025.04.23	01:15:58.189	1.32823	1.32828			6
2025.04.23	01:15:58.502	1.32824	1.32829			6
2025.04.23	01:16:00.039	1.32824				2
2025.04.23	01:16:00.961	1.32823	1.32828			6
2025.04.23	01:16:03.104	1.32814	1.32818			6
2025.04.23	01:16:03.414	1.32813	1.32817			6
2025.04.23	01:16:04.334	1.32807	1.32812			6
2025.04.23	01:16:08.344		1.32811			4
2025.04.23	01:16:08.647	1.32802	1.32806			6
2025.04.23	01:16:09.257	1.32807	1.32811			6
2025.04.23	01:16:09.563	1.32808	1.32812			6
2025.04.23	01:16:10.171	1.32803	1.32807			6
2025.04.23	01:16:10.479	1.32808	1.32812			6
2025.04.23	01:16:10.789	1.32803	1.32807			6
2025.04.23	01:16:11.101	1.32804	1.32808			6
2025.04.23	01:16:11.708	1.32802	1.32806			6
2025.04.23	01:16:13.587	1.32792	1.32796			6
2025.04.23	01:16:13.895	1.32795	1.32799			6
2025.04.23	01:16:14.202	1.32791	1.32795			6
2025.04.23	01:16:15.126	1.32803	1.32807			6
2025.04.23	01:16:16.034	1.32805	1.32808			6
2025.04.23	01:16:16.347	1.32819	1.32824			6
2025.04.23	01:16:18.504	1.32813	1.32818			6
2025.04.23	01:16:20.662	1.32817	1.32822			6
2025.04.23	01:16:21.595	1.32806	1.32811			6
2025.04.23	01:16:21.904	1.32807	1.32812			6
2025.04.23	01:16:22.213	1.32806	1.32811			6
2025.04.23	01:16:22.520	1.32805	1.32810			6
2025.04.23	01:16:22.833	1.32806	1.32811			6
2025.04.23	01:16:23.137	1.32805	1.32810			6
2025.04.23	01:16:24.066	1.32813	1.32818			6
2025.04.23	01:16:24.372	1.32814	1.32819			6
2025.04.23	01:16:24.672	1.32815	1.32820			6
2025.04.23	01:16:25.288	1.32814	1.32819			6
2025.04.23	01:16:26.214	1.32816	1.32821			6
2025.04.23	01:16:27.753	1.32821	1.32826			6
2025.04.23	01:16:28.063	1.32825	1.32830			6
2025.04.23	01:16:28.369	1.32826	1.32831			6
2025.04.23	01:16:28.683	1.32812	1.32817			6
2025.04.23	01:16:28.988	1.32814	1.32819			6
2025.04.23	01:16:31.767	1.32815	1.32820			6
2025.04.23	01:16:32.383	1.32808	1.32813			6
2025.04.23	01:16:33.007	1.32807	1.32812			6
2025.04.23	01:16:33.621	1.32808	1.32813			6
2025.04.23	01:16:33.927		1.32812			4
2025.04.23	01:16:34.229		1.32813			4
2025.04.23	01:16:34.548	1.32809				2
2025.04.23	01:16:37.624		1.32811			4
2025.04.23	01:16:37.931	1.32792	1.32797			6
2025.04.23	01:16:38.237	1.32779	1.32784			6
2025.04.23	01:16:38.848	1.32784	1.32788			6
2025.04.23	01:16:39.165	1.32778	1.32784			6
2025.04.23	01:16:39.771	1.32784	1.32789			6
2025.04.23	01:16:40.695		1.32790			4
2025.04.23	01:16:41.000	1.32778	1.32784			6
2025.04.23	01:16:42.231	1.32781	1.32786			6
2025.04.23	01:16:42.538	1.32778	1.32782			6
2025.04.23	01:16:43.459		1.32783			4
2025.04.23	01:16:43.764		1.32782			4
2025.04.23	01:16:44.066		1.32783			4
2025.04.23	01:16:44.367	1.32775	1.32780			6
2025.04.23	01:16:45.287	1.32783	1.32787			6
2025.04.23	01:16:45.591	1.32778	1.32784			6
2025.04.23	01:16:46.510	1.32793	1.32794			6
2025.04.23	01:16:46.825	1.32792	1.32793			6
2025.04.23	01:16:47.746	1.32785	1.32788			6
2025.04.23	01:16:48.049		1.32787			4
2025.04.23	01:16:48.358		1.32788			4
2025.04.23	01:16:49.272	1.32783				2
2025.04.23	01:16:49.886	1.32788	1.32790			6
2025.04.23	01:16:50.504		1.32792			4
2025.04.23	01:16:50.809		1.32794			4
2025.04.23	01:16:51.110	1.32793	1.32798			6
2025.04.23	01:16:51.725	1.32778	1.32780			6
2025.04.23	01:16:52.028		1.32781			4
2025.04.23	01:16:52.330		1.32779			4
2025.04.23	01:16:53.246	1.32783	1.32784			6
2025.04.23	01:16:54.496	1.32768	1.32772			6
2025.04.23	01:16:55.115	1.32772	1.32774			6
2025.04.23	01:16:55.425		1.32775			4
2025.04.23	01:16:55.726	1.32787	1.32788			6
2025.04.23	01:16:56.038	1.32786	1.32787			6
2025.04.23	01:17:00.040	1.32786				2
2025.04.23	01:17:01.267	1.32773	1.32777			6
2025.04.23	01:17:01.568	1.32763	1.32769			6
2025.04.23	01:17:01.878	1.32762	1.32768			6
2025.04.23	01:17:02.801	1.32773	1.32779			6
2025.04.23	01:17:03.408	1.32774	1.32780			6
2025.04.23	01:17:03.714	1.32777				2
2025.04.23	01:17:04.019	1.32785	1.32791			6
2025.04.23	01:17:04.320		1.32792			4
2025.04.23	01:17:05.234	1.32786	1.32793			6
2025.04.23	01:17:05.545	1.32790				2
2025.04.23	01:17:05.853		1.32794			4
2025.04.23	01:17:09.531		1.32796			4
2025.04.23	01:17:12.926	1.32795	1.32801			6
2025.04.23	01:17:13.843	1.32800	1.32806			6
2025.04.23	01:17:14.145	1.32801	1.32807			6
2025.04.23	01:17:15.062	1.32803	1.32809			6
2025.04.23	01:17:15.370	1.32805	1.32811			6
2025.04.23	01:17:18.455	1.32802	1.32807			6
2025.04.23	01:17:18.759	1.32805	1.32811			6
2025.04.23	01:17:20.311	1.32807	1.32813			6
2025.04.23	01:17:21.245	1.32806	1.32812			6
2025.04.23	01:17:21.548	1.32805	1.32811			6
2025.04.23	01:17:21.859	1.32806	1.32812			6
2025.04.23	01:17:24.320		1.32811			4
2025.04.23	01:17:25.551	1.32807	1.32812			6
2025.04.23	01:17:25.860	1.32806	1.32811			6
2025.04.23	01:17:26.168	1.32807	1.32812			6
2025.04.23	01:17:26.785	1.32806	1.32811			6
2025.04.23	01:17:27.098	1.32807	1.32812			6
2025.04.23	01:17:28.645	1.32808	1.32813			6
2025.04.23	01:17:29.567	1.32809	1.32814			6
2025.04.23	01:17:29.881	1.32808	1.32813			6
2025.04.23	01:17:30.494	1.32809	1.32814			6
2025.04.23	01:17:30.801		1.32813			4
2025.04.23	01:17:31.114	1.32798	1.32801			6
2025.04.23	01:17:31.421	1.32799				2
2025.04.23	01:17:31.729	1.32800				2
2025.04.23	01:17:32.656	1.32798	1.32800			6
2025.04.23	01:17:33.276	1.32801	1.32804			6
2025.04.23	01:17:35.118	1.32800				2
2025.04.23	01:17:35.424	1.32801				2
2025.04.23	01:17:35.731	1.32800				2
2025.04.23	01:17:36.040	1.32801				2
2025.04.23	01:17:36.978		1.32805			4
2025.04.23	01:17:37.286		1.32804			4
2025.04.23	01:17:37.599	1.32804	1.32809			6
2025.04.23	01:17:37.901	1.32807	1.32812			6
2025.04.23	01:17:38.509	1.32808	1.32813			6
2025.04.23	01:17:39.726	1.32807	1.32812			6
2025.04.23	01:17:40.039	1.32799	1.32802			6
2025.04.23	01:17:40.348	1.32801	1.32803			6
2025.04.23	01:17:41.275	1.32797	1.32801			6
2025.04.23	01:17:41.882	1.32798				2
2025.04.23	01:17:42.798	1.32800	1.32803			6
2025.04.23	01:17:43.101		1.32802			4
2025.04.23	01:17:43.712	1.32801	1.32804			6
2025.04.23	01:17:44.021	1.32802	1.32805			6
2025.04.23	01:17:44.929	1.32803				2
2025.04.23	01:17:46.147	1.32802				2
2025.04.23	01:17:47.063		1.32806			4
2025.04.23	01:17:47.369	1.32807	1.32811			6
2025.04.23	01:17:47.673	1.32799	1.32803			6
2025.04.23	01:17:47.977	1.32801	1.32805			6
2025.04.23	01:17:48.595	1.32794	1.32798			6
2025.04.23	01:17:48.896	1.32799	1.32802			6
2025.04.23	01:17:49.200	1.32801	1.32803			6
2025.04.23	01:17:49.805	1.32799	1.32802			6
2025.04.23	01:17:50.111	1.32798				2
2025.04.23	01:17:50.724	1.32786	1.32790			6
2025.04.23	01:17:51.025	1.32787	1.32791			6
2025.04.23	01:17:51.335		1.32792			4
2025.04.23	01:17:52.253		1.32790			4
2025.04.23	01:17:52.867	1.32784	1.32788			6
2025.04.23	01:17:53.175	1.32783	1.32787			6
2025.04.23	01:17:54.386		1.32786			4
2025.04.23	01:17:54.694		1.32787			4
2025.04.23	01:17:55.923	1.32781	1.32785			6
2025.04.23	01:17:58.359	1.32784	1.32788			6
2025.04.23	01:17:58.661	1.32785	1.32789			6
2025.04.23	01:17:59.570	1.32783	1.32787			6
2025.04.23	01:18:00.178	1.32784	1.32788			6
2025.04.23	01:18:00.481	1.32781	1.32785			6
2025.04.23	01:18:00.785	1.32782				2
2025.04.23	01:18:01.411	1.32780	1.32781			6
2025.04.23	01:18:01.713	1.32772	1.32775			6
2025.04.23	01:18:02.017	1.32771				2
2025.04.23	01:18:02.329	1.32772				2
2025.04.23	01:18:02.641	1.32771				2
2025.04.23	01:18:02.943	1.32762	1.32766			6
2025.04.23	01:18:03.551	1.32767	1.32771			6
2025.04.23	01:18:03.855	1.32769	1.32770			6
2025.04.23	01:18:04.783	1.32779	1.32783			6
2025.04.23	01:18:05.088	1.32776	1.32780			6
2025.04.23	01:18:05.403	1.32773	1.32777			6
2025.04.23	01:18:05.706	1.32772	1.32776			6
2025.04.23	01:18:06.016	1.32778	1.32782			6
2025.04.23	01:18:06.321	1.32780				2
2025.04.23	01:18:07.242	1.32781	1.32783			6
2025.04.23	01:18:08.167		1.32785			4
2025.04.23	01:18:08.478	1.32791	1.32794			6
2025.04.23	01:18:10.317	1.32797	1.32801			6
2025.04.23	01:18:10.625	1.32796	1.32800			6
2025.04.23	01:18:10.939	1.32797	1.32801			6
2025.04.23	01:18:11.548	1.32790	1.32793			6
2025.04.23	01:18:11.859		1.32792			4
2025.04.23	01:18:13.400		1.32793			4
2025.04.23	01:18:14.629	1.32789	1.32790			6
