<DATE>	<TIME>	<BID>	<ASK>	<LAST>	<VOLUME>	<FLAGS>
2025.09.10	00:03:31.442	1.35204	1.35309			6
2025.09.10	00:04:00.003	1.35204				2
2025.09.10	00:04:31.612		1.35309			4
2025.09.10	00:05:00.184	1.35204				2
2025.09.10	00:05:31.874		1.35309			4
2025.09.10	00:05:34.326		1.35315			4
2025.09.10	00:06:00.072	1.35204				2
2025.09.10	00:06:04.059		1.35316			4
2025.09.10	00:06:08.045	1.35203	1.35293			6
2025.09.10	00:06:35.154	1.35204	1.35294			6
2025.09.10	00:06:46.772		1.35305			4
2025.09.10	00:07:00.214	1.35204				2
2025.09.10	00:07:36.401	1.35216	1.35306			6
2025.09.10	00:07:37.012	1.35225	1.35317			6
2025.09.10	00:07:37.321	1.35220	1.35310			6
2025.09.10	00:07:44.388	1.35218	1.35308			6
2025.09.10	00:07:48.087	1.35220	1.35310			6
2025.09.10	00:07:56.074	1.35219	1.35309			6
2025.09.10	00:08:00.086	1.35219				2
2025.09.10	00:08:04.094	1.35221	1.35311			6
2025.09.10	00:08:08.398	1.35219	1.35309			6
2025.09.10	00:08:13.013	1.35216	1.35306			6
2025.09.10	00:09:00.094	1.35216				2
2025.09.10	00:09:13.318		1.35306			4
2025.09.10	00:10:00.098	1.35216				2
2025.09.10	00:10:13.351		1.35306			4
2025.09.10	00:11:00.207	1.35216				2
2025.09.10	00:11:13.483		1.35306			4
2025.09.10	00:12:00.103	1.35216				2
2025.09.10	00:12:13.696		1.35306			4
2025.09.10	00:13:00.303	1.35216				2
2025.09.10	00:13:13.927		1.35306			4
2025.09.10	00:14:00.004	1.35216				2
2025.09.10	00:14:13.931		1.35306			4
2025.09.10	00:15:00.238	1.35216				2
2025.09.10	00:15:14.054		1.35306			4
2025.09.10	00:16:00.005	1.35216				2
2025.09.10	00:16:06.485		1.35295			4
2025.09.10	00:16:35.246		1.35306			4
2025.09.10	00:17:00.310	1.35216				2
2025.09.10	00:17:35.520		1.35306			4
2025.09.10	00:18:00.216	1.35216				2
2025.09.10	00:18:35.747		1.35306			4
2025.09.10	00:19:00.171	1.35216				2
2025.09.10	00:19:35.860		1.35306			4
2025.09.10	00:20:00.306	1.35216				2
2025.09.10	00:20:00.614	1.35168	1.35304			6
2025.09.10	00:20:00.924		1.35306			4
2025.09.10	00:20:05.568		1.35307			4
2025.09.10	00:20:12.057		1.35314			4
2025.09.10	00:20:13.608		1.35315			4
2025.09.10	00:20:13.919		1.35312			4
2025.09.10	00:20:15.466		1.35313			4
2025.09.10	00:20:15.770		1.35314			4
2025.09.10	00:20:17.012	1.35181	1.35304			6
2025.09.10	00:20:20.263	1.35190	1.35305			6
2025.09.10	00:20:20.571	1.35171	1.35292			6
2025.09.10	00:20:21.186		1.35289			4
2025.09.10	00:20:21.496		1.35290			4
2025.09.10	00:20:22.713		1.35287			4
2025.09.10	00:20:23.024	1.35180				2
2025.09.10	00:20:23.337	1.35190				2
2025.09.10	00:20:27.654		1.35300			4
2025.09.10	00:20:28.900		1.35299			4
2025.09.10	00:20:32.922		1.35300			4
2025.09.10	00:20:33.229		1.35296			4
2025.09.10	00:20:34.156		1.35297			4
2025.09.10	00:20:41.884		1.35305			4
2025.09.10	00:20:43.127		1.35298			4
2025.09.10	00:20:44.366		1.35299			4
2025.09.10	00:20:47.148		1.35297			4
2025.09.10	00:20:48.702		1.35296			4
2025.09.10	00:20:50.555		1.35295			4
2025.09.10	00:20:54.877		1.35294			4
2025.09.10	00:20:59.522		1.35301			4
2025.09.10	00:21:00.150	1.35190				2
2025.09.10	00:21:09.754		1.35300			4
2025.09.10	00:21:11.596		1.35289			4
2025.09.10	00:21:20.261		1.35295			4
2025.09.10	00:21:33.252		1.35293			4
2025.09.10	00:21:35.724		1.35294			4
2025.09.10	00:21:43.154		1.35288			4
2025.09.10	00:21:50.285	1.35194	1.35298			6
2025.09.10	00:21:50.591		1.35294			4
2025.09.10	00:21:50.901		1.35296			4
2025.09.10	00:21:51.210		1.35295			4
2025.09.10	00:21:51.519		1.35300			4
2025.09.10	00:21:56.168	1.35182	1.35299			6
2025.09.10	00:21:59.892		1.35300			4
2025.09.10	00:22:00.197	1.35182				2
2025.09.10	00:22:05.154	1.35194	1.35299			6
2025.09.10	00:22:06.702	1.35212				2
2025.09.10	00:22:07.008		1.35300			4
2025.09.10	00:22:07.322	1.35189				2
2025.09.10	00:22:08.863		1.35301			4
2025.09.10	00:22:15.317		1.35299			4
2025.09.10	00:22:15.628		1.35301			4
2025.09.10	00:22:16.859		1.35300			4
2025.09.10	00:22:19.328	1.35188	1.35291			6
2025.09.10	00:23:01.685	1.35188				2
2025.09.10	00:23:19.440	1.35202	1.35291			6
2025.09.10	00:23:19.773		1.35302			4
2025.09.10	00:23:20.078		1.35300			4
2025.09.10	00:23:21.911		1.35305			4
2025.09.10	00:23:22.216		1.35303			4
2025.09.10	00:23:22.526		1.35305			4
2025.09.10	00:23:24.367		1.35306			4
2025.09.10	00:23:24.672		1.35300			4
2025.09.10	00:24:00.278	1.35202				2
2025.09.10	00:24:04.276		1.35299			4
2025.09.10	00:24:12.909		1.35304			4
2025.09.10	00:24:13.521		1.35301			4
2025.09.10	00:24:15.364		1.35303			4
2025.09.10	00:24:16.900	1.35203	1.35293			6
2025.09.10	00:24:40.383		1.35273			4
2025.09.10	00:24:59.381		1.35284			4
2025.09.10	00:25:01.802	1.35203				2
2025.09.10	00:25:03.991	1.35205				2
2025.09.10	00:26:03.172	1.35205	1.35284			6
2025.09.10	00:26:19.417	1.35187	1.35319			6
2025.09.10	00:26:19.727		1.35313			4
2025.09.10	00:26:33.324		1.35314			4
2025.09.10	00:26:37.026		1.35315			4
2025.09.10	00:26:42.894		1.35314			4
2025.09.10	00:26:45.058		1.35313			4
2025.09.10	00:26:45.982		1.35314			4
2025.09.10	00:26:49.374		1.35312			4
2025.09.10	00:26:55.544		1.35314			4
2025.09.10	00:26:56.472		1.35316			4
2025.09.10	00:26:58.016		1.35320			4
2025.09.10	00:27:07.764	1.35202	1.35304			6
2025.09.10	00:27:20.707		1.35310			4
2025.09.10	00:27:30.832		1.35306			4
2025.09.10	00:27:31.872		1.35310			4
2025.09.10	00:28:00.620	1.35202				2
2025.09.10	00:28:09.557	1.35203	1.35304			6
2025.09.10	00:28:16.518		1.35306			4
2025.09.10	00:28:17.765		1.35305			4
2025.09.10	00:28:18.156		1.35302			4
2025.09.10	00:28:19.158		1.35307			4
2025.09.10	00:28:22.378	1.35204	1.35310			6
2025.09.10	00:29:00.089	1.35204				2
2025.09.10	00:29:24.661		1.35310			4
2025.09.10	00:29:26.528	1.35189	1.35329			6
2025.09.10	00:30:00.372	1.35209	1.35298			6
2025.09.10	00:30:10.725	1.35203	1.35311			6
2025.09.10	00:30:20.718	1.35220	1.35298			6
2025.09.10	00:30:21.073	1.35205	1.35305			6
2025.09.10	00:30:25.725	1.35220	1.35293			6
2025.09.10	00:30:29.567	1.35229				2
2025.09.10	00:30:40.726	1.35232	1.35292			6
2025.09.10	00:30:55.727	1.35231	1.35293			6
2025.09.10	00:31:00.318	1.35231				2
2025.09.10	00:31:10.728	1.35226	1.35291			6
2025.09.10	00:31:25.750	1.35228	1.35292			6
2025.09.10	00:31:26.700		1.35278			4
2025.09.10	00:31:35.754	1.35229				2
2025.09.10	00:31:40.750	1.35224				2
2025.09.10	00:31:46.213		1.35294			4
2025.09.10	00:31:55.519	1.35226				2
2025.09.10	00:32:00.320	1.35227	1.35296			6
2025.09.10	00:32:05.960		1.35283			4
2025.09.10	00:32:06.310		1.35279			4
2025.09.10	00:32:51.401	1.35226	1.35278			6
2025.09.10	00:32:52.338	1.35216				2
2025.09.10	00:33:02.354	1.35216				2
2025.09.10	00:33:05.816	1.35217				2
2025.09.10	00:33:06.430		1.35279			4
2025.09.10	00:33:07.356	1.35218				2
2025.09.10	00:33:22.524	1.35220	1.35280			6
2025.09.10	00:33:32.912		1.35281			4
2025.09.10	00:33:37.584	1.35218	1.35283			6
2025.09.10	00:33:52.584	1.35220				2
2025.09.10	00:34:00.018	1.35220				2
2025.09.10	00:34:07.585	1.35222				2
2025.09.10	00:34:17.758	1.35224				2
2025.09.10	00:34:23.560	1.35226				2
2025.09.10	00:34:23.870	1.35227				2
2025.09.10	00:34:31.292	1.35226				2
2025.09.10	00:34:31.601	1.35225				2
2025.09.10	00:34:31.907	1.35224				2
2025.09.10	00:34:32.970	1.35228				2
2025.09.10	00:34:33.272	1.35227				2
2025.09.10	00:34:33.896	1.35225				2
2025.09.10	00:34:34.209	1.35227				2
2025.09.10	00:34:37.604	1.35223	1.35283			6
2025.09.10	00:34:52.585	1.35224				2
2025.09.10	00:35:01.344	1.35224				2
2025.09.10	00:35:02.420		1.35280			4
2025.09.10	00:35:07.584	1.35226	1.35278			6
2025.09.10	00:35:13.959	1.35224	1.35285			6
2025.09.10	00:35:19.389	1.35230	1.35278			6
2025.09.10	00:35:23.417	1.35231				2
2025.09.10	00:35:28.373		1.35279			4
2025.09.10	00:35:36.416		1.35293			4
2025.09.10	00:35:36.721	1.35232	1.35280			6
2025.09.10	00:35:46.561		1.35279			4
2025.09.10	00:36:00.320	1.35232				2
2025.09.10	00:36:24.918		1.35281			4
2025.09.10	00:36:35.089		1.35280			4
2025.09.10	00:36:47.265		1.35283			4
2025.09.10	00:36:53.013		1.35280			4
2025.09.10	00:37:01.219	1.35232				2
2025.09.10	00:37:05.251	1.35228	1.35282			6
2025.09.10	00:37:05.552	1.35225				2
2025.09.10	00:37:05.857	1.35227	1.35283			6
2025.09.10	00:37:07.091	1.35223				2
2025.09.10	00:37:07.396	1.35224				2
2025.09.10	00:37:08.937	1.35226				2
2025.09.10	00:37:09.864	1.35225				2
2025.09.10	00:37:10.169	1.35222	1.35280			6
2025.09.10	00:37:10.788	1.35225				2
2025.09.10	00:37:11.100	1.35226				2
2025.09.10	00:37:11.405	1.35225				2
2025.09.10	00:37:11.706	1.35227				2
2025.09.10	00:37:12.327	1.35226				2
2025.09.10	00:37:13.253	1.35225				2
2025.09.10	00:37:13.561	1.35226				2
2025.09.10	00:37:14.177	1.35230				2
2025.09.10	00:37:14.484	1.35228				2
2025.09.10	00:37:14.791	1.35229				2
2025.09.10	00:37:15.097	1.35228				2
2025.09.10	00:37:16.331	1.35230	1.35297			6
2025.09.10	00:37:16.646	1.35226				2
2025.09.10	00:37:16.951	1.35225				2
2025.09.10	00:37:17.255		1.35299			4
2025.09.10	00:37:18.182	1.35232				2
2025.09.10	00:37:18.487	1.35231	1.35308			6
2025.09.10	00:37:18.793	1.35236	1.35317			6
2025.09.10	00:37:19.097	1.35235	1.35305			6
2025.09.10	00:37:19.416	1.35237				2
2025.09.10	00:37:20.028	1.35238				2
2025.09.10	00:37:20.333	1.35234				2
2025.09.10	00:37:20.644	1.35235				2
2025.09.10	00:37:20.948	1.35231				2
2025.09.10	00:37:23.111	1.35234				2
2025.09.10	00:37:23.419	1.35230				2
2025.09.10	00:37:24.345	1.35231				2
2025.09.10	00:37:28.952	1.35238				2
2025.09.10	00:37:29.256	1.35239	1.35309			6
2025.09.10	00:37:29.571	1.35241				2
2025.09.10	00:37:30.486	1.35247	1.35308			6
2025.09.10	00:37:31.524	1.35236	1.35317			6
2025.09.10	00:37:31.829	1.35239				2
2025.09.10	00:37:32.139	1.35236	1.35321			6
2025.09.10	00:37:32.746	1.35241				2
2025.09.10	00:37:33.052	1.35240				2
2025.09.10	00:37:33.363	1.35237				2
2025.09.10	00:37:33.670	1.35241				2
2025.09.10	00:37:33.976	1.35244				2
2025.09.10	00:37:34.277	1.35241	1.35323			6
2025.09.10	00:37:34.903	1.35242				2
2025.09.10	00:37:35.830	1.35243	1.35321			6
2025.09.10	00:37:36.137	1.35244				2
2025.09.10	00:37:38.598	1.35238	1.35314			6
2025.09.10	00:37:38.910	1.35244	1.35330			6
2025.09.10	00:37:39.211	1.35242	1.35320			6
2025.09.10	00:37:39.526	1.35244				2
2025.09.10	00:37:39.834	1.35242				2
2025.09.10	00:37:40.141	1.35243	1.35316			6
2025.09.10	00:37:41.069	1.35237	1.35314			6
2025.09.10	00:37:41.373	1.35241	1.35318			6
2025.09.10	00:37:41.684	1.35244				2
2025.09.10	00:37:43.528	1.35247				2
2025.09.10	00:37:43.835	1.35239				2
2025.09.10	00:37:44.755	1.35238	1.35314			6
2025.09.10	00:37:45.368	1.35237				2
2025.09.10	00:37:45.677	1.35245	1.35316			6
2025.09.10	00:37:45.983	1.35243				2
2025.09.10	00:37:46.283	1.35241				2
2025.09.10	00:37:47.208	1.35242				2
2025.09.10	00:37:48.438	1.35237	1.35315			6
2025.09.10	00:37:55.747	1.35247				2
2025.09.10	00:37:56.673	1.35249				2
2025.09.10	00:37:56.979	1.35245	1.35316			6
2025.09.10	00:37:57.293	1.35244				2
2025.09.10	00:37:57.597	1.35242				2
2025.09.10	00:37:57.902	1.35241				2
2025.09.10	00:38:00.070	1.35236				2
2025.09.10	00:38:00.374	1.35244	1.35315			6
2025.09.10	00:38:00.690	1.35243				2
2025.09.10	00:38:00.996	1.35239	1.35313			6
2025.09.10	00:38:01.299	1.35247	1.35319			6
2025.09.10	00:38:01.602	1.35248				2
2025.09.10	00:38:01.906	1.35247				2
2025.09.10	00:38:02.213	1.35246				2
2025.09.10	00:38:02.518	1.35247	1.35326			6
2025.09.10	00:38:02.832	1.35246				2
2025.09.10	00:38:03.443	1.35248				2
2025.09.10	00:38:03.752	1.35244	1.35324			6
2025.09.10	00:38:05.303	1.35243				2
2025.09.10	00:38:05.609	1.35244				2
2025.09.10	00:38:06.236	1.35246				2
2025.09.10	00:38:06.538	1.35245	1.35321			6
2025.09.10	00:38:07.157	1.35244				2
2025.09.10	00:38:07.462	1.35243				2
2025.09.10	00:38:07.765	1.35244				2
2025.09.10	00:38:11.152	1.35245	1.35322			6
2025.09.10	00:38:11.458		1.35325			4
2025.09.10	00:38:11.770	1.35246				2
2025.09.10	00:38:16.080	1.35249	1.35333			6
2025.09.10	00:38:16.386	1.35248				2
2025.09.10	00:38:17.310	1.35245	1.35325			6
2025.09.10	00:38:17.925		1.35320			4
2025.09.10	00:38:18.852	1.35246				2
2025.09.10	00:38:20.694	1.35244	1.35318			6
2025.09.10	00:38:21.001	1.35251				2
2025.09.10	00:38:21.921	1.35252				2
2025.09.10	00:38:22.532	1.35253				2
2025.09.10	00:38:25.309	1.35252				2
2025.09.10	00:38:25.614	1.35242				2
2025.09.10	00:38:25.922	1.35243				2
2025.09.10	00:38:26.225	1.35244				2
2025.09.10	00:38:26.534	1.35245				2
2025.09.10	00:38:26.834		1.35316			4
2025.09.10	00:38:29.305	1.35244				2
2025.09.10	00:38:29.613	1.35241				2
2025.09.10	00:38:30.531	1.35240	1.35314			6
2025.09.10	00:38:30.842	1.35242				2
2025.09.10	00:38:31.144	1.35238	1.35310			6
2025.09.10	00:38:31.756	1.35241	1.35314			6
2025.09.10	00:38:32.074	1.35239	1.35308			6
2025.09.10	00:38:32.379	1.35238				2
2025.09.10	00:38:33.246	1.35241	1.35303			6
2025.09.10	00:38:36.881	1.35243				2
2025.09.10	00:38:43.602	1.35231	1.35306			6
2025.09.10	00:38:44.354	1.35233	1.35303			6
2025.09.10	00:38:44.669	1.35231	1.35300			6
2025.09.10	00:38:45.728	1.35234	1.35299			6
2025.09.10	00:38:46.201	1.35235	1.35302			6
2025.09.10	00:38:46.517	1.35233	1.35303			6
2025.09.10	00:38:46.817	1.35234	1.35301			6
2025.09.10	00:38:47.121	1.35233				2
2025.09.10	00:38:47.426	1.35235				2
2025.09.10	00:38:47.730	1.35233				2
2025.09.10	00:38:48.361	1.35234	1.35298			6
2025.09.10	00:38:48.696	1.35233	1.35301			6
2025.09.10	00:38:49.002	1.35231				2
2025.09.10	00:38:49.341	1.35235				2
2025.09.10	00:38:49.647	1.35233	1.35306			6
2025.09.10	00:38:53.666	1.35234				2
2025.09.10	00:38:54.585	1.35232				2
2025.09.10	00:38:55.201	1.35230	1.35304			6
2025.09.10	00:38:55.547		1.35300			4
2025.09.10	00:38:55.861	1.35231				2
2025.09.10	00:38:56.167	1.35230				2
2025.09.10	00:38:56.473	1.35232	1.35296			6
2025.09.10	00:38:57.093	1.35234	1.35297			6
2025.09.10	00:38:57.395	1.35229	1.35294			6
2025.09.10	00:38:57.698		1.35298			4
2025.09.10	00:38:58.000	1.35232	1.35295			6
2025.09.10	00:39:00.026	1.35234				2
2025.09.10	00:39:00.945	1.35233				2
2025.09.10	00:39:01.725	1.35234				2
2025.09.10	00:39:02.032	1.35235				2
2025.09.10	00:39:02.343	1.35231				2
2025.09.10	00:39:11.584	1.35230				2
2025.09.10	00:39:12.716	1.35228	1.35298			6
2025.09.10	00:39:13.021	1.35231				2
2025.09.10	00:39:13.327	1.35233				2
2025.09.10	00:39:13.636	1.35236				2
2025.09.10	00:39:15.457	1.35237				2
2025.09.10	00:39:20.728	1.35228				2
2025.09.10	00:39:22.861	1.35232				2
2025.09.10	00:39:24.106	1.35231				2
2025.09.10	00:39:25.650	1.35232				2
2025.09.10	00:39:26.893	1.35231				2
2025.09.10	00:39:29.478	1.35232	1.35297			6
2025.09.10	00:39:30.713	1.35230	1.35300			6
2025.09.10	00:39:31.027	1.35232				2
2025.09.10	00:39:31.636	1.35229	1.35297			6
2025.09.10	00:39:31.949	1.35228				2
2025.09.10	00:39:33.079		1.35298			4
2025.09.10	00:39:33.910	1.35230	1.35296			6
2025.09.10	00:39:34.225	1.35228				2
2025.09.10	00:39:34.763	1.35229				2
2025.09.10	00:39:35.996	1.35231				2
2025.09.10	00:39:36.305	1.35230				2
2025.09.10	00:39:37.854	1.35231				2
2025.09.10	00:39:40.027	1.35230				2
2025.09.10	00:39:40.638		1.35295			4
2025.09.10	00:39:46.282		1.35293			4
2025.09.10	00:39:50.584		1.35291			4
2025.09.10	00:39:56.147		1.35293			4
2025.09.10	00:39:57.713	1.35231	1.35291			6
2025.09.10	00:40:00.318	1.35224	1.35298			6
2025.09.10	00:40:00.624	1.35223				2
2025.09.10	00:40:00.932	1.35218	1.35293			6
2025.09.10	00:40:01.244	1.35217				2
2025.09.10	00:40:01.550	1.35218				2
2025.09.10	00:40:03.396	1.35217				2
2025.09.10	00:40:03.708	1.35216				2
2025.09.10	00:40:06.179	1.35214				2
2025.09.10	00:40:06.493	1.35211				2
2025.09.10	00:40:07.413	1.35212				2
2025.09.10	00:40:07.716	1.35215				2
2025.09.10	00:40:09.262	1.35211				2
2025.09.10	00:40:09.575	1.35215				2
2025.09.10	00:40:09.876	1.35213				2
2025.09.10	00:40:12.660	1.35215	1.35297			6
2025.09.10	00:40:13.284	1.35219				2
2025.09.10	00:40:15.438	1.35217				2
2025.09.10	00:40:16.051	1.35218	1.35294			6
2025.09.10	00:40:16.365	1.35216				2
2025.09.10	00:40:16.668	1.35217	1.35292			6
2025.09.10	00:40:16.976	1.35216				2
2025.09.10	00:40:17.898	1.35217				2
2025.09.10	00:40:20.354	1.35219	1.35294			6
2025.09.10	00:40:20.967		1.35292			4
2025.09.10	00:40:21.277	1.35215	1.35290			6
2025.09.10	00:40:22.199	1.35214				2
2025.09.10	00:40:22.511	1.35213				2
2025.09.10	00:40:27.117	1.35212				2
2025.09.10	00:40:28.346	1.35211	1.35288			6
2025.09.10	00:40:28.651	1.35212				2
2025.09.10	00:40:28.957		1.35290			4
2025.09.10	00:40:30.190	1.35211				2
2025.09.10	00:40:30.802	1.35210				2
2025.09.10	00:40:32.343	1.35212				2
2025.09.10	00:40:35.129	1.35215				2
2025.09.10	00:40:35.436	1.35213				2
2025.09.10	00:40:37.286	1.35215				2
2025.09.10	00:40:37.904	1.35214				2
2025.09.10	00:40:38.522	1.35215				2
2025.09.10	00:40:39.139	1.35216				2
2025.09.10	00:40:40.987	1.35215				2
2025.09.10	00:40:41.294	1.35214				2
2025.09.10	00:40:46.537	1.35213	1.35289			6
2025.09.10	00:40:46.842	1.35214				2
2025.09.10	00:40:47.152	1.35215				2
2025.09.10	00:40:48.382	1.35216				2
2025.09.10	00:40:48.691	1.35215				2
2025.09.10	00:40:49.004		1.35291			4
2025.09.10	00:40:51.160	1.35213	1.35290			6
2025.09.10	00:40:51.465	1.35216				2
2025.09.10	00:40:51.775	1.35215				2
2025.09.10	00:40:52.085	1.35217				2
2025.09.10	00:40:53.941	1.35214				2
2025.09.10	00:40:56.413	1.35213				2
2025.09.10	00:40:58.877	1.35209				2
2025.09.10	00:40:59.186	1.35215	1.35304			6
2025.09.10	00:40:59.498	1.35212	1.35302			6
2025.09.10	00:40:59.809	1.35215	1.35304			6
2025.09.10	00:41:00.117	1.35216				2
2025.09.10	00:41:01.042		1.35290			4
2025.09.10	00:41:04.748	1.35218				2
2025.09.10	00:41:05.675	1.35219				2
2025.09.10	00:41:05.992	1.35218				2
2025.09.10	00:41:06.296	1.35217	1.35294			6
2025.09.10	00:41:06.601	1.35218				2
2025.09.10	00:41:07.221	1.35217				2
2025.09.10	00:41:07.528	1.35218				2
2025.09.10	00:41:07.834	1.35221				2
2025.09.10	00:41:08.143	1.35219	1.35298			6
2025.09.10	00:41:08.762	1.35215	1.35301			6
2025.09.10	00:41:10.310	1.35217	1.35292			6
2025.09.10	00:41:10.621	1.35220				2
2025.09.10	00:41:10.928	1.35219				2
2025.09.10	00:41:11.240	1.35217				2
2025.09.10	00:41:12.471	1.35216				2
2025.09.10	00:41:14.320	1.35215				2
2025.09.10	00:41:14.633	1.35214				2
2025.09.10	00:41:16.482		1.35290			4
2025.09.10	00:41:16.795		1.35288			4
2025.09.10	00:41:17.109	1.35215	1.35291			6
2025.09.10	00:41:17.413		1.35302			4
2025.09.10	00:41:17.719	1.35213				2
2025.09.10	00:41:18.029		1.35291			4
2025.09.10	00:41:19.570		1.35292			4
2025.09.10	00:41:19.876	1.35216	1.35302			6
2025.09.10	00:41:20.802	1.35215				2
2025.09.10	00:41:21.112	1.35213	1.35291			6
2025.09.10	00:41:21.420	1.35214	1.35289			6
2025.09.10	00:41:21.732	1.35216	1.35291			6
2025.09.10	00:41:22.345		1.35289			4
2025.09.10	00:41:22.651	1.35218				2
2025.09.10	00:41:22.960	1.35217				2
2025.09.10	00:41:23.268	1.35219				2
2025.09.10	00:41:23.574	1.35218				2
2025.09.10	00:41:23.883	1.35217				2
2025.09.10	00:41:24.508	1.35216				2
2025.09.10	00:41:24.813	1.35214				2
2025.09.10	00:41:25.431	1.35215				2
2025.09.10	00:41:26.664	1.35214				2
2025.09.10	00:41:27.587	1.35215				2
2025.09.10	00:41:30.370	1.35213				2
2025.09.10	00:41:30.990	1.35214				2
2025.09.10	00:41:31.291	1.35217				2
2025.09.10	00:41:31.910	1.35216				2
2025.09.10	00:41:32.535	1.35215				2
2025.09.10	00:41:32.839	1.35214				2
2025.09.10	00:41:33.154	1.35213				2
2025.09.10	00:41:35.620	1.35210	1.35285			6
2025.09.10	00:41:35.925	1.35209				2
2025.09.10	00:41:36.851	1.35210				2
2025.09.10	00:41:37.777	1.35211				2
2025.09.10	00:41:38.093	1.35214				2
2025.09.10	00:41:38.706	1.35215				2
2025.09.10	00:41:39.640		1.35287			4
2025.09.10	00:41:41.181	1.35214				2
2025.09.10	00:41:47.672	1.35210	1.35286			6
2025.09.10	00:41:47.979	1.35214				2
2025.09.10	00:41:48.290	1.35211				2
2025.09.10	00:41:51.070	1.35208	1.35285			6
2025.09.10	00:41:51.371	1.35212				2
2025.09.10	00:41:51.689	1.35214				2
2025.09.10	00:41:51.993	1.35213				2
2025.09.10	00:41:52.301	1.35212				2
2025.09.10	00:41:55.084	1.35211				2
2025.09.10	00:41:55.700	1.35214				2
2025.09.10	00:41:56.008	1.35213				2
2025.09.10	00:41:56.941	1.35214				2
2025.09.10	00:41:58.171	1.35213				2
2025.09.10	00:41:58.485	1.35215				2
2025.09.10	00:42:00.025	1.35215				2
2025.09.10	00:42:02.489	1.35214				2
2025.09.10	00:42:02.796	1.35216				2
2025.09.10	00:42:03.416	1.35217				2
2025.09.10	00:42:06.193	1.35216	1.35286			6
2025.09.10	00:42:06.503	1.35214				2
2025.09.10	00:42:06.807	1.35216				2
2025.09.10	00:42:07.116	1.35217				2
2025.09.10	00:42:08.354	1.35216				2
2025.09.10	00:42:10.214	1.35214				2
2025.09.10	00:42:10.516	1.35212				2
2025.09.10	00:42:11.444	1.35211				2
2025.09.10	00:42:12.693	1.35209				2
2025.09.10	00:42:13.159	1.35211				2
2025.09.10	00:42:14.089	1.35213				2
2025.09.10	00:42:16.244	1.35216				2
2025.09.10	00:42:16.554	1.35217				2
2025.09.10	00:42:17.788	1.35215				2
2025.09.10	00:42:18.714	1.35214				2
2025.09.10	00:42:19.332	1.35217				2
2025.09.10	00:42:21.182	1.35220	1.35292			6
2025.09.10	00:42:22.727	1.35219				2
2025.09.10	00:42:25.808	1.35218				2
2025.09.10	00:42:31.982	1.35217				2
2025.09.10	00:42:32.291	1.35219				2
2025.09.10	00:42:32.601	1.35218	1.35302			6
2025.09.10	00:42:33.830		1.35292			4
2025.09.10	00:42:35.063	1.35216				2
2025.09.10	00:42:35.984	1.35214				2
2025.09.10	00:42:36.295	1.35219				2
2025.09.10	00:42:36.596	1.35220				2
2025.09.10	00:42:38.756	1.35217				2
2025.09.10	00:42:39.064	1.35219				2
2025.09.10	00:42:41.529	1.35218				2
2025.09.10	00:42:42.761	1.35217				2
2025.09.10	00:42:43.072	1.35218				2
2025.09.10	00:42:45.832	1.35219				2
2025.09.10	00:42:47.679	1.35218	1.35293			6
2025.09.10	00:42:47.981	1.35217				2
2025.09.10	00:42:48.606	1.35215				2
2025.09.10	00:42:48.911	1.35214	1.35291			6
2025.09.10	00:42:49.222	1.35216				2
2025.09.10	00:42:52.935	1.35217				2
2025.09.10	00:42:53.242	1.35216				2
2025.09.10	00:42:54.166	1.35215				2
2025.09.10	00:42:55.700	1.35216				2
2025.09.10	00:42:56.007		1.35289			4
2025.09.10	00:42:56.312	1.35214				2
2025.09.10	00:42:57.238		1.35288			4
2025.09.10	00:42:57.541		1.35290			4
2025.09.10	00:42:58.159	1.35216				2
2025.09.10	00:42:58.462	1.35214				2
2025.09.10	00:42:59.694	1.35215				2
2025.09.10	00:43:00.000	1.35215				2
2025.09.10	00:43:00.610	1.35216				2
2025.09.10	00:43:02.458	1.35219				2
2025.09.10	00:43:02.774	1.35218	1.35292			6
2025.09.10	00:43:04.630	1.35219				2
2025.09.10	00:43:05.549	1.35220				2
2025.09.10	00:43:05.854	1.35218	1.35290			6
2025.09.10	00:43:06.162	1.35217				2
2025.09.10	00:43:06.475	1.35218				2
2025.09.10	00:43:07.391	1.35216				2
2025.09.10	00:43:08.006	1.35217				2
2025.09.10	00:43:08.315	1.35219				2
2025.09.10	00:43:08.622	1.35218				2
2025.09.10	00:43:08.933	1.35219				2
2025.09.10	00:43:09.238	1.35218				2
2025.09.10	00:43:10.776	1.35220				2
2025.09.10	00:43:11.085	1.35218				2
2025.09.10	00:43:12.319	1.35220	1.35293			6
2025.09.10	00:43:20.928	1.35221				2
2025.09.10	00:43:22.463	1.35219				2
2025.09.10	00:43:22.767	1.35220				2
2025.09.10	00:43:23.995		1.35294			4
2025.09.10	00:43:25.224	1.35218				2
2025.09.10	00:43:30.126	1.35217				2
2025.09.10	00:43:30.438	1.35219				2
2025.09.10	00:43:32.588	1.35217				2
2025.09.10	00:43:33.510	1.35219				2
2025.09.10	00:43:33.822	1.35218				2
2025.09.10	00:43:35.051	1.35220				2
2025.09.10	00:43:35.358	1.35218				2
2025.09.10	00:43:36.276	1.35219				2
2025.09.10	00:43:36.587	1.35218				2
2025.09.10	00:43:36.894	1.35219				2
2025.09.10	00:43:41.505	1.35220				2
2025.09.10	00:43:46.439	1.35219				2
2025.09.10	00:43:49.208	1.35218				2
2025.09.10	00:43:50.440	1.35214				2
2025.09.10	00:43:50.745	1.35218				2
2025.09.10	00:43:51.053	1.35217				2
2025.09.10	00:43:52.896	1.35218				2
2025.09.10	00:43:59.363	1.35219				2
2025.09.10	00:44:00.294	1.35218				2
2025.09.10	00:44:02.765		1.35297			4
2025.09.10	00:44:05.541		1.35294			4
2025.09.10	00:44:06.161	1.35217				2
2025.09.10	00:44:10.795	1.35218				2
2025.09.10	00:44:12.957	1.35220	1.35305			6
2025.09.10	00:44:13.266	1.35219				2
2025.09.10	00:44:13.574	1.35218	1.35294			6
2025.09.10	00:44:13.882		1.35305			4
2025.09.10	00:44:14.193	1.35220				2
2025.09.10	00:44:18.513	1.35214	1.35294			6
2025.09.10	00:44:18.817	1.35216				2
2025.09.10	00:44:19.126	1.35215	1.35305			6
2025.09.10	00:44:21.897	1.35221				2
2025.09.10	00:44:22.206	1.35222				2
2025.09.10	00:44:22.513	1.35217	1.35294			6
2025.09.10	00:44:22.821	1.35214	1.35304			6
2025.09.10	00:44:23.130	1.35216	1.35305			6
2025.09.10	00:44:23.742	1.35215	1.35294			6
2025.09.10	00:44:24.668	1.35214				2
2025.09.10	00:44:27.134		1.35291			4
2025.09.10	00:44:27.448	1.35218				2
2025.09.10	00:44:27.755	1.35219				2
2025.09.10	00:44:28.069	1.35217				2
2025.09.10	00:44:29.604	1.35218				2
2025.09.10	00:44:29.917	1.35216				2
2025.09.10	00:44:37.320	1.35213				2
2025.09.10	00:44:37.624	1.35217				2
2025.09.10	00:44:37.934	1.35216				2
2025.09.10	00:44:38.549	1.35215				2
2025.09.10	00:44:39.163	1.35218				2
2025.09.10	00:44:40.088	1.35216				2
2025.09.10	00:44:41.324	1.35218				2
2025.09.10	00:44:42.245	1.35216	1.35296			6
2025.09.10	00:44:42.860	1.35218				2
2025.09.10	00:44:43.168	1.35219				2
2025.09.10	00:44:44.095	1.35218				2
2025.09.10	00:44:44.401	1.35219				2
2025.09.10	00:44:44.711	1.35217				2
2025.09.10	00:44:45.022	1.35216				2
2025.09.10	00:44:49.311	1.35219	1.35302			6
2025.09.10	00:44:49.617	1.35218				2
2025.09.10	00:44:52.396	1.35219	1.35306			6
2025.09.10	00:44:52.704	1.35220	1.35310			6
2025.09.10	00:44:53.011	1.35222	1.35312			6
2025.09.10	00:44:53.320	1.35221	1.35311			6
2025.09.10	00:44:54.243	1.35220	1.35301			6
2025.09.10	00:44:54.557	1.35221				2
2025.09.10	00:44:55.792		1.35299			4
2025.09.10	00:44:56.097	1.35220				2
2025.09.10	00:44:58.259	1.35219				2
2025.09.10	00:45:00.103	1.35219				2
2025.09.10	00:45:00.421	1.35218				2
2025.09.10	00:45:00.727	1.35219				2
2025.09.10	00:45:01.956	1.35217				2
2025.09.10	00:45:02.264	1.35221				2
2025.09.10	00:45:02.576	1.35220				2
2025.09.10	00:45:02.885	1.35221				2
2025.09.10	00:45:03.191	1.35220	1.35310			6
2025.09.10	00:45:06.890		1.35299			4
2025.09.10	00:45:07.816	1.35223				2
2025.09.10	00:45:10.542	1.35239	1.35283			6
2025.09.10	00:45:12.934	1.35238	1.35288			6
2025.09.10	00:45:14.470	1.35236	1.35285			6
2025.09.10	00:45:14.783	1.35235				2
2025.09.10	00:45:15.092	1.35237				2
2025.09.10	00:45:15.708	1.35236				2
2025.09.10	00:45:17.865	1.35239				2
2025.09.10	00:45:18.176	1.35238				2
2025.09.10	00:45:19.717	1.35236				2
2025.09.10	00:45:20.025	1.35235				2
2025.09.10	00:45:20.946	1.35234				2
2025.09.10	00:45:21.265	1.35235				2
2025.09.10	00:45:22.801		1.35288			4
2025.09.10	00:45:24.654	1.35236				2
2025.09.10	00:45:28.354	1.35233	1.35287			6
2025.09.10	00:45:28.665	1.35236				2
2025.09.10	00:45:28.966	1.35235				2
2025.09.10	00:45:29.274	1.35236				2
2025.09.10	00:45:31.125	1.35235				2
2025.09.10	00:45:31.747	1.35232				2
2025.09.10	00:45:37.904	1.35233	1.35290			6
2025.09.10	00:45:38.210	1.35234	1.35292			6
2025.09.10	00:45:39.753	1.35235				2
2025.09.10	00:45:40.057	1.35236				2
2025.09.10	00:45:41.906	1.35235	1.35293			6
2025.09.10	00:45:44.673	1.35234	1.35292			6
2025.09.10	00:45:45.280	1.35235				2
2025.09.10	00:45:49.903	1.35236				2
2025.09.10	00:45:51.140		1.35294			4
2025.09.10	00:45:51.443	1.35235	1.35293			6
2025.09.10	00:45:51.744	1.35236	1.35294			6
2025.09.10	00:45:52.378	1.35234	1.35292			6
2025.09.10	00:45:52.688	1.35235	1.35287			6
2025.09.10	00:45:52.991	1.35239				2
2025.09.10	00:46:00.069	1.35239				2
2025.09.10	00:46:07.753	1.35237	1.35295			6
2025.09.10	00:46:08.064	1.35238	1.35296			6
2025.09.10	00:46:08.676	1.35237	1.35295			6
2025.09.10	00:46:09.294	1.35235	1.35293			6
2025.09.10	00:46:09.600	1.35237	1.35295			6
2025.09.10	00:46:10.531	1.35235	1.35293			6
2025.09.10	00:46:11.452	1.35234	1.35292			6
2025.09.10	00:46:12.373	1.35233	1.35291			6
2025.09.10	00:46:13.295	1.35234	1.35292			6
2025.09.10	00:46:16.679	1.35232	1.35290			6
2025.09.10	00:46:16.984	1.35234	1.35292			6
2025.09.10	00:46:17.293	1.35236	1.35293			6
2025.09.10	00:46:17.910	1.35235				2
2025.09.10	00:46:19.757	1.35234	1.35292			6
2025.09.10	00:46:20.068	1.35233	1.35291			6
2025.09.10	00:46:21.606	1.35232	1.35290			6
2025.09.10	00:46:26.227	1.35233	1.35291			6
2025.09.10	00:46:26.851	1.35236	1.35293			6
2025.09.10	00:46:27.463	1.35234	1.35292			6
2025.09.10	00:46:29.621	1.35233	1.35291			6
2025.09.10	00:46:31.469	1.35234	1.35292			6
2025.09.10	00:46:31.772	1.35233	1.35291			6
2025.09.10	00:46:32.092	1.35235	1.35289			6
2025.09.10	00:46:33.015		1.35288			4
2025.09.10	00:46:33.326	1.35237				2
2025.09.10	00:46:35.797	1.35236				2
2025.09.10	00:46:37.337	1.35233				2
2025.09.10	00:46:37.650	1.35237				2
2025.09.10	00:46:37.954	1.35236				2
2025.09.10	00:46:40.112	1.35235				2
2025.09.10	00:46:41.039	1.35233				2
2025.09.10	00:46:41.670	1.35234				2
2025.09.10	00:46:46.904	1.35236				2
2025.09.10	00:46:47.209	1.35233	1.35287			6
2025.09.10	00:46:47.522	1.35235				2
2025.09.10	00:46:47.835	1.35234				2
2025.09.10	00:46:50.884	1.35243	1.35274			6
2025.09.10	00:46:51.194	1.35233	1.35289			6
2025.09.10	00:46:51.502	1.35236				2
2025.09.10	00:46:51.806	1.35237				2
2025.09.10	00:46:52.421	1.35236				2
2025.09.10	00:46:53.040	1.35235				2
2025.09.10	00:46:53.342	1.35233				2
2025.09.10	00:46:54.574	1.35234				2
2025.09.10	00:46:54.884	1.35235				2
2025.09.10	00:46:58.901	1.35234				2
2025.09.10	00:46:59.519	1.35235				2
2025.09.10	00:46:59.831	1.35234				2
2025.09.10	00:47:00.134	1.35234				2
2025.09.10	00:47:01.685	1.35235				2
2025.09.10	00:47:02.922	1.35234				2
2025.09.10	00:47:03.228		1.35292			4
2025.09.10	00:47:05.999	1.35236	1.35294			6
2025.09.10	00:47:06.306	1.35235	1.35293			6
2025.09.10	00:47:06.926	1.35234	1.35282			6
2025.09.10	00:47:07.239	1.35235				2
2025.09.10	00:47:08.472	1.35234				2
2025.09.10	00:47:14.023	1.35235				2
2025.09.10	00:47:14.335	1.35234				2
2025.09.10	00:47:16.483	1.35237				2
2025.09.10	00:47:19.879	1.35234				2
2025.09.10	00:47:20.180	1.35235				2
2025.09.10	00:47:21.111	1.35234	1.35279			6
2025.09.10	00:47:21.417	1.35236				2
2025.09.10	00:47:21.727		1.35278			4
2025.09.10	00:47:22.649	1.35233	1.35288			6
2025.09.10	00:47:22.957	1.35234				2
2025.09.10	00:47:24.503	1.35233				2
2025.09.10	00:47:25.126	1.35232				2
2025.09.10	00:47:29.137	1.35235	1.35292			6
2025.09.10	00:47:31.296	1.35234	1.35288			6
2025.09.10	00:47:32.223	1.35235	1.35290			6
2025.09.10	00:47:32.526	1.35237				2
2025.09.10	00:47:32.830	1.35235	1.35293			6
2025.09.10	00:47:33.148	1.35232	1.35290			6
2025.09.10	00:47:33.454	1.35237	1.35288			6
2025.09.10	00:47:33.768	1.35235				2
2025.09.10	00:47:34.382	1.35236				2
2025.09.10	00:47:35.307	1.35234				2
2025.09.10	00:47:35.619	1.35233				2
2025.09.10	00:47:36.229	1.35236	1.35278			6
2025.09.10	00:47:51.023	1.35240	1.35276			6
2025.09.10	00:47:51.641		1.35279			4
2025.09.10	00:47:52.258		1.35276			4
2025.09.10	00:47:53.181		1.35278			4
2025.09.10	00:47:54.103		1.35277			4
2025.09.10	00:47:55.651		1.35276			4
2025.09.10	00:48:00.284	1.35240				2
2025.09.10	00:48:02.748		1.35278			4
2025.09.10	00:48:06.138	1.35234	1.35283			6
2025.09.10	00:48:06.448	1.35236				2
2025.09.10	00:48:06.761	1.35235				2
2025.09.10	00:48:07.062	1.35236				2
2025.09.10	00:48:10.761	1.35232				2
2025.09.10	00:48:11.688	1.35231				2
2025.09.10	00:48:12.615	1.35232				2
2025.09.10	00:48:16.317	1.35234				2
2025.09.10	00:48:16.621	1.35237				2
2025.09.10	00:48:17.856	1.35233				2
2025.09.10	00:48:18.163	1.35232				2
2025.09.10	00:48:20.945	1.35234				2
2025.09.10	00:48:21.252	1.35239	1.35280			6
2025.09.10	00:48:21.557		1.35278			4
2025.09.10	00:48:21.868	1.35237				2
2025.09.10	00:48:22.176		1.35280			4
2025.09.10	00:48:45.034	1.35238	1.35276			6
2025.09.10	00:48:51.213	1.35236	1.35273			6
2025.09.10	00:49:00.174	1.35236				2
2025.09.10	00:49:06.049	1.35231				2
2025.09.10	00:49:06.350		1.35275			4
2025.09.10	00:49:09.759	1.35229	1.35278			6
2025.09.10	00:49:10.060	1.35230				2
2025.09.10	00:49:10.668	1.35231				2
2025.09.10	00:49:10.976	1.35232				2
2025.09.10	00:49:11.283	1.35230				2
2025.09.10	00:49:11.583	1.35229				2
2025.09.10	00:49:12.208	1.35230				2
2025.09.10	00:49:13.130	1.35232				2
2025.09.10	00:49:14.676	1.35231				2
2025.09.10	00:49:17.153	1.35232				2
2025.09.10	00:49:17.453	1.35231				2
2025.09.10	00:49:22.707	1.35233				2
2025.09.10	00:49:23.011	1.35232				2
2025.09.10	00:49:23.321	1.35233				2
2025.09.10	00:49:23.626	1.35232				2
2025.09.10	00:49:23.938	1.35231				2
2025.09.10	00:49:26.104	1.35232	1.35276			6
2025.09.10	00:49:26.411	1.35233				2
2025.09.10	00:49:26.723	1.35231				2
2025.09.10	00:49:29.506	1.35235				2
2025.09.10	00:49:30.115	1.35230				2
2025.09.10	00:49:31.342	1.35231				2
2025.09.10	00:49:31.650	1.35226				2
2025.09.10	00:49:31.965	1.35227				2
2025.09.10	00:49:32.583	1.35228				2
2025.09.10	00:49:34.127	1.35229				2
2025.09.10	00:49:35.666	1.35230				2
2025.09.10	00:49:38.139	1.35231				2
2025.09.10	00:49:39.678	1.35233	1.35274			6
2025.09.10	00:49:39.990	1.35231				2
2025.09.10	00:49:44.313	1.35232				2
2025.09.10	00:49:44.627	1.35231				2
2025.09.10	00:49:46.794	1.35232				2
2025.09.10	00:49:47.724	1.35233				2
2025.09.10	00:49:48.038	1.35232				2
2025.09.10	00:49:49.580	1.35234				2
2025.09.10	00:49:49.894	1.35233				2
2025.09.10	00:49:53.294		1.35272			4
2025.09.10	00:50:00.074	1.35233				2
2025.09.10	00:50:01.308	1.35231	1.35274			6
2025.09.10	00:50:01.616	1.35232				2
2025.09.10	00:50:01.924	1.35234				2
2025.09.10	00:50:02.851	1.35231				2
2025.09.10	00:50:03.153	1.35216				2
2025.09.10	00:50:03.459	1.35193	1.35289			6
2025.09.10	00:50:03.764		1.35311			4
2025.09.10	00:50:04.380		1.35308			4
2025.09.10	00:50:04.685	1.35199	1.35286			6
2025.09.10	00:50:04.995	1.35200				2
2025.09.10	00:50:06.539	1.35209	1.35284			6
2025.09.10	00:50:06.849	1.35211				2
2025.09.10	00:50:07.467	1.35207	1.35288			6
2025.09.10	00:50:07.775	1.35209	1.35287			6
2025.09.10	00:50:08.085	1.35213	1.35282			6
2025.09.10	00:50:08.399	1.35216	1.35280			6
2025.09.10	00:50:08.706	1.35214	1.35288			6
2025.09.10	00:50:09.013	1.35216				2
2025.09.10	00:50:09.940		1.35284			4
2025.09.10	00:50:10.241	1.35218				2
2025.09.10	00:50:10.544	1.35219				2
2025.09.10	00:50:10.846	1.35224	1.35282			6
2025.09.10	00:50:11.157	1.35223	1.35281			6
2025.09.10	00:50:12.081	1.35221	1.35279			6
2025.09.10	00:50:12.388	1.35223	1.35281			6
2025.09.10	00:50:12.696	1.35220	1.35278			6
2025.09.10	00:50:13.003	1.35217	1.35280			6
2025.09.10	00:50:13.616	1.35220	1.35278			6
2025.09.10	00:50:14.546	1.35223	1.35275			6
2025.09.10	00:50:14.852	1.35219				2
2025.09.10	00:50:15.168	1.35216	1.35278			6
2025.09.10	00:50:15.473	1.35222				2
2025.09.10	00:50:15.780	1.35223				2
2025.09.10	00:50:16.400	1.35225				2
2025.09.10	00:50:16.707	1.35226				2
2025.09.10	00:50:17.015	1.35225				2
2025.09.10	00:50:17.633	1.35226				2
2025.09.10	00:50:18.564	1.35221				2
2025.09.10	00:50:18.867	1.35223				2
2025.09.10	00:50:19.487	1.35221				2
2025.09.10	00:50:19.805	1.35223				2
2025.09.10	00:50:20.723	1.35225				2
2025.09.10	00:50:21.339	1.35226				2
2025.09.10	00:50:21.648	1.35219				2
2025.09.10	00:50:21.955	1.35214				2
2025.09.10	00:50:22.269	1.35220				2
2025.09.10	00:50:22.576	1.35218				2
2025.09.10	00:50:22.885	1.35217				2
2025.09.10	00:50:23.194	1.35218				2
2025.09.10	00:50:23.501	1.35219				2
2025.09.10	00:50:23.803	1.35220				2
2025.09.10	00:50:24.118	1.35219				2
2025.09.10	00:50:24.427	1.35216				2
2025.09.10	00:50:24.732	1.35213				2
2025.09.10	00:50:25.044	1.35224				2
2025.09.10	00:50:25.661	1.35221				2
2025.09.10	00:50:26.280	1.35227				2
2025.09.10	00:50:26.903	1.35223				2
2025.09.10	00:50:27.510	1.35218				2
2025.09.10	00:50:27.819	1.35225				2
2025.09.10	00:50:28.129	1.35217				2
2025.09.10	00:50:28.432	1.35214				2
2025.09.10	00:50:34.271	1.35217				2
2025.09.10	00:50:37.661	1.35219				2
2025.09.10	00:50:37.968	1.35220				2
2025.09.10	00:50:38.277	1.35223				2
2025.09.10	00:50:39.508	1.35225				2
2025.09.10	00:50:39.811	1.35223				2
2025.09.10	00:50:40.114	1.35216				2
2025.09.10	00:50:40.418	1.35220				2
2025.09.10	00:50:40.720	1.35222				2
2025.09.10	00:50:41.029	1.35223				2
2025.09.10	00:50:41.334	1.35222				2
2025.09.10	00:50:41.639	1.35223				2
2025.09.10	00:50:41.958	1.35224				2
2025.09.10	00:50:42.565	1.35223				2
2025.09.10	00:50:43.171	1.35224	1.35276			6
2025.09.10	00:50:43.477	1.35226				2
2025.09.10	00:50:44.385	1.35225	1.35278			6
2025.09.10	00:50:44.692	1.35224				2
2025.09.10	00:50:44.997	1.35221				2
2025.09.10	00:50:45.300	1.35226				2
2025.09.10	00:50:45.607	1.35225				2
2025.09.10	00:50:46.520	1.35227				2
2025.09.10	00:50:49.294	1.35224				2
2025.09.10	00:50:49.908	1.35221				2
2025.09.10	00:50:50.217	1.35223				2
2025.09.10	00:50:50.518	1.35229				2
2025.09.10	00:50:50.840	1.35227				2
2025.09.10	00:50:51.147	1.35229				2
2025.09.10	00:50:51.765	1.35230				2
2025.09.10	00:50:52.072	1.35231				2
2025.09.10	00:50:56.082	1.35229				2
2025.09.10	00:50:57.928	1.35234				2
2025.09.10	00:51:00.090	1.35227				2
2025.09.10	00:51:00.391	1.35231				2
2025.09.10	00:51:03.168	1.35232				2
2025.09.10	00:51:04.396	1.35230				2
2025.09.10	00:51:04.706	1.35229	1.35277			6
2025.09.10	00:51:05.017	1.35226				2
2025.09.10	00:51:05.322	1.35225				2
2025.09.10	00:51:05.629	1.35228				2
2025.09.10	00:51:05.945	1.35229				2
2025.09.10	00:51:06.861	1.35228				2
2025.09.10	00:51:07.172	1.35229				2
2025.09.10	00:51:08.099	1.35226				2
2025.09.10	00:51:09.636	1.35219				2
2025.09.10	00:51:09.944	1.35223				2
2025.09.10	00:51:10.252	1.35219				2
2025.09.10	00:51:14.886	1.35223				2
2025.09.10	00:51:15.193	1.35226				2
2025.09.10	00:51:16.740	1.35230				2
2025.09.10	00:51:19.211	1.35229				2
2025.09.10	00:51:19.832	1.35230				2
2025.09.10	00:51:21.056	1.35223				2
2025.09.10	00:51:21.365	1.35227				2
2025.09.10	00:51:22.913	1.35228				2
2025.09.10	00:51:25.073	1.35227				2
2025.09.10	00:51:26.608	1.35228				2
2025.09.10	00:51:30.308	1.35227				2
2025.09.10	00:51:30.615	1.35228				2
2025.09.10	00:51:31.241	1.35230				2
2025.09.10	00:51:32.159	1.35227	1.35280			6
2025.09.10	00:51:34.933	1.35228				2
2025.09.10	00:51:35.552	1.35229				2
2025.09.10	00:51:39.554	1.35231				2
2025.09.10	00:51:41.098	1.35230				2
2025.09.10	00:51:44.493	1.35233				2
2025.09.10	00:51:45.106	1.35227				2
2025.09.10	00:51:47.876	1.35231				2
2025.09.10	00:51:49.728	1.35232	1.35285			6
2025.09.10	00:51:50.033	1.35237				2
2025.09.10	00:51:50.954	1.35230				2
2025.09.10	00:51:51.571	1.35234				2
2025.09.10	00:51:51.876	1.35230				2
2025.09.10	00:51:52.184	1.35226				2
2025.09.10	00:51:55.570	1.35229				2
2025.09.10	00:51:58.944	1.35231				2
2025.09.10	00:52:00.173	1.35233				2
2025.09.10	00:52:00.789	1.35231				2
2025.09.10	00:52:03.557	1.35230				2
2025.09.10	00:52:04.784	1.35227	1.35289			6
2025.09.10	00:52:08.475	1.35229				2
2025.09.10	00:52:09.091	1.35232				2
2025.09.10	00:52:12.182	1.35234				2
2025.09.10	00:52:14.036	1.35230	1.35288			6
2025.09.10	00:52:19.269	1.35231	1.35289			6
2025.09.10	00:52:20.803	1.35232				2
2025.09.10	00:52:24.187	1.35233	1.35291			6
2025.09.10	00:52:24.497		1.35289			4
2025.09.10	00:52:25.124	1.35236				2
2025.09.10	00:52:25.735	1.35234				2
2025.09.10	00:52:30.355	1.35229				2
2025.09.10	00:52:30.661	1.35232				2
2025.09.10	00:52:31.285	1.35234				2
2025.09.10	00:52:32.209	1.35233				2
2025.09.10	00:52:32.512	1.35234				2
2025.09.10	00:52:34.976	1.35233	1.35291			6
2025.09.10	00:52:36.828	1.35229	1.35292			6
2025.09.10	00:52:41.146	1.35232	1.35291			6
2025.09.10	00:52:41.462	1.35229	1.35292			6
2025.09.10	00:52:42.075	1.35228				2
2025.09.10	00:52:42.393	1.35226				2
2025.09.10	00:52:45.168	1.35233				2
2025.09.10	00:52:45.790	1.35228				2
2025.09.10	00:52:46.093	1.35231				2
2025.09.10	00:52:46.406	1.35235				2
2025.09.10	00:52:47.028	1.35232				2
2025.09.10	00:52:48.564	1.35233				2
2025.09.10	00:52:49.807		1.35295			4
2025.09.10	00:52:50.722	1.35235	1.35294			6
2025.09.10	00:52:54.434	1.35236	1.35295			6
2025.09.10	00:52:59.052	1.35235				2
2025.09.10	00:52:59.670	1.35232				2
2025.09.10	00:52:59.977	1.35235				2
2025.09.10	00:53:00.286	1.35235				2
2025.09.10	00:53:01.211	1.35234				2
2025.09.10	00:53:02.453	1.35235				2
2025.09.10	00:53:04.911		1.35297			4
2025.09.10	00:53:06.456	1.35232				2
2025.09.10	00:53:06.767	1.35228	1.35303			6
2025.09.10	00:53:07.072	1.35206				2
2025.09.10	00:53:08.925	1.35227	1.35280			6
2025.09.10	00:53:09.232	1.35232				2
2025.09.10	00:53:09.538	1.35233	1.35279			6
2025.09.10	00:53:09.838	1.35227				2
2025.09.10	00:53:10.141	1.35229				2
2025.09.10	00:53:10.442	1.35232				2
2025.09.10	00:53:10.751	1.35233	1.35278			6
2025.09.10	00:53:11.671	1.35232				2
2025.09.10	00:53:12.297	1.35220				2
2025.09.10	00:53:16.001	1.35230	1.35277			6
2025.09.10	00:53:16.309	1.35222				2
2025.09.10	00:53:16.925	1.35230	1.35276			6
2025.09.10	00:53:17.232	1.35231	1.35278			6
2025.09.10	00:53:18.156	1.35229	1.35277			6
2025.09.10	00:53:18.464	1.35228				2
2025.09.10	00:53:19.698	1.35237				2
2025.09.10	00:53:20.007	1.35238				2
2025.09.10	00:53:21.852	1.35235				2
2025.09.10	00:53:23.394	1.35238				2
2025.09.10	00:53:24.319	1.35236				2
2025.09.10	00:53:24.630	1.35229				2
2025.09.10	00:53:28.021	1.35237				2
2025.09.10	00:53:28.329	1.35235				2
2025.09.10	00:53:28.637	1.35238	1.35276			6
2025.09.10	00:53:28.942	1.35240				2
2025.09.10	00:53:29.256	1.35241				2
2025.09.10	00:53:29.869	1.35239				2
2025.09.10	00:53:30.176	1.35236				2
2025.09.10	00:53:31.412	1.35238				2
2025.09.10	00:53:31.721	1.35236				2
2025.09.10	00:53:32.947	1.35239				2
2025.09.10	00:53:33.254	1.35229				2
2025.09.10	00:53:33.559	1.35231				2
2025.09.10	00:53:33.861	1.35232				2
2025.09.10	00:53:34.164	1.35228				2
2025.09.10	00:53:35.379	1.35233				2
2025.09.10	00:53:35.983	1.35228				2
2025.09.10	00:53:45.170	1.35238				2
2025.09.10	00:53:47.596	1.35237				2
2025.09.10	00:53:48.510	1.35226				2
2025.09.10	00:53:49.737	1.35233				2
2025.09.10	00:53:50.053	1.35226				2
2025.09.10	00:53:54.360	1.35228				2
2025.09.10	00:53:54.666	1.35226				2
2025.09.10	00:53:58.368	1.35230				2
2025.09.10	00:53:58.674	1.35226	1.35278			6
2025.09.10	00:53:58.981	1.35236				2
2025.09.10	00:54:00.210	1.35236				2
2025.09.10	00:54:02.957	1.35234	1.35276			6
2025.09.10	00:54:03.265	1.35223				2
2025.09.10	00:54:03.572	1.35235				2
2025.09.10	00:54:03.876	1.35223				2
2025.09.10	00:54:05.107	1.35237				2
2025.09.10	00:54:05.416	1.35223				2
2025.09.10	00:54:06.334	1.35236				2
2025.09.10	00:54:07.244	1.35238				2
2025.09.10	00:54:07.856	1.35223				2
2025.09.10	00:54:10.324	1.35227				2
2025.09.10	00:54:10.631	1.35234				2
2025.09.10	00:54:11.237	1.35223				2
2025.09.10	00:54:13.071	1.35231				2
2025.09.10	00:54:13.376	1.35223				2
2025.09.10	00:54:15.825	1.35235				2
2025.09.10	00:54:16.128		1.35277			4
2025.09.10	00:54:16.735	1.35233				2
2025.09.10	00:54:17.042	1.35234				2
2025.09.10	00:54:17.343	1.35223				2
2025.09.10	00:54:17.968	1.35235				2
2025.09.10	00:54:18.280	1.35234				2
2025.09.10	00:54:18.583	1.35231				2
2025.09.10	00:54:18.897	1.35233				2
2025.09.10	00:54:19.823	1.35231				2
2025.09.10	00:54:20.128	1.35223				2
2025.09.10	00:54:25.353	1.35233				2
2025.09.10	00:54:25.660	1.35223				2
2025.09.10	00:54:27.193	1.35235				2
2025.09.10	00:54:27.503	1.35223				2
2025.09.10	00:54:28.727	1.35237				2
2025.09.10	00:54:30.250	1.35233				2
2025.09.10	00:54:30.556	1.35224				2
2025.09.10	00:54:32.398	1.35238				2
2025.09.10	00:54:33.012	1.35224				2
2025.09.10	00:54:37.321	1.35229				2
2025.09.10	00:54:37.622	1.35230				2
2025.09.10	00:54:37.933	1.35224				2
2025.09.10	00:54:43.168	1.35228	1.35276			6
2025.09.10	00:54:43.783	1.35236				2
2025.09.10	00:54:44.097	1.35237				2
2025.09.10	00:54:46.241	1.35228	1.35279			6
2025.09.10	00:54:46.558	1.35230				2
2025.09.10	00:54:46.866	1.35235				2
2025.09.10	00:54:47.480	1.35236				2
2025.09.10	00:54:47.783	1.35228				2
2025.09.10	00:54:50.249	1.35235				2
2025.09.10	00:54:50.860	1.35228				2
2025.09.10	00:54:51.176	1.35236				2
2025.09.10	00:54:53.636	1.35228				2
2025.09.10	00:54:56.095	1.35233				2
2025.09.10	00:54:58.545		1.35291			4
2025.09.10	00:54:59.157	1.35229	1.35283			6
2025.09.10	00:54:59.464	1.35234				2
2025.09.10	00:54:59.769	1.35235	1.35281			6
2025.09.10	00:55:00.079	1.35235				2
2025.09.10	00:55:00.396	1.35229				2
2025.09.10	00:55:03.164	1.35227	1.35291			6
2025.09.10	00:55:03.484	1.35233	1.35299			6
2025.09.10	00:55:03.792	1.35227	1.35313			6
2025.09.10	00:55:04.095	1.35234	1.35312			6
2025.09.10	00:55:04.400	1.35225				2
2025.09.10	00:55:04.705	1.35231	1.35311			6
2025.09.10	00:55:05.009	1.35224	1.35310			6
2025.09.10	00:55:05.319	1.35241	1.35306			6
2025.09.10	00:55:05.624	1.35242	1.35308			6
2025.09.10	00:55:06.526	1.35231				2
2025.09.10	00:55:06.837	1.35223	1.35313			6
2025.09.10	00:55:07.139	1.35238				2
2025.09.10	00:55:09.294	1.35227	1.35315			6
2025.09.10	00:55:10.521	1.35226				2
2025.09.10	00:55:10.825	1.35234	1.35308			6
2025.09.10	00:55:11.126	1.35230				2
2025.09.10	00:55:11.445		1.35311			4
2025.09.10	00:55:11.751	1.35235	1.35304			6
2025.09.10	00:55:12.058	1.35233				2
2025.09.10	00:55:12.364	1.35242	1.35303			6
2025.09.10	00:55:12.669	1.35233	1.35304			6
2025.09.10	00:55:12.983	1.35244	1.35300			6
2025.09.10	00:55:13.287	1.35235	1.35302			6
2025.09.10	00:55:13.592	1.35242				2
2025.09.10	00:55:13.893	1.35237	1.35312			6
2025.09.10	00:55:14.199	1.35239	1.35311			6
2025.09.10	00:55:14.805	1.35224	1.35314			6
2025.09.10	00:55:15.108	1.35246	1.35307			6
2025.09.10	00:55:15.410	1.35245	1.35303			6
2025.09.10	00:55:15.716	1.35234	1.35315			6
2025.09.10	00:55:16.017	1.35238	1.35309			6
2025.09.10	00:55:16.319	1.35242				2
2025.09.10	00:55:16.620	1.35245	1.35303			6
2025.09.10	00:55:18.140	1.35234	1.35314			6
2025.09.10	00:55:19.979	1.35233	1.35313			6
2025.09.10	00:55:20.282	1.35230	1.35315			6
2025.09.10	00:55:20.584	1.35242	1.35307			6
2025.09.10	00:55:20.886	1.35227	1.35318			6
2025.09.10	00:55:22.445	1.35232	1.35317			6
2025.09.10	00:55:22.753	1.35235	1.35316			6
2025.09.10	00:55:23.058	1.35224	1.35318			6
2025.09.10	00:55:23.360	1.35225				2
2025.09.10	00:55:23.981	1.35247	1.35314			6
2025.09.10	00:55:24.283	1.35238				2
2025.09.10	00:55:24.585	1.35235	1.35312			6
2025.09.10	00:55:25.500	1.35234	1.35314			6
2025.09.10	00:55:26.106	1.35232	1.35312			6
2025.09.10	00:55:26.408	1.35235				2
2025.09.10	00:55:26.713	1.35228	1.35314			6
2025.09.10	00:55:27.629	1.35234				2
2025.09.10	00:55:27.933	1.35250	1.35309			6
2025.09.10	00:55:28.240	1.35232	1.35311			6
2025.09.10	00:55:28.542		1.35312			4
2025.09.10	00:55:28.858	1.35238				2
2025.09.10	00:55:30.395	1.35246	1.35308			6
2025.09.10	00:55:30.704	1.35248	1.35307			6
2025.09.10	00:55:31.005	1.35247	1.35305			6
2025.09.10	00:55:31.317	1.35238	1.35311			6
2025.09.10	00:55:35.318		1.35312			4
2025.09.10	00:55:36.241	1.35247	1.35305			6
2025.09.10	00:55:37.476	1.35237	1.35312			6
2025.09.10	00:55:38.087		1.35313			4
2025.09.10	00:55:40.241	1.35230				2
2025.09.10	00:55:40.546	1.35239	1.35312			6
2025.09.10	00:55:40.856	1.35242	1.35313			6
2025.09.10	00:55:42.695	1.35230				2
2025.09.10	00:55:42.998		1.35311			4
2025.09.10	00:55:47.916	1.35242				2
2025.09.10	00:55:50.947	1.35230				2
2025.09.10	00:55:51.883	1.35238				2
2025.09.10	00:55:52.789	1.35230	1.35319			6
2025.09.10	00:55:53.096	1.35248	1.35312			6
2025.09.10	00:55:54.014	1.35236	1.35319			6
2025.09.10	00:55:55.239	1.35231	1.35322			6
2025.09.10	00:55:58.923	1.35228	1.35321			6
2025.09.10	00:55:59.541	1.35234	1.35320			6
2025.09.10	00:56:00.160	1.35234				2
2025.09.10	00:56:00.466	1.35230	1.35321			6
2025.09.10	00:56:02.307	1.35244	1.35313			6
2025.09.10	00:56:02.608	1.35248	1.35309			6
2025.09.10	00:56:02.912	1.35230	1.35321			6
2025.09.10	00:56:03.213	1.35235	1.35320			6
2025.09.10	00:56:08.732	1.35226	1.35321			6
2025.09.10	00:56:09.034	1.35240	1.35317			6
2025.09.10	00:56:10.259	1.35241				2
2025.09.10	00:56:10.567		1.35319			4
2025.09.10	00:56:10.868	1.35229	1.35323			6
2025.09.10	00:56:11.176	1.35237	1.35322			6
2025.09.10	00:56:11.478	1.35244	1.35315			6
2025.09.10	00:56:11.781	1.35233	1.35323			6
2025.09.10	00:56:12.087	1.35249	1.35307			6
2025.09.10	00:56:13.621	1.35237	1.35321			6
2025.09.10	00:56:13.925	1.35247	1.35311			6
2025.09.10	00:56:14.232	1.35241	1.35319			6
2025.09.10	00:56:14.538	1.35237	1.35321			6
2025.09.10	00:56:15.768	1.35230	1.35322			6
2025.09.10	00:56:16.077	1.35235	1.35321			6
2025.09.10	00:56:16.378	1.35227	1.35322			6
2025.09.10	00:56:17.604	1.35247	1.35310			6
2025.09.10	00:56:18.836	1.35227	1.35322			6
2025.09.10	00:56:19.137	1.35243	1.35310			6
2025.09.10	00:56:20.676		1.35311			4
2025.09.10	00:56:22.188	1.35239	1.35313			6
2025.09.10	00:56:27.696	1.35233	1.35322			6
2025.09.10	00:56:28.003	1.35249	1.35307			6
2025.09.10	00:56:28.304	1.35241	1.35313			6
2025.09.10	00:56:28.611	1.35232	1.35321			6
2025.09.10	00:56:28.920	1.35250	1.35308			6
2025.09.10	00:56:30.158	1.35242	1.35312			6
2025.09.10	00:56:30.463	1.35249	1.35307			6
2025.09.10	00:56:31.692	1.35236	1.35320			6
2025.09.10	00:56:32.605		1.35321			4
2025.09.10	00:56:36.908	1.35240	1.35317			6
2025.09.10	00:56:37.213	1.35220	1.35328			6
2025.09.10	00:56:37.516	1.35246	1.35311			6
2025.09.10	00:56:37.827	1.35245				2
2025.09.10	00:56:38.136	1.35241	1.35303			6
2025.09.10	00:56:38.752	1.35230				2
2025.09.10	00:56:41.511	1.35245				2
2025.09.10	00:56:43.352	1.35233	1.35313			6
2025.09.10	00:56:43.672	1.35231	1.35316			6
2025.09.10	00:56:43.972	1.35234				2
2025.09.10	00:56:46.123	1.35218	1.35305			6
2025.09.10	00:56:46.424	1.35209	1.35320			6
2025.09.10	00:56:46.725		1.35324			4
2025.09.10	00:56:47.043	1.35227				2
2025.09.10	00:56:48.879	1.35207				2
2025.09.10	00:56:49.497	1.35214	1.35290			6
2025.09.10	00:56:49.799	1.35216	1.35287			6
2025.09.10	00:56:50.102	1.35215				2
2025.09.10	00:56:50.416	1.35217				2
2025.09.10	00:56:50.720	1.35221	1.35288			6
2025.09.10	00:56:51.031	1.35219				2
2025.09.10	00:56:51.345	1.35221				2
2025.09.10	00:56:51.653	1.35240				2
2025.09.10	00:56:52.265	1.35223				2
2025.09.10	00:56:52.570	1.35225				2
2025.09.10	00:56:52.881	1.35242	1.35287			6
2025.09.10	00:56:54.405	1.35238	1.35289			6
2025.09.10	00:56:55.319	1.35226				2
2025.09.10	00:56:55.623	1.35239				2
2025.09.10	00:56:55.929	1.35238				2
2025.09.10	00:56:56.234	1.35229	1.35288			6
2025.09.10	00:56:56.537	1.35222	1.35289			6
2025.09.10	00:56:57.159	1.35220				2
2025.09.10	00:56:57.465	1.35218				2
2025.09.10	00:56:57.777	1.35219				2
2025.09.10	00:56:58.078	1.35222				2
2025.09.10	00:56:58.379	1.35228				2
2025.09.10	00:56:58.681	1.35238				2
2025.09.10	00:56:58.984	1.35224				2
2025.09.10	00:56:59.307	1.35220				2
2025.09.10	00:56:59.610	1.35226				2
2025.09.10	00:57:00.223	1.35223				2
2025.09.10	00:57:04.531	1.35225				2
2025.09.10	00:57:04.837	1.35229	1.35287			6
2025.09.10	00:57:05.139	1.35230				2
2025.09.10	00:57:05.446	1.35226	1.35285			6
2025.09.10	00:57:06.057	1.35227				2
2025.09.10	00:57:06.368	1.35231				2
2025.09.10	00:57:06.671	1.35228				2
2025.09.10	00:57:06.986	1.35242				2
2025.09.10	00:57:07.292	1.35243				2
2025.09.10	00:57:09.411	1.35227	1.35283			6
2025.09.10	00:57:09.716	1.35237	1.35284			6
2025.09.10	00:57:10.018	1.35225	1.35283			6
2025.09.10	00:57:11.246	1.35231	1.35284			6
2025.09.10	00:57:11.564	1.35233				2
2025.09.10	00:57:11.867	1.35234				2
2025.09.10	00:57:12.178	1.35222				2
2025.09.10	00:57:17.425	1.35236				2
2025.09.10	00:57:17.728	1.35241	1.35283			6
2025.09.10	00:57:18.036	1.35225				2
2025.09.10	00:57:19.270	1.35227				2
2025.09.10	00:57:19.580	1.35240				2
2025.09.10	00:57:19.888	1.35231				2
2025.09.10	00:57:20.195	1.35242				2
2025.09.10	00:57:20.813	1.35240				2
2025.09.10	00:57:21.114	1.35231				2
2025.09.10	00:57:22.654	1.35233				2
2025.09.10	00:57:32.208	1.35228				2
2025.09.10	00:57:34.671	1.35240				2
2025.09.10	00:57:34.974	1.35230				2
2025.09.10	00:57:35.289	1.35241				2
2025.09.10	00:57:35.593	1.35232				2
2025.09.10	00:57:35.904	1.35240				2
2025.09.10	00:57:36.819	1.35230				2
2025.09.10	00:57:37.123	1.35240				2
2025.09.10	00:57:38.668	1.35230				2
2025.09.10	00:57:38.969	1.35228				2
2025.09.10	00:57:39.277		1.35285			4
2025.09.10	00:57:39.580	1.35226				2
2025.09.10	00:57:39.880	1.35230				2
2025.09.10	00:57:40.203	1.35232				2
2025.09.10	00:57:40.504	1.35227				2
2025.09.10	00:57:40.808	1.35226				2
2025.09.10	00:57:41.110	1.35234				2
2025.09.10	00:57:41.420	1.35226				2
2025.09.10	00:57:43.582	1.35222	1.35286			6
2025.09.10	00:57:43.887	1.35219				2
2025.09.10	00:57:44.501	1.35218				2
2025.09.10	00:57:45.430	1.35221				2
2025.09.10	00:57:45.739	1.35223				2
2025.09.10	00:57:46.047	1.35229	1.35285			6
2025.09.10	00:57:46.361	1.35230				2
2025.09.10	00:57:47.897	1.35240				2
2025.09.10	00:57:49.425		1.35284			4
2025.09.10	00:57:50.033	1.35241				2
2025.09.10	00:57:50.339	1.35226				2
2025.09.10	00:57:50.647	1.35242				2
2025.09.10	00:57:51.251	1.35231				2
2025.09.10	00:57:54.332	1.35229	1.35283			6
2025.09.10	00:57:54.646	1.35232				2
2025.09.10	00:57:54.949		1.35284			4
2025.09.10	00:58:00.142	1.35232				2
2025.09.10	00:58:01.663	1.35221				2
2025.09.10	00:58:04.420	1.35233				2
2025.09.10	00:58:04.722	1.35229	1.35283			6
2025.09.10	00:58:05.028	1.35241				2
2025.09.10	00:58:05.337	1.35226				2
2025.09.10	00:58:05.955	1.35229				2
2025.09.10	00:58:06.266	1.35225				2
2025.09.10	00:58:06.575	1.35240				2
2025.09.10	00:58:08.124	1.35230				2
2025.09.10	00:58:08.432	1.35228	1.35282			6
2025.09.10	00:58:12.125	1.35237				2
2025.09.10	00:58:12.738	1.35224				2
2025.09.10	00:58:13.044	1.35229				2
2025.09.10	00:58:13.364	1.35231				2
2025.09.10	00:58:13.671	1.35239	1.35283			6
2025.09.10	00:58:13.977	1.35217	1.35289			6
2025.09.10	00:58:14.278	1.35209	1.35295			6
2025.09.10	00:58:14.579	1.35231				2
2025.09.10	00:58:14.885	1.35209				2
2025.09.10	00:58:15.194	1.35232				2
2025.09.10	00:58:15.500	1.35209				2
2025.09.10	00:58:18.570	1.35230	1.35298			6
2025.09.10	00:58:18.880	1.35208				2
2025.09.10	00:58:19.530	1.35207				2
2025.09.10	00:58:22.285	1.35209				2
2025.09.10	00:58:25.340	1.35232	1.35318			6
2025.09.10	00:58:25.645	1.35234	1.35323			6
2025.09.10	00:58:25.961	1.35212	1.35325			6
2025.09.10	00:58:26.265	1.35209				2
2025.09.10	00:58:26.576	1.35232	1.35324			6
2025.09.10	00:58:27.195	1.35209	1.35325			6
2025.09.10	00:58:29.354	1.35206	1.35322			6
2025.09.10	00:58:29.667		1.35321			4
2025.09.10	00:58:30.280	1.35225				2
2025.09.10	00:58:30.592	1.35206				2
2025.09.10	00:58:35.524		1.35320			4
2025.09.10	00:58:37.379	1.35208				2
2025.09.10	00:58:40.776	1.35206				2
2025.09.10	00:58:50.355		1.35323			4
2025.09.10	00:58:59.297	1.35230				2
2025.09.10	00:58:59.600	1.35206				2
2025.09.10	00:59:00.221	1.35206				2
2025.09.10	00:59:05.770		1.35321			4
2025.09.10	00:59:07.308		1.35318			4
2025.09.10	00:59:08.533	1.35207				2
2025.09.10	00:59:16.865	1.35232				2
2025.09.10	00:59:17.167	1.35231				2
2025.09.10	00:59:22.042	1.35206				2
2025.09.10	00:59:22.662	1.35227				2
2025.09.10	00:59:27.573	1.35206				2
2025.09.10	00:59:32.493	1.35230				2
2025.09.10	00:59:33.109	1.35206				2
2025.09.10	01:00:00.145	1.35216	1.35291			6
2025.09.10	01:00:00.448		1.35290			4
2025.09.10	01:00:00.773	1.35225				2
2025.09.10	01:00:01.080	1.35224				2
2025.09.10	01:00:01.382	1.35187				2
2025.09.10	01:00:01.683	1.35226	1.35289			6
2025.09.10	01:00:01.986	1.35197				2
2025.09.10	01:00:02.302	1.35228	1.35291			6
2025.09.10	01:00:02.614	1.35195				2
2025.09.10	01:00:02.931	1.35202				2
2025.09.10	01:00:03.240	1.35197	1.35286			6
2025.09.10	01:00:03.551	1.35232	1.35289			6
2025.09.10	01:00:03.857		1.35304			4
2025.09.10	01:00:04.162	1.35233				2
2025.09.10	01:00:04.779		1.35294			4
2025.09.10	01:00:05.080	1.35234				2
2025.09.10	01:00:05.382	1.35193				2
2025.09.10	01:00:05.687	1.35234	1.35289			6
2025.09.10	01:00:06.308	1.35232				2
2025.09.10	01:00:06.614	1.35233	1.35282			6
2025.09.10	01:00:06.925	1.35217				2
2025.09.10	01:00:07.226	1.35234				2
2025.09.10	01:00:07.532	1.35242	1.35275			6
2025.09.10	01:00:08.147		1.35274			4
2025.09.10	01:00:12.130		1.35262			4
2025.09.10	01:00:14.891	1.35241				2
2025.09.10	01:00:16.122		1.35263			4
2025.09.10	01:00:21.313		1.35259			4
2025.09.10	01:00:26.209	1.35239	1.35254			6
2025.09.10	01:00:26.510	1.35238	1.35258			6
2025.09.10	01:00:29.542	1.35239	1.35257			6
2025.09.10	01:00:30.453	1.35240				2
2025.09.10	01:00:31.367	1.35239	1.35259			6
2025.09.10	01:00:36.248	1.35240	1.35257			6
2025.09.10	01:00:41.151	1.35242	1.35259			6
2025.09.10	01:00:41.453	1.35243	1.35258			6
2025.09.10	01:00:45.145	1.35241	1.35256			6
2025.09.10	01:00:46.063	1.35239	1.35255			6
2025.09.10	01:00:46.366	1.35238	1.35256			6
2025.09.10	01:00:49.113	1.35239	1.35255			6
2025.09.10	01:00:49.418	1.35240	1.35256			6
2025.09.10	01:00:54.908	1.35241	1.35257			6
2025.09.10	01:01:00.116	1.35241				2
2025.09.10	01:01:00.417	1.35243	1.35258			6
2025.09.10	01:01:04.096	1.35253	1.35256			6
2025.09.10	01:01:04.399	1.35243	1.35258			6
2025.09.10	01:01:04.700	1.35242	1.35255			6
2025.09.10	01:01:06.543	1.35245	1.35248			6
2025.09.10	01:01:09.607	1.35246	1.35249			6
2025.09.10	01:01:37.135	1.35245	1.35248			6
2025.09.10	01:01:50.015	1.35246	1.35249			6
2025.09.10	01:01:52.139	1.35245	1.35248			6
2025.09.10	01:01:53.053	1.35246	1.35249			6
2025.09.10	01:01:57.019	1.35248	1.35251			6
2025.09.10	01:02:00.084	1.35248				2
2025.09.10	01:02:05.272	1.35249	1.35252			6
2025.09.10	01:02:07.107	1.35248	1.35251			6
2025.09.10	01:02:07.414	1.35257	1.35260			6
2025.09.10	01:02:08.330	1.35256	1.35261			6
2025.09.10	01:02:08.634	1.35255	1.35260			6
2025.09.10	01:02:10.151		1.35259			4
2025.09.10	01:02:17.188	1.35256				2
2025.09.10	01:03:00.011	1.35256				2
2025.09.10	01:03:04.001	1.35257	1.35260			6
2025.09.10	01:03:25.131	1.35258	1.35261			6
2025.09.10	01:03:25.438	1.35257	1.35260			6
2025.09.10	01:03:34.003	1.35256	1.35259			6
2025.09.10	01:04:00.257	1.35256				2
2025.09.10	01:04:03.020	1.35257	1.35260			6
2025.09.10	01:04:03.627	1.35256	1.35259			6
2025.09.10	01:04:08.198	1.35257	1.35260			6
2025.09.10	01:04:10.953	1.35258	1.35261			6
2025.09.10	01:04:18.271	1.35257	1.35260			6
2025.09.10	01:04:18.577	1.35258	1.35261			6
2025.09.10	01:04:20.100	1.35257				2
2025.09.10	01:04:24.376		1.35260			4
2025.09.10	01:04:32.643	1.35258	1.35261			6
2025.09.10	01:04:33.255	1.35257	1.35260			6
2025.09.10	01:04:51.823	1.35258	1.35261			6
2025.09.10	01:04:52.430	1.35257	1.35260			6
2025.09.10	01:04:53.336	1.35258	1.35261			6
2025.09.10	01:04:53.641	1.35257	1.35260			6
2025.09.10	01:04:54.248	1.35258	1.35261			6
2025.09.10	01:04:56.690	1.35268	1.35271			6
2025.09.10	01:04:56.993	1.35269	1.35272			6
2025.09.10	01:04:58.222	1.35264	1.35275			6
2025.09.10	01:05:00.068	1.35264				2
2025.09.10	01:05:00.375	1.35254	1.35264			6
2025.09.10	01:05:00.680	1.35255				2
2025.09.10	01:05:02.220	1.35254				2
2025.09.10	01:05:02.835	1.35255				2
2025.09.10	01:05:03.755	1.35253	1.35262			6
2025.09.10	01:05:04.369	1.35254				2
2025.09.10	01:05:06.216	1.35255				2
2025.09.10	01:05:07.146	1.35259	1.35267			6
2025.09.10	01:05:07.756	1.35260	1.35268			6
2025.09.10	01:05:08.064		1.35267			4
2025.09.10	01:05:09.916		1.35266			4
2025.09.10	01:05:10.217		1.35265			4
2025.09.10	01:05:13.292		1.35264			4
2025.09.10	01:05:14.506	1.35261	1.35265			6
2025.09.10	01:05:16.341		1.35264			4
2025.09.10	01:05:32.546	1.35262	1.35265			6
2025.09.10	01:05:46.629	1.35268	1.35271			6
2025.09.10	01:05:47.237	1.35269	1.35272			6
2025.09.10	01:05:47.541	1.35276	1.35279			6
2025.09.10	01:05:48.151	1.35273	1.35282			6
2025.09.10	01:05:48.468		1.35283			4
2025.09.10	01:05:51.530		1.35282			4
2025.09.10	01:05:53.370	1.35274				2
2025.09.10	01:05:54.294	1.35275				2
2025.09.10	01:05:54.902	1.35274	1.35281			6
2025.09.10	01:05:55.214		1.35280			4
2025.09.10	01:05:57.358	1.35275				2
2025.09.10	01:05:58.287		1.35279			4
2025.09.10	01:05:58.911	1.35274	1.35278			6
2025.09.10	01:06:00.163	1.35272	1.35275			6
2025.09.10	01:06:00.465	1.35274	1.35278			6
2025.09.10	01:06:00.775	1.35273	1.35277			6
2025.09.10	01:06:01.388	1.35272	1.35275			6
2025.09.10	01:06:02.311	1.35271				2
2025.09.10	01:06:03.237		1.35274			4
2025.09.10	01:06:04.465		1.35273			4
2025.09.10	01:06:04.770		1.35274			4
2025.09.10	01:06:05.384		1.35273			4
2025.09.10	01:06:05.689		1.35274			4
2025.09.10	01:06:07.538	1.35272	1.35275			6
2025.09.10	01:06:24.034	1.35279	1.35282			6
2025.09.10	01:06:25.252	1.35276	1.35285			6
2025.09.10	01:06:25.556	1.35275	1.35284			6
2025.09.10	01:06:26.169	1.35276				2
2025.09.10	01:06:27.100		1.35283			4
2025.09.10	01:06:28.347	1.35277	1.35282			6
2025.09.10	01:06:29.311	1.35278				2
2025.09.10	01:06:31.161		1.35281			4
2025.09.10	01:07:00.220	1.35278				2
2025.09.10	01:07:07.528	1.35277	1.35280			6
2025.09.10	01:08:00.288	1.35277				2
2025.09.10	01:08:03.689	1.35278	1.35281			6
2025.09.10	01:08:25.018	1.35279	1.35282			6
2025.09.10	01:08:25.326	1.35278	1.35281			6
2025.09.10	01:08:39.838	1.35279	1.35282			6
2025.09.10	01:08:45.096	1.35278				2
2025.09.10	01:08:53.390		1.35281			4
2025.09.10	01:08:58.298	1.35279	1.35283			6
2025.09.10	01:09:00.153	1.35279				2
2025.09.10	01:09:01.699	1.35277	1.35281			6
2025.09.10	01:09:02.319	1.35275				2
2025.09.10	01:09:07.285	1.35276				2
2025.09.10	01:09:09.145	1.35277				2
2025.09.10	01:09:15.319	1.35276				2
2025.09.10	01:09:16.238	1.35277				2
2025.09.10	01:09:19.318	1.35278				2
2025.09.10	01:09:20.230	1.35276	1.35280			6
2025.09.10	01:09:20.532	1.35277	1.35281			6
2025.09.10	01:09:21.143	1.35276				2
2025.09.10	01:09:25.126	1.35277				2
2025.09.10	01:09:27.285		1.35280			4
2025.09.10	01:09:38.568	1.35279	1.35282			6
2025.09.10	01:09:39.176	1.35276				2
2025.09.10	01:09:45.336	1.35277				2
2025.09.10	01:09:46.260	1.35276	1.35281			6
2025.09.10	01:09:49.337	1.35277				2
2025.09.10	01:09:49.640	1.35276	1.35280			6
2025.09.10	01:09:50.249		1.35281			4
2025.09.10	01:09:51.169		1.35280			4
2025.09.10	01:09:52.086	1.35277				2
2025.09.10	01:10:00.040	1.35277				2
2025.09.10	01:10:08.007	1.35276	1.35279			6
2025.09.10	01:10:09.236	1.35275	1.35281			6
2025.09.10	01:10:13.231		1.35280			4
2025.09.10	01:10:14.152		1.35279			4
2025.09.10	01:10:15.074	1.35276				2
2025.09.10	01:10:19.666	1.35275	1.35278			6
2025.09.10	01:10:20.271	1.35274				2
2025.09.10	01:10:21.189		1.35281			4
2025.09.10	01:10:24.263		1.35280			4
2025.09.10	01:10:25.191		1.35279			4
2025.09.10	01:10:26.105		1.35281			4
2025.09.10	01:10:27.335		1.35280			4
2025.09.10	01:10:28.260	1.35275	1.35279			6
2025.09.10	01:10:29.175		1.35278			4
2025.09.10	01:11:00.026	1.35275				2
2025.09.10	01:11:06.146	1.35274				2
2025.09.10	01:11:06.450	1.35275	1.35279			6
2025.09.10	01:11:07.369		1.35278			4
2025.09.10	01:11:09.506	1.35274	1.35277			6
2025.09.10	01:11:10.114	1.35271	1.35275			6
2025.09.10	01:11:10.421	1.35270	1.35274			6
2025.09.10	01:11:11.346	1.35266	1.35278			6
2025.09.10	01:11:11.655		1.35277			4
2025.09.10	01:11:14.421		1.35278			4
2025.09.10	01:11:17.208		1.35277			4
2025.09.10	01:11:18.126		1.35276			4
2025.09.10	01:11:19.360	1.35267	1.35275			6
2025.09.10	01:11:20.288	1.35268				2
2025.09.10	01:11:21.207		1.35274			4
2025.09.10	01:11:22.132	1.35269				2
2025.09.10	01:11:24.282	1.35270				2
2025.09.10	01:11:27.346		1.35273			4
2025.09.10	01:11:42.252	1.35269	1.35272			6
2025.09.10	01:11:53.477	1.35270	1.35273			6
2025.09.10	01:12:00.198	1.35270				2
2025.09.10	01:12:04.475	1.35271	1.35274			6
2025.09.10	01:12:04.781	1.35270	1.35273			6
2025.09.10	01:12:25.237	1.35269	1.35272			6
2025.09.10	01:12:27.993	1.35270	1.35273			6
2025.09.10	01:12:28.305	1.35271	1.35274			6
2025.09.10	01:12:28.916	1.35270	1.35273			6
2025.09.10	01:12:29.222	1.35268	1.35277			6
2025.09.10	01:12:32.299	1.35267				2
2025.09.10	01:12:34.141		1.35276			4
2025.09.10	01:12:35.371	1.35268				2
2025.09.10	01:12:36.287	1.35269	1.35275			6
2025.09.10	01:12:37.218		1.35274			4
2025.09.10	01:12:38.138		1.35273			4
2025.09.10	01:12:39.369	1.35270	1.35274			6
2025.09.10	01:12:40.288	1.35269				2
2025.09.10	01:12:41.213	1.35270				2
2025.09.10	01:12:42.125		1.35273			4
2025.09.10	01:12:43.652	1.35269	1.35272			6
2025.09.10	01:12:43.955	1.35270	1.35273			6
2025.09.10	01:12:44.256	1.35268	1.35276			6
2025.09.10	01:12:45.177	1.35267	1.35277			6
2025.09.10	01:12:52.244	1.35268	1.35276			6
2025.09.10	01:12:53.167	1.35269	1.35275			6
2025.09.10	01:12:54.089	1.35270	1.35274			6
2025.09.10	01:12:56.216		1.35273			4
2025.09.10	01:13:00.167	1.35270				2
2025.09.10	01:13:00.773	1.35271	1.35274			6
2025.09.10	01:13:02.291	1.35269	1.35275			6
2025.09.10	01:13:03.204	1.35270	1.35274			6
2025.09.10	01:13:04.118	1.35271				2
2025.09.10	01:13:12.356	1.35270	1.35273			6
2025.09.10	01:13:29.150	1.35271	1.35274			6
2025.09.10	01:13:30.383	1.35270	1.35273			6
2025.09.10	01:13:30.691	1.35271	1.35274			6
2025.09.10	01:13:30.998	1.35270	1.35273			6
2025.09.10	01:13:33.753	1.35271	1.35274			6
2025.09.10	01:13:36.811	1.35270	1.35273			6
2025.09.10	01:13:37.123	1.35267	1.35276			6
2025.09.10	01:13:37.737	1.35266				2
2025.09.10	01:13:38.342		1.35275			4
2025.09.10	01:13:39.265	1.35267				2
2025.09.10	01:13:40.194	1.35268	1.35274			6
2025.09.10	01:13:41.121	1.35266	1.35276			6
2025.09.10	01:13:42.359	1.35268	1.35275			6
2025.09.10	01:13:43.296	1.35269	1.35274			6
2025.09.10	01:13:44.235		1.35273			4
2025.09.10	01:13:45.167	1.35270				2
2025.09.10	01:13:46.387		1.35274			4
2025.09.10	01:13:47.321		1.35273			4
2025.09.10	01:13:52.243	1.35269	1.35272			6
2025.09.10	01:13:57.749	1.35270	1.35273			6
2025.09.10	01:14:00.190	1.35270				2
2025.09.10	01:14:04.162	1.35269	1.35272			6
2025.09.10	01:14:04.467	1.35271	1.35274			6
2025.09.10	01:14:08.134	1.35270	1.35273			6
2025.09.10	01:14:11.184	1.35271	1.35274			6
2025.09.10	01:14:23.129	1.35270	1.35273			6
2025.09.10	01:14:24.342	1.35267	1.35277			6
2025.09.10	01:14:27.110	1.35268				2
2025.09.10	01:14:28.348	1.35267				2
2025.09.10	01:14:29.275	1.35268				2
2025.09.10	01:14:30.200	1.35269	1.35276			6
2025.09.10	01:14:31.133	1.35270	1.35275			6
2025.09.10	01:14:32.392		1.35274			4
2025.09.10	01:14:33.314	1.35271				2
2025.09.10	01:14:33.928	1.35270	1.35273			6
2025.09.10	01:14:35.151	1.35268	1.35278			6
2025.09.10	01:14:35.453	1.35266	1.35277			6
2025.09.10	01:14:36.068	1.35267	1.35278			6
2025.09.10	01:14:36.377	1.35266				2
2025.09.10	01:14:36.688		1.35277			4
2025.09.10	01:14:36.996	1.35267				2
2025.09.10	01:14:37.312	1.35266				2
2025.09.10	01:14:37.620	1.35267				2
2025.09.10	01:14:37.924	1.35266				2
2025.09.10	01:14:38.231		1.35276			4
2025.09.10	01:14:38.536		1.35277			4
2025.09.10	01:14:40.073		1.35278			4
2025.09.10	01:14:41.021		1.35277			4
2025.09.10	01:14:44.133		1.35276			4
2025.09.10	01:14:45.371	1.35267	1.35275			6
2025.09.10	01:14:46.311	1.35269	1.35274			6
2025.09.10	01:14:47.242		1.35273			4
2025.09.10	01:14:48.162	1.35270				2
2025.09.10	01:14:48.472	1.35269	1.35272			6
2025.09.10	01:14:49.090	1.35267	1.35276			6
2025.09.10	01:14:51.237		1.35275			4
2025.09.10	01:14:51.856		1.35276			4
2025.09.10	01:14:52.163	1.35266	1.35277			6
2025.09.10	01:14:53.095	1.35267	1.35276			6
2025.09.10	01:14:54.327	1.35268	1.35274			6
2025.09.10	01:14:55.260	1.35269	1.35273			6
2025.09.10	01:14:56.186	1.35270				2
2025.09.10	01:14:58.019	1.35269	1.35272			6
2025.09.10	01:14:59.535	1.35270	1.35273			6
2025.09.10	01:15:00.140	1.35269				2
2025.09.10	01:15:00.446	1.35270	1.35274			6
2025.09.10	01:15:01.056	1.35269	1.35273			6
2025.09.10	01:15:01.357		1.35278			4
2025.09.10	01:15:01.665	1.35268				2
2025.09.10	01:15:07.301		1.35277			4
2025.09.10	01:15:08.233	1.35269	1.35275			6
2025.09.10	01:15:08.548	1.35270	1.35276			6
2025.09.10	01:15:09.162	1.35268	1.35278			6
2025.09.10	01:15:11.023		1.35277			4
2025.09.10	01:15:11.329	1.35269	1.35276			6
2025.09.10	01:15:12.256	1.35268	1.35278			6
2025.09.10	01:15:17.187	1.35269	1.35277			6
2025.09.10	01:15:18.110	1.35270	1.35276			6
2025.09.10	01:15:19.333	1.35271	1.35275			6
2025.09.10	01:15:20.253	1.35272				2
2025.09.10	01:15:29.788	1.35271	1.35274			6
2025.09.10	01:15:34.084	1.35270	1.35273			6
2025.09.10	01:15:35.611	1.35271	1.35274			6
2025.09.10	01:15:49.376	1.35272	1.35275			6
2025.09.10	01:15:52.107	1.35271	1.35274			6
2025.09.10	01:15:53.018	1.35272	1.35275			6
2025.09.10	01:15:53.322	1.35271	1.35274			6
2025.09.10	01:15:54.248	1.35272	1.35275			6
2025.09.10	01:16:00.073	1.35272				2
2025.09.10	01:16:06.016	1.35271	1.35274			6
2025.09.10	01:16:06.934	1.35272	1.35275			6
2025.09.10	01:16:07.239	1.35271	1.35274			6
2025.09.10	01:16:08.167	1.35270				2
2025.09.10	01:16:09.087	1.35271				2
2025.09.10	01:16:10.942	1.35272	1.35275			6
2025.09.10	01:16:11.247	1.35271				2
2025.09.10	01:16:11.870	1.35270	1.35274			6
2025.09.10	01:16:12.177	1.35268	1.35278			6
2025.09.10	01:16:17.166		1.35277			4
2025.09.10	01:16:17.782	1.35269	1.35278			6
2025.09.10	01:16:18.095	1.35270	1.35276			6
2025.09.10	01:16:19.322	1.35268	1.35278			6
2025.09.10	01:16:25.167		1.35277			4
2025.09.10	01:16:27.015		1.35278			4
2025.09.10	01:16:28.247	1.35269				2
2025.09.10	01:16:29.176	1.35270	1.35276			6
2025.09.10	01:16:30.109	1.35271	1.35275			6
2025.09.10	01:16:30.719	1.35270	1.35274			6
2025.09.10	01:16:31.335		1.35275			4
2025.09.10	01:16:32.260	1.35269				2
2025.09.10	01:16:33.179	1.35270	1.35274			6
2025.09.10	01:16:34.094	1.35271				2
2025.09.10	01:16:38.096	1.35270				2
2025.09.10	01:16:39.323	1.35269	1.35275			6
2025.09.10	01:16:40.241	1.35270	1.35274			6
2025.09.10	01:16:41.175	1.35271				2
2025.09.10	01:16:49.114	1.35272	1.35275			6
2025.09.10	01:16:50.338	1.35269	1.35277			6
2025.09.10	01:16:51.262	1.35268	1.35278			6
2025.09.10	01:16:51.885	1.35267				2
2025.09.10	01:16:52.190	1.35268				2
2025.09.10	01:16:53.114	1.35267				2
2025.09.10	01:16:54.347	1.35268				2
2025.09.10	01:16:54.649	1.35267				2
2025.09.10	01:16:55.260	1.35268				2
2025.09.10	01:16:57.101	1.35269				2
2025.09.10	01:16:58.331	1.35271	1.35276			6
2025.09.10	01:16:59.257	1.35272	1.35275			6
2025.09.10	01:17:00.182	1.35272				2
2025.09.10	01:17:00.495	1.35273	1.35276			6
2025.09.10	01:17:06.299	1.35272	1.35275			6
2025.09.10	01:17:23.166	1.35271				2
2025.09.10	01:17:24.092	1.35272				2
2025.09.10	01:17:59.203	1.35271				2
2025.09.10	01:18:00.123	1.35272				2
2025.09.10	01:18:06.537		1.35275			4
2025.09.10	01:18:17.240	1.35267	1.35274			6
2025.09.10	01:18:17.543	1.35269	1.35277			6
2025.09.10	01:18:18.164	1.35270	1.35276			6
2025.09.10	01:18:19.097	1.35271	1.35275			6
2025.09.10	01:18:21.262	1.35272				2
2025.09.10	01:18:23.094	1.35271	1.35274			6
2025.09.10	01:18:24.313	1.35270	1.35275			6
2025.09.10	01:18:25.248		1.35274			4
2025.09.10	01:18:26.175	1.35271				2
2025.09.10	01:18:29.235	1.35272	1.35275			6
2025.09.10	01:18:30.159	1.35270	1.35276			6
2025.09.10	01:18:31.091	1.35271	1.35275			6
2025.09.10	01:18:32.340	1.35272				2
2025.09.10	01:18:43.329	1.35268	1.35277			6
2025.09.10	01:18:44.266	1.35269				2
2025.09.10	01:18:45.197	1.35270	1.35276			6
2025.09.10	01:18:46.131	1.35271	1.35275			6
2025.09.10	01:18:47.365	1.35272				2
2025.09.10	01:18:56.531	1.35271	1.35274			6
2025.09.10	01:19:00.213	1.35271				2
2025.09.10	01:19:24.299	1.35272	1.35275			6
2025.09.10	01:19:25.224	1.35271	1.35276			6
2025.09.10	01:19:26.144		1.35275			4
2025.09.10	01:19:28.313	1.35272				2
2025.09.10	01:19:30.170	1.35271	1.35274			6
2025.09.10	01:19:31.096	1.35269	1.35278			6
2025.09.10	01:19:36.970		1.35277			4
2025.09.10	01:19:38.211		1.35278			4
2025.09.10	01:19:47.822	1.35265	1.35271			6
2025.09.10	01:19:51.553		1.35270			4
2025.09.10	01:19:51.863	1.35255	1.35261			6
2025.09.10	01:19:52.792	1.35254				2
2025.09.10	01:19:53.107	1.35255				2
2025.09.10	01:19:58.374	1.35254				2
2025.09.10	01:20:00.220	1.35254				2
2025.09.10	01:20:01.149		1.35260			4
2025.09.10	01:20:02.076	1.35255				2
2025.09.10	01:20:03.301	1.35263	1.35268			6
2025.09.10	01:20:04.221	1.35260	1.35269			6
2025.09.10	01:20:05.761	1.35261	1.35268			6
2025.09.10	01:20:06.066	1.35260				2
2025.09.10	01:20:06.378	1.35261				2
2025.09.10	01:20:06.994	1.35262				2
2025.09.10	01:20:07.295	1.35261				2
2025.09.10	01:20:07.911	1.35262				2
2025.09.10	01:20:08.221	1.35263				2
2025.09.10	01:20:10.064		1.35269			4
2025.09.10	01:20:10.368	1.35264				2
2025.09.10	01:20:11.285	1.35263	1.35268			6
2025.09.10	01:20:12.198		1.35267			4
2025.09.10	01:20:13.106	1.35264	1.35268			6
2025.09.10	01:20:13.412	1.35263	1.35267			6
2025.09.10	01:20:13.726	1.35264	1.35268			6
2025.09.10	01:20:14.950	1.35265	1.35269			6
2025.09.10	01:20:15.253	1.35266	1.35268			6
2025.09.10	01:20:16.176	1.35265				2
2025.09.10	01:20:16.784	1.35273	1.35276			6
2025.09.10	01:20:17.096	1.35270	1.35278			6
2025.09.10	01:20:18.325	1.35271				2
2025.09.10	01:20:18.630	1.35272				2
2025.09.10	01:20:20.163	1.35273				2
2025.09.10	01:20:21.993	1.35272	1.35277			6
2025.09.10	01:20:22.294		1.35276			4
2025.09.10	01:20:25.346	1.35273				2
2025.09.10	01:20:40.922	1.35274	1.35277			6
2025.09.10	01:20:42.146	1.35273	1.35276			6
2025.09.10	01:20:51.932	1.35274	1.35277			6
2025.09.10	01:20:56.498	1.35273	1.35276			6
2025.09.10	01:21:00.157	1.35273				2
2025.09.10	01:21:01.374	1.35274	1.35277			6
2025.09.10	01:21:01.683	1.35273	1.35276			6
2025.09.10	01:21:03.533	1.35274	1.35277			6
2025.09.10	01:21:03.837	1.35273	1.35276			6
2025.09.10	01:21:08.099	1.35274	1.35277			6
2025.09.10	01:21:10.828	1.35273	1.35276			6
2025.09.10	01:21:20.249	1.35274	1.35277			6
2025.09.10	01:21:21.472	1.35273	1.35276			6
2025.09.10	01:21:35.276	1.35272	1.35275			6
2025.09.10	01:21:40.156	1.35273	1.35276			6
2025.09.10	01:21:45.019	1.35274	1.35277			6
2025.09.10	01:21:45.321	1.35273	1.35276			6
2025.09.10	01:21:46.242	1.35272	1.35277			6
2025.09.10	01:21:47.165		1.35276			4
2025.09.10	01:21:50.243	1.35273				2
2025.09.10	01:21:54.217	1.35272	1.35275			6
2025.09.10	01:21:55.129	1.35271	1.35274			6
2025.09.10	01:21:56.361	1.35272	1.35275			6
2025.09.10	01:22:00.037	1.35272				2
2025.09.10	01:22:11.129	1.35271	1.35274			6
2025.09.10	01:22:20.044	1.35272	1.35275			6
2025.09.10	01:22:24.668	1.35271	1.35274			6
2025.09.10	01:22:24.975	1.35272	1.35275			6
2025.09.10	01:22:26.825	1.35273	1.35276			6
2025.09.10	01:22:32.189	1.35269	1.35275			6
2025.09.10	01:22:32.500	1.35270	1.35276			6
2025.09.10	01:22:36.183	1.35271				2
2025.09.10	01:22:37.105		1.35275			4
2025.09.10	01:22:40.487	1.35270	1.35274			6
2025.09.10	01:22:41.102	1.35272	1.35275			6
2025.09.10	01:22:49.162	1.35271	1.35274			6
2025.09.10	01:22:50.094	1.35270				2
2025.09.10	01:22:50.408	1.35271	1.35275			6
2025.09.10	01:22:50.715	1.35270	1.35274			6
2025.09.10	01:22:51.334	1.35272	1.35275			6
2025.09.10	01:22:52.576	1.35271	1.35274			6
2025.09.10	01:22:52.883	1.35272	1.35275			6
2025.09.10	01:22:53.505	1.35271	1.35274			6
2025.09.10	01:22:54.129	1.35272	1.35275			6
2025.09.10	01:22:56.918	1.35271	1.35274			6
2025.09.10	01:22:58.776	1.35272	1.35275			6
2025.09.10	01:23:00.022	1.35272				2
2025.09.10	01:23:00.325	1.35271	1.35276			6
2025.09.10	01:23:01.253		1.35275			4
2025.09.10	01:23:03.107	1.35272				2
2025.09.10	01:23:08.689	1.35271	1.35274			6
2025.09.10	01:23:09.307	1.35272	1.35275			6
2025.09.10	01:23:10.240	1.35271	1.35274			6
2025.09.10	01:23:12.715	1.35272	1.35275			6
2025.09.10	01:23:22.010	1.35271	1.35274			6
2025.09.10	01:23:22.319	1.35272	1.35275			6
2025.09.10	01:23:22.627	1.35271	1.35274			6
2025.09.10	01:23:23.249	1.35272	1.35275			6
2025.09.10	01:23:23.553	1.35271	1.35274			6
2025.09.10	01:23:25.085	1.35272	1.35275			6
2025.09.10	01:23:26.323	1.35271	1.35274			6
2025.09.10	01:23:26.626	1.35272	1.35275			6
2025.09.10	01:23:28.170	1.35271				2
2025.09.10	01:23:29.394	1.35272				2
2025.09.10	01:23:30.316	1.35271				2
2025.09.10	01:23:31.231	1.35272				2
2025.09.10	01:23:33.372	1.35271				2
2025.09.10	01:23:34.293	1.35272				2
2025.09.10	01:23:35.520	1.35274	1.35277			6
2025.09.10	01:23:35.826	1.35272	1.35275			6
2025.09.10	01:23:38.287	1.35271				2
2025.09.10	01:23:39.211	1.35272				2
2025.09.10	01:23:40.748	1.35273	1.35276			6
2025.09.10	01:23:41.359	1.35271	1.35275			6
2025.09.10	01:23:42.283	1.35272	1.35276			6
2025.09.10	01:23:43.200	1.35273				2
2025.09.10	01:23:51.813	1.35272	1.35275			6
2025.09.10	01:23:52.741	1.35273	1.35276			6
2025.09.10	01:23:53.049	1.35272	1.35275			6
2025.09.10	01:23:54.283	1.35273	1.35276			6
2025.09.10	01:23:57.655	1.35272	1.35275			6
2025.09.10	01:23:58.878	1.35273	1.35276			6
2025.09.10	01:24:00.109	1.35272				2
2025.09.10	01:24:00.410	1.35271	1.35275			6
2025.09.10	01:24:01.336	1.35272				2
2025.09.10	01:24:02.253	1.35271	1.35276			6
2025.09.10	01:24:03.179		1.35275			4
2025.09.10	01:24:04.096	1.35272				2
2025.09.10	01:24:04.409	1.35271	1.35274			6
2025.09.10	01:24:04.714	1.35272	1.35275			6
2025.09.10	01:24:05.326	1.35268	1.35277			6
2025.09.10	01:24:08.093		1.35278			4
2025.09.10	01:24:10.558	1.35269				2
2025.09.10	01:24:10.860	1.35268				2
2025.09.10	01:24:11.478	1.35269				2
2025.09.10	01:24:13.319	1.35270				2
2025.09.10	01:24:15.165	1.35271				2
2025.09.10	01:24:16.390	1.35272	1.35277			6
2025.09.10	01:24:17.315		1.35276			4
2025.09.10	01:24:18.237	1.35273				2
2025.09.10	01:24:27.067	1.35272	1.35275			6
2025.09.10	01:24:33.137	1.35273	1.35276			6
2025.09.10	01:24:41.080	1.35272	1.35275			6
2025.09.10	01:24:41.684	1.35273	1.35276			6
2025.09.10	01:24:41.987	1.35272	1.35275			6
2025.09.10	01:24:42.595	1.35273	1.35276			6
2025.09.10	01:24:49.612	1.35272	1.35275			6
2025.09.10	01:24:51.148	1.35268	1.35278			6
2025.09.10	01:24:53.295	1.35269	1.35277			6
2025.09.10	01:24:54.210	1.35271	1.35276			6
2025.09.10	01:24:55.121	1.35268	1.35277			6
2025.09.10	01:24:56.351	1.35269				2
2025.09.10	01:24:57.276	1.35271	1.35276			6
2025.09.10	01:24:58.192		1.35275			4
2025.09.10	01:24:59.118	1.35272				2
2025.09.10	01:25:00.036	1.35272				2
2025.09.10	01:25:00.342	1.35271				2
2025.09.10	01:25:01.261	1.35272				2
2025.09.10	01:25:03.106	1.35270	1.35276			6
2025.09.10	01:25:04.342	1.35271	1.35275			6
2025.09.10	01:25:05.266		1.35274			4
2025.09.10	01:25:06.173	1.35268	1.35277			6
2025.09.10	01:25:07.395		1.35278			4
2025.09.10	01:25:13.229		1.35277			4
2025.09.10	01:25:15.390	1.35269				2
2025.09.10	01:25:16.308	1.35270				2
2025.09.10	01:25:16.621	1.35271				2
2025.09.10	01:25:17.231	1.35272				2
2025.09.10	01:25:18.465		1.35278			4
2025.09.10	01:25:18.774	1.35271	1.35277			6
2025.09.10	01:25:19.090	1.35272	1.35276			6
2025.09.10	01:25:20.322		1.35278			4
2025.09.10	01:25:22.154	1.35273				2
2025.09.10	01:25:23.380		1.35277			4
2025.09.10	01:25:23.690	1.35272	1.35276			6
2025.09.10	01:25:24.303	1.35273				2
2025.09.10	01:25:25.221	1.35272				2
2025.09.10	01:25:26.146	1.35273				2
2025.09.10	01:25:27.387	1.35272				2
2025.09.10	01:25:28.302	1.35273				2
2025.09.10	01:25:29.228	1.35272				2
2025.09.10	01:25:30.144	1.35271	1.35277			6
2025.09.10	01:25:31.367	1.35272	1.35276			6
2025.09.10	01:25:32.290	1.35273				2
2025.09.10	01:25:45.726	1.35274	1.35277			6
2025.09.10	01:25:46.333	1.35273	1.35276			6
2025.09.10	01:25:47.241	1.35272				2
2025.09.10	01:25:48.161	1.35273				2
2025.09.10	01:25:52.772	1.35274	1.35277			6
2025.09.10	01:25:53.388	1.35273	1.35276			6
2025.09.10	01:26:00.121	1.35273				2
2025.09.10	01:26:05.926	1.35272	1.35275			6
2025.09.10	01:26:07.140	1.35268	1.35277			6
2025.09.10	01:26:09.287	1.35270				2
2025.09.10	01:26:09.591	1.35269	1.35276			6
2025.09.10	01:26:09.898	1.35270	1.35277			6
2025.09.10	01:26:10.208	1.35268				2
2025.09.10	01:26:19.111	1.35270				2
2025.09.10	01:26:20.344	1.35271	1.35276			6
2025.09.10	01:26:21.256		1.35277			4
2025.09.10	01:26:22.182	1.35269				2
2025.09.10	01:26:23.097	1.35268				2
2025.09.10	01:26:26.166	1.35270				2
2025.09.10	01:26:27.397	1.35268				2
2025.09.10	01:26:33.215	1.35269				2
2025.09.10	01:26:34.133	1.35271	1.35276			6
2025.09.10	01:26:35.354	1.35270				2
2025.09.10	01:26:37.206		1.35277			4
2025.09.10	01:26:38.118	1.35271	1.35276			6
2025.09.10	01:26:39.347	1.35272	1.35275			6
2025.09.10	01:26:41.790	1.35274	1.35277			6
2025.09.10	01:26:42.096	1.35272	1.35278			6
2025.09.10	01:26:47.314	1.35273	1.35277			6
2025.09.10	01:26:48.236	1.35274				2
2025.09.10	01:26:49.147	1.35273	1.35278			6
2025.09.10	01:26:50.358	1.35274	1.35277			6
2025.09.10	01:27:00.150	1.35274				2
2025.09.10	01:27:25.862	1.35271	1.35274			6
2025.09.10	01:27:27.390	1.35267	1.35277			6
2025.09.10	01:27:28.314	1.35268				2
2025.09.10	01:27:28.630	1.35267				2
2025.09.10	01:27:29.560	1.35268				2
2025.09.10	01:27:31.116	1.35267				2
2025.09.10	01:27:35.135	1.35268				2
2025.09.10	01:27:37.301	1.35269				2
2025.09.10	01:27:37.919	1.35268	1.35276			6
2025.09.10	01:27:38.226	1.35269				2
2025.09.10	01:27:39.159		1.35275			4
2025.09.10	01:27:40.391	1.35270				2
2025.09.10	01:27:40.705	1.35271	1.35276			6
2025.09.10	01:27:41.935	1.35269	1.35274			6
2025.09.10	01:27:42.243	1.35267	1.35276			6
2025.09.10	01:27:43.170	1.35268	1.35275			6
2025.09.10	01:27:44.098		1.35274			4
2025.09.10	01:27:44.407	1.35269	1.35275			6
2025.09.10	01:27:45.332	1.35268	1.35276			6
2025.09.10	01:27:45.959	1.35269	1.35277			6
2025.09.10	01:27:46.270		1.35276			4
2025.09.10	01:27:47.511	1.35270	1.35277			6
2025.09.10	01:27:48.131	1.35269				2
2025.09.10	01:27:48.444	1.35268	1.35276			6
2025.09.10	01:27:49.066	1.35269	1.35277			6
2025.09.10	01:27:49.370	1.35268				2
2025.09.10	01:27:50.306	1.35269	1.35276			6
2025.09.10	01:27:50.933	1.35270	1.35277			6
2025.09.10	01:27:51.237		1.35276			4
2025.09.10	01:27:51.543	1.35268	1.35274			6
2025.09.10	01:27:52.174		1.35275			4
2025.09.10	01:27:53.104	1.35269	1.35274			6
2025.09.10	01:27:53.407	1.35270	1.35275			6
2025.09.10	01:27:53.716	1.35271	1.35276			6
2025.09.10	01:27:54.333	1.35268	1.35277			6
2025.09.10	01:27:55.264	1.35269				2
2025.09.10	01:27:56.185	1.35270				2
2025.09.10	01:27:57.105	1.35271	1.35276			6
2025.09.10	01:27:57.723	1.35270	1.35275			6
2025.09.10	01:27:59.261		1.35274			4
2025.09.10	01:28:00.168	1.35271				2
2025.09.10	01:28:01.691	1.35272	1.35275			6
2025.09.10	01:28:02.915	1.35270	1.35273			6
2025.09.10	01:28:04.137	1.35268	1.35274			6
2025.09.10	01:28:05.381	1.35269				2
2025.09.10	01:28:06.316	1.35270				2
2025.09.10	01:28:07.237	1.35269				2
2025.09.10	01:28:07.849	1.35270	1.35275			6
2025.09.10	01:28:08.154	1.35269	1.35273			6
2025.09.10	01:28:09.375		1.35274			4
2025.09.10	01:28:11.233	1.35270				2
2025.09.10	01:28:12.142	1.35267	1.35276			6
2025.09.10	01:28:12.771	1.35268	1.35277			6
2025.09.10	01:28:13.391	1.35269	1.35276			6
2025.09.10	01:28:14.325	1.35270	1.35275			6
2025.09.10	01:28:15.249		1.35274			4
2025.09.10	01:28:16.166	1.35271				2
2025.09.10	01:28:21.078	1.35272	1.35275			6
2025.09.10	01:28:21.389	1.35271	1.35274			6
2025.09.10	01:28:21.695	1.35272	1.35275			6
2025.09.10	01:28:21.998	1.35271	1.35274			6
2025.09.10	01:28:24.141	1.35272	1.35275			6
2025.09.10	01:28:25.058	1.35271	1.35274			6
2025.09.10	01:28:32.074	1.35272	1.35275			6
2025.09.10	01:28:32.379	1.35273	1.35276			6
2025.09.10	01:28:32.985	1.35271	1.35274			6
2025.09.10	01:28:35.444	1.35272	1.35275			6
2025.09.10	01:28:36.968	1.35271	1.35274			6
2025.09.10	01:28:38.182	1.35272	1.35275			6
2025.09.10	01:28:39.092	1.35271				2
2025.09.10	01:28:40.312	1.35272				2
2025.09.10	01:28:45.805	1.35271	1.35274			6
2025.09.10	01:28:58.919	1.35272	1.35275			6
2025.09.10	01:28:59.228	1.35271	1.35274			6
2025.09.10	01:29:00.144	1.35267	1.35277			6
2025.09.10	01:29:02.903	1.35268				2
2025.09.10	01:29:03.215	1.35267				2
2025.09.10	01:29:07.204	1.35268				2
2025.09.10	01:29:07.507	1.35267	1.35276			6
2025.09.10	01:29:09.345	1.35269				2
2025.09.10	01:29:10.272		1.35275			4
2025.09.10	01:29:11.199	1.35270	1.35274			6
2025.09.10	01:29:12.114	1.35271				2
2025.09.10	01:29:31.998	1.35273	1.35276			6
2025.09.10	01:29:32.301	1.35272	1.35275			6
2025.09.10	01:29:32.914	1.35273	1.35276			6
2025.09.10	01:29:38.420	1.35272	1.35275			6
2025.09.10	01:29:38.734	1.35273	1.35276			6
2025.09.10	01:29:42.412	1.35272	1.35275			6
2025.09.10	01:29:43.636	1.35273	1.35276			6
2025.09.10	01:29:47.275	1.35272	1.35275			6
2025.09.10	01:29:51.543	1.35275	1.35278			6
2025.09.10	01:29:53.360	1.35272	1.35279			6
2025.09.10	01:30:00.136	1.35272				2
2025.09.10	01:30:03.214	1.35273				2
2025.09.10	01:30:04.144	1.35274				2
2025.09.10	01:30:05.373		1.35278			4
2025.09.10	01:30:06.299	1.35275				2
2025.09.10	01:30:41.708	1.35274	1.35277			6
2025.09.10	01:30:47.506	1.35276	1.35279			6
2025.09.10	01:30:49.326	1.35273	1.35280			6
2025.09.10	01:30:51.491	1.35274				2
2025.09.10	01:30:55.190	1.35275				2
2025.09.10	01:30:56.116		1.35279			4
2025.09.10	01:30:57.352	1.35276				2
2025.09.10	01:31:00.112	1.35276				2
2025.09.10	01:31:04.409	1.35277	1.35280			6
2025.09.10	01:31:06.246	1.35275	1.35281			6
2025.09.10	01:31:07.171	1.35276				2
2025.09.10	01:31:08.094		1.35280			4
2025.09.10	01:31:09.349	1.35277				2
2025.09.10	01:31:18.472	1.35276	1.35279			6
2025.09.10	01:31:20.293	1.35274	1.35280			6
2025.09.10	01:31:22.143	1.35275				2
2025.09.10	01:31:23.375		1.35279			4
2025.09.10	01:31:24.292	1.35276				2
2025.09.10	01:31:24.600	1.35277	1.35280			6
2025.09.10	01:31:26.121	1.35274				2
2025.09.10	01:31:29.201	1.35275				2
2025.09.10	01:31:30.127	1.35276				2
2025.09.10	01:31:32.285	1.35277				2
2025.09.10	01:31:55.413	1.35279	1.35282			6
2025.09.10	01:31:55.718	1.35278	1.35281			6
2025.09.10	01:31:56.323	1.35275	1.35282			6
2025.09.10	01:32:00.019	1.35275				2
2025.09.10	01:32:00.328	1.35276	1.35285			6
2025.09.10	01:32:00.633	1.35277	1.35287			6
2025.09.10	01:32:01.867	1.35278				2
2025.09.10	01:32:08.014	1.35279				2
2025.09.10	01:32:09.242		1.35286			4
2025.09.10	01:32:09.551	1.35278				2
2025.09.10	01:32:09.866	1.35280	1.35288			6
2025.09.10	01:32:10.171	1.35279	1.35287			6
2025.09.10	01:32:11.098	1.35280				2
2025.09.10	01:32:12.335		1.35286			4
2025.09.10	01:32:13.266	1.35281				2
2025.09.10	01:32:15.109		1.35285			4
2025.09.10	01:32:17.247		1.35284			4
2025.09.10	01:32:17.549	1.35282	1.35285			6
2025.09.10	01:32:19.368	1.35281	1.35284			6
2025.09.10	01:32:19.673	1.35282	1.35285			6
2025.09.10	01:32:19.974	1.35281	1.35284			6
2025.09.10	01:32:23.331	1.35282	1.35285			6
2025.09.10	01:32:35.844	1.35283	1.35286			6
2025.09.10	01:32:38.283	1.35282	1.35285			6
2025.09.10	01:32:38.898	1.35283	1.35286			6
2025.09.10	01:32:41.624	1.35282	1.35285			6
2025.09.10	01:32:50.770	1.35283	1.35286			6
2025.09.10	01:32:54.432	1.35281	1.35284			6
2025.09.10	01:32:55.337	1.35279	1.35286			6
2025.09.10	01:32:56.257		1.35285			4
2025.09.10	01:32:57.178	1.35281	1.35286			6
2025.09.10	01:32:58.101	1.35278	1.35288			6
2025.09.10	01:32:59.328	1.35279				2
2025.09.10	01:33:00.255	1.35280	1.35287			6
2025.09.10	01:33:01.177		1.35286			4
2025.09.10	01:33:02.096	1.35281	1.35287			6
2025.09.10	01:33:02.401	1.35282				2
2025.09.10	01:33:03.021	1.35281	1.35286			6
2025.09.10	01:33:03.326		1.35285			4
2025.09.10	01:33:06.091	1.35282				2
2025.09.10	01:33:10.089	1.35283	1.35286			6
2025.09.10	01:33:18.054	1.35282	1.35285			6
2025.09.10	01:33:28.415	1.35283	1.35286			6
2025.09.10	01:33:29.335	1.35282	1.35285			6
2025.09.10	01:33:29.646	1.35283	1.35286			6
2025.09.10	01:33:47.653	1.35282	1.35285			6
2025.09.10	01:33:48.572	1.35283	1.35286			6
2025.09.10	01:33:55.660	1.35285	1.35288			6
2025.09.10	01:33:55.967	1.35286	1.35289			6
2025.09.10	01:33:56.287	1.35283	1.35290			6
2025.09.10	01:33:56.592	1.35284				2
2025.09.10	01:33:58.129		1.35291			4
2025.09.10	01:33:58.433		1.35290			4
2025.09.10	01:34:00.289	1.35284				2
2025.09.10	01:34:03.060	1.35285	1.35291			6
2025.09.10	01:34:05.234	1.35284				2
2025.09.10	01:34:10.163	1.35285				2
2025.09.10	01:34:11.092	1.35286				2
2025.09.10	01:34:13.249	1.35287				2
2025.09.10	01:34:16.336	1.35288				2
2025.09.10	01:34:35.898	1.35287	1.35290			6
2025.09.10	01:34:36.203	1.35288	1.35291			6
2025.09.10	01:34:55.701	1.35287	1.35290			6
2025.09.10	01:35:00.285	1.35287				2
2025.09.10	01:35:03.460	1.35286	1.35289			6
2025.09.10	01:35:03.765	1.35287	1.35290			6
2025.09.10	01:35:32.187	1.35288	1.35291			6
2025.09.10	01:35:32.497	1.35287	1.35290			6
2025.09.10	01:35:50.109	1.35286				2
2025.09.10	01:35:53.191	1.35287				2
2025.09.10	01:35:56.252	1.35285	1.35291			6
2025.09.10	01:35:57.177	1.35284				2
2025.09.10	01:36:00.240	1.35285				2
2025.09.10	01:36:02.392	1.35284				2
2025.09.10	01:36:03.930	1.35285				2
2025.09.10	01:36:07.317		1.35290			4
2025.09.10	01:36:07.929		1.35291			4
2025.09.10	01:36:17.182	1.35286				2
2025.09.10	01:36:18.104	1.35285				2
2025.09.10	01:36:25.158		1.35290			4
2025.09.10	01:36:26.378		1.35289			4
2025.09.10	01:36:27.901	1.35286	1.35290			6
2025.09.10	01:36:28.204		1.35291			4
2025.09.10	01:36:29.120		1.35290			4
2025.09.10	01:36:31.273	1.35287				2
2025.09.10	01:36:46.841	1.35286	1.35289			6
2025.09.10	01:36:47.759	1.35287	1.35290			6
2025.09.10	01:36:49.302	1.35286				2
2025.09.10	01:36:50.231	1.35287				2
2025.09.10	01:36:52.061	1.35286	1.35289			6
2025.09.10	01:36:52.668	1.35287	1.35290			6
2025.09.10	01:36:53.284	1.35286	1.35291			6
2025.09.10	01:36:54.200	1.35285				2
2025.09.10	01:36:56.361	1.35286				2
2025.09.10	01:36:57.282		1.35290			4
2025.09.10	01:36:58.203	1.35287				2
2025.09.10	01:37:00.038	1.35287				2
2025.09.10	01:37:05.566	1.35286	1.35289			6
2025.09.10	01:37:10.485	1.35287	1.35290			6
2025.09.10	01:37:12.303	1.35286				2
2025.09.10	01:37:13.223	1.35287				2
2025.09.10	01:37:18.118	1.35286	1.35289			6
2025.09.10	01:37:19.340	1.35285				2
2025.09.10	01:37:20.282	1.35286				2
2025.09.10	01:37:21.205	1.35285	1.35291			6
2025.09.10	01:37:22.125		1.35290			4
2025.09.10	01:37:23.354		1.35289			4
2025.09.10	01:37:24.274	1.35286				2
2025.09.10	01:37:24.882	1.35285	1.35288			6
2025.09.10	01:37:26.106		1.35289			4
2025.09.10	01:37:26.713		1.35290			4
2025.09.10	01:37:27.318		1.35289			4
2025.09.10	01:37:28.252		1.35291			4
2025.09.10	01:37:31.322		1.35290			4
2025.09.10	01:37:32.243		1.35289			4
2025.09.10	01:37:33.163	1.35286				2
2025.09.10	01:37:46.020	1.35285	1.35288			6
2025.09.10	01:37:51.536	1.35286	1.35289			6
2025.09.10	01:37:53.374	1.35284	1.35290			6
2025.09.10	01:37:54.289	1.35285	1.35289			6
2025.09.10	01:37:55.214	1.35286				2
2025.09.10	01:37:56.137	1.35284	1.35290			6
2025.09.10	01:37:58.306	1.35285				2
2025.09.10	01:37:59.234		1.35289			4
2025.09.10	01:38:00.154	1.35286				2
2025.09.10	01:38:11.169	1.35285	1.35290			6
2025.09.10	01:38:12.090	1.35286	1.35289			6
2025.09.10	01:38:23.380	1.35284	1.35290			6
2025.09.10	01:38:24.301	1.35285	1.35289			6
2025.09.10	01:38:25.216	1.35286				2
2025.09.10	01:38:40.169	1.35284	1.35290			6
2025.09.10	01:38:41.100	1.35285				2
2025.09.10	01:38:42.330		1.35289			4
2025.09.10	01:38:43.251	1.35284	1.35290			6
2025.09.10	01:38:48.182	1.35285				2
2025.09.10	01:38:49.108		1.35289			4
2025.09.10	01:38:50.332	1.35286				2
2025.09.10	01:39:00.132	1.35286				2
2025.09.10	01:39:21.186	1.35284	1.35290			6
2025.09.10	01:39:25.188	1.35285				2
2025.09.10	01:39:26.106		1.35289			4
2025.09.10	01:39:28.247	1.35284	1.35290			6
2025.09.10	01:39:42.132	1.35285	1.35289			6
2025.09.10	01:39:44.270	1.35286				2
2025.09.10	01:39:46.115	1.35282	1.35292			6
2025.09.10	01:39:47.352	1.35283	1.35291			6
2025.09.10	01:39:48.276	1.35282	1.35293			6
2025.09.10	01:39:51.335		1.35292			4
2025.09.10	01:39:52.261	1.35284				2
2025.09.10	01:39:53.189	1.35282	1.35294			6
2025.09.10	01:39:53.807		1.35293			4
2025.09.10	01:39:54.117	1.35283				2
2025.09.10	01:39:55.351	1.35284				2
2025.09.10	01:39:56.269	1.35285	1.35292			6
2025.09.10	01:39:57.197	1.35286	1.35291			6
2025.09.10	01:39:58.124		1.35290			4
2025.09.10	01:39:59.345	1.35287				2
2025.09.10	01:40:00.262	1.35287				2
2025.09.10	01:40:15.563	1.35286	1.35289			6
2025.09.10	01:40:15.874	1.35287	1.35290			6
2025.09.10	01:40:16.182	1.35286	1.35291			6
2025.09.10	01:40:17.112	1.35284				2
2025.09.10	01:40:22.362	1.35285	1.35290			6
2025.09.10	01:40:23.289	1.35284	1.35291			6
2025.09.10	01:40:36.249		1.35290			4
2025.09.10	01:40:37.169		1.35291			4
2025.09.10	01:40:40.244	1.35286				2
2025.09.10	01:40:40.556	1.35285	1.35290			6
2025.09.10	01:40:41.174		1.35289			4
2025.09.10	01:40:42.387	1.35286				2
2025.09.10	01:40:43.295	1.35284	1.35291			6
2025.09.10	01:40:44.213	1.35285	1.35290			6
2025.09.10	01:40:45.128		1.35289			4
2025.09.10	01:40:46.351	1.35284	1.35291			6
2025.09.10	01:40:49.120	1.35285	1.35290			6
2025.09.10	01:40:50.349		1.35289			4
2025.09.10	01:40:51.259	1.35286				2
2025.09.10	01:41:00.123	1.35286				2
2025.09.10	01:41:21.195	1.35287	1.35290			6
2025.09.10	01:41:21.498	1.35286	1.35289			6
2025.09.10	01:41:21.813	1.35287	1.35290			6
2025.09.10	01:41:22.118	1.35286				2
2025.09.10	01:41:24.254	1.35287				2
2025.09.10	01:41:36.481	1.35286	1.35289			6
2025.09.10	01:41:36.783	1.35287	1.35290			6
2025.09.10	01:41:41.699	1.35286	1.35289			6
2025.09.10	01:41:42.319	1.35284	1.35291			6
2025.09.10	01:41:44.167		1.35290			4
2025.09.10	01:41:45.391	1.35285				2
2025.09.10	01:41:46.317		1.35289			4
2025.09.10	01:41:48.156	1.35286				2
2025.09.10	01:42:00.049	1.35286				2
2025.09.10	01:42:02.783	1.35287	1.35290			6
2025.09.10	01:42:03.087	1.35286	1.35289			6
2025.09.10	01:42:24.161	1.35284	1.35291			6
2025.09.10	01:42:34.359		1.35290			4
2025.09.10	01:42:35.286	1.35285				2
2025.09.10	01:42:36.202		1.35289			4
2025.09.10	01:42:37.130	1.35286	1.35290			6
2025.09.10	01:42:37.438	1.35285	1.35289			6
2025.09.10	01:42:38.372	1.35286				2
2025.09.10	01:42:50.281	1.35284	1.35291			6
2025.09.10	01:42:59.182	1.35285	1.35290			6
2025.09.10	01:43:00.104	1.35285	1.35289			6
2025.09.10	01:43:02.249	1.35286				2
2025.09.10	01:43:05.616	1.35292	1.35295			6
2025.09.10	01:43:05.921	1.35287	1.35290			6
2025.09.10	01:43:06.222	1.35285	1.35291			6
2025.09.10	01:43:12.407	1.35284				2
2025.09.10	01:43:17.071		1.35290			4
2025.09.10	01:43:17.381		1.35291			4
2025.09.10	01:43:18.316	1.35285	1.35290			6
2025.09.10	01:43:19.228	1.35286				2
2025.09.10	01:43:21.385	1.35287				2
2025.09.10	01:43:25.358	1.35284				2
2025.09.10	01:43:26.276	1.35285				2
2025.09.10	01:43:27.203	1.35286				2
2025.09.10	01:43:29.338	1.35287				2
2025.09.10	01:43:31.175	1.35286	1.35289			6
2025.09.10	01:43:32.094	1.35284	1.35290			6
2025.09.10	01:43:42.282		1.35289			4
2025.09.10	01:43:42.895		1.35290			4
2025.09.10	01:43:43.200	1.35285				2
2025.09.10	01:43:44.120	1.35284				2
2025.09.10	01:43:47.190		1.35289			4
2025.09.10	01:43:48.106		1.35290			4
2025.09.10	01:43:49.324		1.35289			4
2025.09.10	01:43:50.239	1.35285	1.35290			6
2025.09.10	01:43:51.156	1.35284				2
2025.09.10	01:43:53.303	1.35285				2
2025.09.10	01:43:54.210		1.35289			4
2025.09.10	01:43:55.121	1.35286				2
2025.09.10	01:44:00.016	1.35286				2
2025.09.10	01:44:17.122	1.35288	1.35291			6
2025.09.10	01:44:18.354	1.35285				2
2025.09.10	01:44:19.888		1.35292			4
2025.09.10	01:44:22.968		1.35291			4
2025.09.10	01:44:24.504		1.35292			4
2025.09.10	01:44:25.118		1.35291			4
2025.09.10	01:44:27.262	1.35286				2
2025.09.10	01:44:29.100	1.35287				2
2025.09.10	01:44:32.162	1.35288				2
2025.09.10	01:44:42.518	1.35291	1.35294			6
2025.09.10	01:44:43.753	1.35290	1.35293			6
2025.09.10	01:44:44.364	1.35288	1.35294			6
2025.09.10	01:44:50.811	1.35287				2
2025.09.10	01:44:51.120	1.35288				2
2025.09.10	01:44:52.041		1.35295			4
2025.09.10	01:44:52.965		1.35294			4
2025.09.10	01:44:53.579	1.35289	1.35295			6
2025.09.10	01:44:54.191	1.35290				2
2025.09.10	01:44:56.350		1.35294			4
2025.09.10	01:44:57.269	1.35291				2
2025.09.10	01:44:58.797	1.35290	1.35293			6
2025.09.10	01:44:59.108	1.35291	1.35294			6
2025.09.10	01:45:00.027	1.35290	1.35293			6
2025.09.10	01:45:06.134	1.35291	1.35294			6
2025.09.10	01:45:06.742	1.35290	1.35293			6
2025.09.10	01:45:08.563	1.35291	1.35294			6
2025.09.10	01:45:16.804	1.35290	1.35293			6
2025.09.10	01:45:19.233	1.35291	1.35294			6
2025.09.10	01:45:23.492	1.35290	1.35293			6
2025.09.10	01:45:24.400	1.35291	1.35294			6
2025.09.10	01:45:25.933	1.35290	1.35293			6
2025.09.10	01:45:29.906	1.35291	1.35294			6
2025.09.10	01:45:30.825	1.35290	1.35293			6
2025.09.10	01:45:31.128	1.35291	1.35294			6
2025.09.10	01:45:31.433	1.35290	1.35293			6
2025.09.10	01:45:32.038	1.35291	1.35294			6
2025.09.10	01:45:33.252	1.35290				2
2025.09.10	01:45:34.174	1.35291				2
2025.09.10	01:45:35.399	1.35290	1.35293			6
2025.09.10	01:45:35.704	1.35291	1.35294			6
2025.09.10	01:45:37.239	1.35290				2
2025.09.10	01:45:38.170	1.35291				2
2025.09.10	01:45:38.786	1.35292	1.35295			6
2025.09.10	01:45:39.092	1.35291	1.35294			6
2025.09.10	01:45:43.961	1.35290	1.35293			6
2025.09.10	01:45:45.173	1.35286	1.35295			6
2025.09.10	01:45:47.335	1.35287				2
2025.09.10	01:45:48.267	1.35288	1.35294			6
2025.09.10	01:45:49.196	1.35289				2
2025.09.10	01:45:50.113	1.35288	1.35295			6
2025.09.10	01:45:51.343	1.35289	1.35294			6
2025.09.10	01:45:52.262	1.35288				2
2025.09.10	01:45:53.185	1.35289	1.35293			6
2025.09.10	01:45:54.104	1.35290				2
2025.09.10	01:45:56.239	1.35287	1.35295			6
2025.09.10	01:45:59.038	1.35286				2
2025.09.10	01:46:00.274	1.35286				2
2025.09.10	01:46:03.345	1.35287				2
2025.09.10	01:46:03.956	1.35291	1.35297			6
2025.09.10	01:46:04.262		1.35296			4
2025.09.10	01:46:05.177		1.35297			4
2025.09.10	01:46:09.171	1.35288				2
2025.09.10	01:46:10.709		1.35296			4
2025.09.10	01:46:11.320	1.35289				2
2025.09.10	01:46:11.623		1.35297			4
2025.09.10	01:46:12.242	1.35290				2
2025.09.10	01:46:13.160	1.35291	1.35296			6
2025.09.10	01:46:14.402		1.35295			4
2025.09.10	01:46:15.323	1.35292				2
2025.09.10	01:46:23.611	1.35293	1.35296			6
2025.09.10	01:46:23.915	1.35292	1.35295			6
2025.09.10	01:46:27.886	1.35293	1.35296			6
2025.09.10	01:46:32.140	1.35299	1.35302			6
2025.09.10	01:46:32.441	1.35300	1.35303			6
2025.09.10	01:46:32.744	1.35301	1.35304			6
2025.09.10	01:46:33.359	1.35298	1.35306			6
2025.09.10	01:46:33.979		1.35305			4
2025.09.10	01:46:34.601		1.35306			4
2025.09.10	01:46:34.908	1.35297				2
2025.09.10	01:46:35.824	1.35298	1.35308			6
2025.09.10	01:46:36.132		1.35307			4
2025.09.10	01:46:40.126	1.35299				2
2025.09.10	01:46:42.276	1.35300				2
2025.09.10	01:46:43.198		1.35306			4
2025.09.10	01:46:44.117	1.35301				2
2025.09.10	01:46:45.347		1.35305			4
2025.09.10	01:46:48.113	1.35302				2
