<DATE>	<TIME>	<BID>	<ASK>	<LAST>	<VOLUME>	<FLAGS>
2025.03.19	00:00:00.035	1.29991	1.30047			6
2025.03.19	00:00:00.344	1.29968	1.30058			6
2025.03.19	00:00:00.648	1.29967	1.30057			6
2025.03.19	00:00:00.957	1.29966	1.30056			6
2025.03.19	00:00:08.329	1.29967	1.30057			6
2025.03.19	00:00:20.003	1.29977	1.30067			6
2025.03.19	00:00:20.923	1.29975	1.30065			6
2025.03.19	00:00:30.135	1.29965	1.30055			6
2025.03.19	00:00:30.749	1.29981	1.30042			6
2025.03.19	00:00:35.063	1.29986				2
2025.03.19	00:00:35.426	1.29981				2
2025.03.19	00:01:10.393	1.29981				2
2025.03.19	00:01:51.446		1.30042			4
2025.03.19	00:02:19.469	1.29981				2
2025.03.19	00:03:10.379	1.29981	1.30042			6
2025.03.19	00:04:20.581	1.29981	1.30042			6
2025.03.19	00:05:01.302	1.29981				2
2025.03.19	00:05:30.330		1.30042			4
2025.03.19	00:06:00.383	1.29981				2
2025.03.19	00:06:31.927	1.29968	1.30039			6
2025.03.19	00:06:33.161	1.29967				2
2025.03.19	00:06:33.770		1.30038			4
2025.03.19	00:06:41.717		1.30036			4
2025.03.19	00:06:42.018		1.30035			4
2025.03.19	00:06:51.217		1.30036			4
2025.03.19	00:06:53.359		1.30038			4
2025.03.19	00:06:53.671		1.30037			4
2025.03.19	00:07:00.119	1.29967				2
2025.03.19	00:07:03.495		1.30041			4
2025.03.19	00:07:05.111		1.30035			4
2025.03.19	00:08:01.933	1.29967				2
2025.03.19	00:08:04.179	1.29968				2
2025.03.19	00:08:09.859		1.30035			4
2025.03.19	00:08:54.958	1.29967				2
2025.03.19	00:09:02.437	1.29967				2
2025.03.19	00:09:10.575		1.30035			4
2025.03.19	00:10:00.327	1.29967				2
2025.03.19	00:10:01.272	1.29966				2
2025.03.19	00:10:12.293		1.30035			4
2025.03.19	00:10:13.212	1.29954	1.30044			6
2025.03.19	00:10:15.678	1.29952	1.30042			6
2025.03.19	00:10:43.343	1.29948	1.30038			6
2025.03.19	00:10:49.176	1.29950	1.30040			6
2025.03.19	00:10:54.099	1.29949	1.30039			6
2025.03.19	00:11:00.244	1.29949				2
2025.03.19	00:11:01.475	1.29948	1.30038			6
2025.03.19	00:11:19.631	1.29966				2
2025.03.19	00:11:19.938	1.29948				2
2025.03.19	00:11:20.556	1.29966	1.30035			6
2025.03.19	00:11:26.728	1.29948	1.30038			6
2025.03.19	00:11:27.347	1.29966	1.30035			6
2025.03.19	00:11:33.274	1.29950	1.30040			6
2025.03.19	00:11:34.207	1.29966	1.30035			6
2025.03.19	00:12:00.378	1.29964				2
2025.03.19	00:12:35.348		1.30035			4
2025.03.19	00:12:43.723		1.30033			4
2025.03.19	00:12:44.038		1.30035			4
2025.03.19	00:12:44.365		1.30033			4
2025.03.19	00:12:44.679		1.30035			4
2025.03.19	00:13:00.752	1.29964				2
2025.03.19	00:13:48.874		1.30035			4
2025.03.19	00:14:02.199	1.29964				2
2025.03.19	00:14:19.822	1.29965				2
2025.03.19	00:14:46.871	1.29966				2
2025.03.19	00:14:49.876		1.30035			4
2025.03.19	00:15:01.237	1.29966				2
2025.03.19	00:15:54.572		1.30035			4
2025.03.19	00:16:00.583	1.29966				2
2025.03.19	00:16:59.074		1.30035			4
2025.03.19	00:17:00.428	1.29966				2
2025.03.19	00:18:00.272	1.29966	1.30035			6
2025.03.19	00:19:00.305	1.29966	1.30031			6
2025.03.19	00:20:00.715	1.29966	1.30031			6
2025.03.19	00:21:00.273	1.29966				2
2025.03.19	00:21:02.072		1.30031			4
2025.03.19	00:22:00.572	1.29966				2
2025.03.19	00:22:04.472		1.30031			4
2025.03.19	00:23:01.773	1.29966				2
2025.03.19	00:23:05.683		1.30031			4
2025.03.19	00:24:01.953	1.29966				2
2025.03.19	00:24:08.773	1.29965	1.30031			6
2025.03.19	00:25:01.847	1.29965				2
2025.03.19	00:25:10.184		1.30031			4
2025.03.19	00:26:01.431	1.29965				2
2025.03.19	00:26:11.931		1.30031			4
2025.03.19	00:27:00.578	1.29965				2
2025.03.19	00:27:16.247		1.30031			4
2025.03.19	00:27:57.604	1.29964				2
2025.03.19	00:28:01.431	1.29964				2
2025.03.19	00:28:17.207		1.30031			4
2025.03.19	00:29:00.389	1.29964	1.30040			6
2025.03.19	00:29:11.785		1.30041			4
2025.03.19	00:29:24.134	1.29960	1.30032			6
2025.03.19	00:29:46.452		1.30031			4
2025.03.19	00:30:00.378	1.29960				2
2025.03.19	00:30:07.906	1.29965				2
2025.03.19	00:30:41.452		1.30035			4
2025.03.19	00:31:07.913	1.29965				2
2025.03.19	00:31:50.672		1.30035			4
2025.03.19	00:31:58.313	1.29964				2
2025.03.19	00:32:00.571	1.29964				2
2025.03.19	00:32:01.191	1.29978	1.30045			6
2025.03.19	00:33:00.547	1.29978				2
2025.03.19	00:33:01.264		1.30045			4
2025.03.19	00:34:01.132	1.29978	1.30046			6
2025.03.19	00:34:06.401		1.30050			4
2025.03.19	00:34:18.561	1.29980				2
2025.03.19	00:35:00.617	1.29980				2
2025.03.19	00:35:10.944		1.30050			4
2025.03.19	00:35:14.313	1.29981				2
2025.03.19	00:36:00.578	1.29981				2
2025.03.19	00:36:09.305	1.29979				2
2025.03.19	00:36:12.074		1.30050			4
2025.03.19	00:37:04.172	1.29974				2
2025.03.19	00:37:04.473	1.29972				2
2025.03.19	00:37:14.673		1.30050			4
2025.03.19	00:37:23.384	1.29971				2
2025.03.19	00:38:00.303	1.29971				2
2025.03.19	00:38:15.016		1.30050			4
2025.03.19	00:39:00.011	1.29971				2
2025.03.19	00:39:17.206		1.30050			4
2025.03.19	00:39:35.686		1.30041			4
2025.03.19	00:39:45.551		1.30042			4
2025.03.19	00:39:50.162		1.30037			4
2025.03.19	00:39:50.471		1.30050			4
2025.03.19	00:39:50.884		1.30037			4
2025.03.19	00:39:51.195		1.30050			4
2025.03.19	00:39:51.502		1.30037			4
2025.03.19	00:39:52.124		1.30050			4
2025.03.19	00:39:52.712		1.30037			4
2025.03.19	00:39:53.023		1.30050			4
2025.03.19	00:39:53.331		1.30037			4
2025.03.19	00:39:53.636		1.30042			4
2025.03.19	00:39:54.563		1.30037			4
2025.03.19	00:40:00.084	1.29971				2
2025.03.19	00:40:04.385		1.30038			4
2025.03.19	00:40:04.693		1.30039			4
2025.03.19	00:40:08.375		1.30038			4
2025.03.19	00:40:09.605		1.30039			4
2025.03.19	00:40:09.909		1.30038			4
2025.03.19	00:40:11.143		1.30036			4
2025.03.19	00:41:00.016	1.29971				2
2025.03.19	00:41:11.388		1.30036			4
2025.03.19	00:42:00.271	1.29971				2
2025.03.19	00:42:01.199	1.29972				2
2025.03.19	00:42:11.640		1.30036			4
2025.03.19	00:43:00.222	1.29972				2
2025.03.19	00:43:11.924		1.30036			4
2025.03.19	00:44:00.195	1.29972				2
2025.03.19	00:44:09.102		1.30035			4
2025.03.19	00:45:00.156	1.29972				2
2025.03.19	00:45:02.006	1.29945				2
2025.03.19	00:45:03.234	1.29946	1.30036			6
2025.03.19	00:45:04.165	1.29972				2
2025.03.19	00:45:09.271	1.29988	1.30020			6
2025.03.19	00:45:14.784		1.30019			4
2025.03.19	00:46:00.004	1.29988				2
2025.03.19	00:46:04.315		1.30022			4
2025.03.19	00:46:08.933		1.30021			4
2025.03.19	00:46:19.395		1.30019			4
2025.03.19	00:46:19.707		1.30033			4
2025.03.19	00:46:20.011		1.30019			4
2025.03.19	00:46:20.317		1.30033			4
2025.03.19	00:46:20.631		1.30019			4
2025.03.19	00:46:20.934		1.30033			4
2025.03.19	00:46:21.241		1.30019			4
2025.03.19	00:46:21.545		1.30033			4
2025.03.19	00:46:22.162		1.30019			4
2025.03.19	00:46:22.469		1.30033			4
2025.03.19	00:46:22.785		1.30019			4
2025.03.19	00:46:23.089		1.30033			4
2025.03.19	00:46:23.406		1.30021			4
2025.03.19	00:46:42.153	1.29999				2
2025.03.19	00:46:42.458	1.29995	1.30034			6
2025.03.19	00:46:42.766		1.30033			4
2025.03.19	00:46:43.996		1.30036			4
2025.03.19	00:46:45.226		1.30037			4
2025.03.19	00:46:45.844		1.30036			4
2025.03.19	00:46:46.454		1.30037			4
2025.03.19	00:46:47.992		1.30038			4
2025.03.19	00:46:49.530		1.30039			4
2025.03.19	00:46:51.064		1.30038			4
2025.03.19	00:46:53.527	1.29990				2
2025.03.19	00:46:53.831	1.29992				2
2025.03.19	00:46:57.525		1.30037			4
2025.03.19	00:46:58.443		1.30036			4
2025.03.19	00:46:59.058	1.29993	1.30044			6
2025.03.19	00:46:59.978		1.30045			4
2025.03.19	00:47:00.280	1.29993				2
2025.03.19	00:47:00.592		1.30046			4
2025.03.19	00:47:02.121	1.29988				2
2025.03.19	00:47:03.042	1.29987	1.30045			6
2025.03.19	00:47:04.273	1.29993	1.30042			6
2025.03.19	00:47:04.582	1.29992				2
2025.03.19	00:47:05.197	1.29990	1.30041			6
2025.03.19	00:47:23.966	1.29994				2
2025.03.19	00:47:24.269		1.30028			4
2025.03.19	00:47:24.890		1.30027			4
2025.03.19	00:47:28.890		1.30028			4
2025.03.19	00:47:34.126		1.30027			4
2025.03.19	00:47:34.734	1.29986	1.30024			6
2025.03.19	00:47:35.041		1.30023			4
2025.03.19	00:47:38.731		1.30022			4
2025.03.19	00:47:41.493		1.30021			4
2025.03.19	00:47:46.410		1.30020			4
2025.03.19	00:47:47.945		1.30024			4
2025.03.19	00:47:50.712		1.30023			4
2025.03.19	00:47:54.715		1.30022			4
2025.03.19	00:47:56.867		1.30018			4
2025.03.19	00:47:59.935	1.29995				2
2025.03.19	00:48:00.250	1.29995	1.30024			6
2025.03.19	00:48:03.628		1.30027			4
2025.03.19	00:48:08.242		1.30026			4
2025.03.19	00:48:15.007		1.30023			4
2025.03.19	00:48:18.080		1.30025			4
2025.03.19	00:48:19.321		1.30026			4
2025.03.19	00:48:31.323		1.30025			4
2025.03.19	00:48:36.552		1.30026			4
2025.03.19	00:48:41.482		1.30025			4
2025.03.19	00:48:51.633		1.30026			4
2025.03.19	00:49:00.241	1.29995	1.30024			6
2025.03.19	00:49:02.386		1.30023			4
2025.03.19	00:49:18.079		1.30025			4
2025.03.19	00:49:40.795		1.30024			4
2025.03.19	00:49:53.715	1.29994				2
2025.03.19	00:50:00.181	1.29994				2
2025.03.19	00:50:41.034		1.30024			4
2025.03.19	00:50:43.193		1.30021			4
2025.03.19	00:50:51.490		1.30022			4
2025.03.19	00:51:00.087	1.29994				2
2025.03.19	00:51:03.480		1.30021			4
2025.03.19	00:51:09.311		1.30023			4
2025.03.19	00:51:13.296		1.30024			4
2025.03.19	00:51:54.198	1.29981				2
2025.03.19	00:52:00.056	1.29981				2
2025.03.19	00:52:13.583		1.30024			4
2025.03.19	00:52:14.502	1.29978				2
2025.03.19	00:52:27.734		1.30022			4
2025.03.19	00:52:36.031		1.30023			4
2025.03.19	00:52:44.013	1.29979				2
2025.03.19	00:53:00.303	1.29979				2
2025.03.19	00:53:01.227		1.30024			4
2025.03.19	00:53:01.836		1.30023			4
2025.03.19	00:53:03.672		1.30022			4
2025.03.19	00:53:07.973	1.29977				2
2025.03.19	00:53:25.206		1.30026			4
2025.03.19	00:53:31.673		1.30024			4
2025.03.19	00:53:32.600	1.29979	1.30037			6
2025.03.19	00:53:32.909	1.29977	1.30024			6
2025.03.19	00:53:33.211	1.29979	1.30037			6
2025.03.19	00:53:33.523	1.29977	1.30024			6
2025.03.19	00:53:33.835	1.29979	1.30037			6
2025.03.19	00:53:34.141	1.29977	1.30024			6
2025.03.19	00:53:34.446	1.29979	1.30037			6
2025.03.19	00:53:34.757	1.29977	1.30024			6
2025.03.19	00:53:35.066	1.29979	1.30037			6
2025.03.19	00:53:35.376	1.29977	1.30026			6
2025.03.19	00:53:37.211	1.29978				2
2025.03.19	00:53:37.517	1.29979				2
2025.03.19	00:53:40.287	1.29978				2
2025.03.19	00:53:49.203	1.29979				2
2025.03.19	00:53:58.419	1.29986	1.30020			6
2025.03.19	00:53:58.724		1.30017			4
2025.03.19	00:54:00.265	1.29986				2
2025.03.19	00:54:02.417		1.30016			4
2025.03.19	00:54:09.492		1.30015			4
2025.03.19	00:54:13.801	1.29981	1.30012			6
2025.03.19	00:54:15.033		1.30011			4
2025.03.19	00:54:21.491		1.30010			4
2025.03.19	00:54:30.713		1.30009			4
2025.03.19	00:54:36.568		1.30010			4
2025.03.19	00:54:36.871	1.29980	1.30008			6
2025.03.19	00:54:38.410		1.30009			4
2025.03.19	00:54:38.717		1.30008			4
2025.03.19	00:54:48.247		1.30007			4
2025.03.19	00:54:48.551		1.30008			4
2025.03.19	00:54:53.776		1.30007			4
2025.03.19	00:54:58.076	1.29977	1.30008			6
2025.03.19	00:54:58.388		1.30006			4
2025.03.19	00:54:59.617		1.30005			4
2025.03.19	00:55:00.233	1.29977				2
2025.03.19	00:55:00.542		1.30006			4
2025.03.19	00:55:04.233		1.30007			4
2025.03.19	00:55:04.539	1.29975	1.30006			6
2025.03.19	00:55:08.541		1.30005			4
2025.03.19	00:55:10.692		1.30002			4
2025.03.19	00:55:10.999		1.30003			4
2025.03.19	00:55:13.153		1.30004			4
2025.03.19	00:55:14.385		1.30003			4
2025.03.19	00:55:17.768		1.30005			4
2025.03.19	00:55:18.689	1.29972	1.30003			6
2025.03.19	00:55:18.990		1.30005			4
2025.03.19	00:55:19.306		1.30003			4
2025.03.19	00:55:20.845		1.30004			4
2025.03.19	00:55:21.457		1.30002			4
2025.03.19	00:55:23.919	1.29976	1.30003			6
2025.03.19	00:55:24.840		1.30006			4
2025.03.19	00:55:27.302	1.29991	1.30024			6
2025.03.19	00:55:27.604		1.30023			4
2025.03.19	00:55:28.836		1.30025			4
2025.03.19	00:55:34.080		1.30026			4
2025.03.19	00:55:34.688	1.30003	1.30027			6
2025.03.19	00:55:34.992	1.30002	1.30032			6
2025.03.19	00:55:50.980	1.30007	1.30037			6
2025.03.19	00:56:00.204	1.30007				2
2025.03.19	00:56:02.355	1.30011				2
2025.03.19	00:56:02.660		1.30043			4
2025.03.19	00:56:02.971		1.30042			4
2025.03.19	00:56:08.200		1.30041			4
2025.03.19	00:56:10.970		1.30042			4
2025.03.19	00:56:17.425	1.30007	1.30037			6
2025.03.19	00:56:19.878	1.29995	1.30030			6
2025.03.19	00:56:21.722		1.30029			4
2025.03.19	00:56:24.794		1.30032			4
2025.03.19	00:56:26.332		1.30031			4
2025.03.19	00:56:30.024		1.30032			4
2025.03.19	00:56:38.320		1.30031			4
2025.03.19	00:56:39.549		1.30032			4
2025.03.19	00:56:41.085		1.30026			4
2025.03.19	00:56:48.470		1.30029			4
2025.03.19	00:56:51.847		1.30030			4
2025.03.19	00:56:53.386		1.30029			4
2025.03.19	00:57:00.148	1.29995				2
2025.03.19	00:57:05.972		1.30028			4
2025.03.19	00:57:22.267		1.30029			4
2025.03.19	00:57:29.957		1.30028			4
2025.03.19	00:57:34.564		1.30029			4
2025.03.19	00:57:35.795	1.29996	1.30030			6
2025.03.19	00:57:36.101		1.30028			4
2025.03.19	00:57:38.877		1.30027			4
2025.03.19	00:57:41.027		1.30028			4
2025.03.19	00:57:44.713	1.29998				2
2025.03.19	00:57:45.023		1.30027			4
2025.03.19	00:57:48.710		1.30028			4
2025.03.19	00:57:51.475		1.30027			4
2025.03.19	00:58:00.059	1.29998				2
2025.03.19	00:58:04.979		1.30028			4
2025.03.19	00:58:19.992		1.30025			4
2025.03.19	00:58:24.304	1.30007	1.30032			6
2025.03.19	00:58:24.612		1.30031			4
2025.03.19	00:58:24.914		1.30029			4
2025.03.19	00:58:25.531		1.30031			4
2025.03.19	00:58:26.143		1.30032			4
2025.03.19	00:58:30.760		1.30031			4
2025.03.19	00:58:35.063		1.30032			4
2025.03.19	00:58:45.207		1.30033			4
2025.03.19	00:58:57.513		1.30032			4
2025.03.19	00:59:00.275	1.30007				2
2025.03.19	00:59:00.886		1.30033			4
2025.03.19	00:59:07.349		1.30032			4
2025.03.19	00:59:14.116		1.30038			4
2025.03.19	00:59:14.426		1.30040			4
2025.03.19	00:59:14.734		1.30039			4
2025.03.19	00:59:24.878		1.30040			4
2025.03.19	00:59:36.244	1.30009				2
2025.03.19	00:59:36.549		1.30041			4
2025.03.19	00:59:37.473		1.30042			4
2025.03.19	00:59:40.242		1.30041			4
2025.03.19	00:59:40.859		1.30042			4
2025.03.19	00:59:53.170		1.30043			4
2025.03.19	00:59:55.014		1.30042			4
2025.03.19	00:59:55.334		1.30043			4
2025.03.19	00:59:56.557	1.30007	1.30041			6
2025.03.19	00:59:58.092	1.30009				2
2025.03.19	00:59:58.394		1.30065			4
2025.03.19	00:59:58.709		1.30063			4
2025.03.19	00:59:59.630		1.30065			4
2025.03.19	00:59:59.932		1.30063			4
2025.03.19	01:00:00.242	1.30020	1.30066			6
2025.03.19	01:00:00.875		1.30064			4
2025.03.19	01:00:01.180		1.30062			4
2025.03.19	01:00:01.488	1.30017				2
2025.03.19	01:00:01.792		1.30043			4
2025.03.19	01:00:02.101		1.30022			4
2025.03.19	01:00:02.404	1.30010	1.30021			6
2025.03.19	01:00:02.708	1.30011	1.30022			6
2025.03.19	01:00:03.011	1.30012	1.30023			6
2025.03.19	01:00:03.316	1.30010	1.30021			6
2025.03.19	01:00:03.625	1.30014	1.30025			6
2025.03.19	01:00:04.240		1.30023			4
2025.03.19	01:00:04.542	1.30020	1.30029			6
2025.03.19	01:00:04.845	1.30017	1.30024			6
2025.03.19	01:00:05.454	1.30020	1.30029			6
2025.03.19	01:00:05.761	1.30017	1.30024			6
2025.03.19	01:00:06.065	1.30018	1.30027			6
2025.03.19	01:00:06.372	1.30017	1.30023			6
2025.03.19	01:00:06.685	1.30019	1.30028			6
2025.03.19	01:00:06.990	1.30017	1.30023			6
2025.03.19	01:00:07.297	1.30020	1.30029			6
2025.03.19	01:00:07.605	1.30017	1.30023			6
2025.03.19	01:00:08.223		1.30022			4
2025.03.19	01:00:08.525		1.30024			4
2025.03.19	01:00:09.749		1.30023			4
2025.03.19	01:00:10.055		1.30024			4
2025.03.19	01:00:10.358	1.30024	1.30025			6
2025.03.19	01:00:10.972	1.29998	1.30035			6
2025.03.19	01:00:11.280		1.30031			4
2025.03.19	01:00:12.197		1.30032			4
2025.03.19	01:00:14.340	1.29996	1.30035			6
2025.03.19	01:00:14.646	1.29999	1.30034			6
2025.03.19	01:00:14.950		1.30033			4
2025.03.19	01:00:15.258		1.30034			4
2025.03.19	01:00:15.560		1.30033			4
2025.03.19	01:00:16.487		1.30034			4
2025.03.19	01:00:16.791	1.30001				2
2025.03.19	01:00:18.327	1.30012	1.30036			6
2025.03.19	01:00:18.637		1.30032			4
2025.03.19	01:00:20.488		1.30031			4
2025.03.19	01:00:21.108		1.30032			4
2025.03.19	01:00:21.412	1.30013	1.30034			6
2025.03.19	01:00:21.719	1.30012	1.30033			6
2025.03.19	01:00:22.025		1.30032			4
2025.03.19	01:00:23.556	1.30013	1.30031			6
2025.03.19	01:00:24.165	1.30012	1.30030			6
2025.03.19	01:00:24.471	1.30014				2
2025.03.19	01:00:25.695	1.30012	1.30031			6
2025.03.19	01:00:26.920		1.30033			4
2025.03.19	01:00:28.758		1.30032			4
2025.03.19	01:00:29.061		1.30033			4
2025.03.19	01:00:29.983	1.30013	1.30032			6
2025.03.19	01:00:30.596	1.30014				2
2025.03.19	01:00:30.899	1.30010	1.30035			6
2025.03.19	01:00:31.203	1.30003	1.30034			6
2025.03.19	01:00:31.507	1.30004	1.30033			6
2025.03.19	01:00:32.425		1.30035			4
2025.03.19	01:00:33.346	1.30005	1.30036			6
2025.03.19	01:00:33.652	1.30004	1.30035			6
2025.03.19	01:00:34.262	1.30006				2
2025.03.19	01:00:34.876	1.30004	1.30036			6
2025.03.19	01:00:36.095	1.30005				2
2025.03.19	01:00:36.409	1.30006	1.30035			6
2025.03.19	01:00:37.637		1.30038			4
2025.03.19	01:00:37.944	1.30005	1.30036			6
2025.03.19	01:00:38.249	1.30004	1.30034			6
2025.03.19	01:00:39.165		1.30035			4
2025.03.19	01:00:39.479	1.30008	1.30033			6
2025.03.19	01:00:39.784		1.30035			4
2025.03.19	01:00:40.397		1.30034			4
2025.03.19	01:00:41.310		1.30033			4
2025.03.19	01:00:42.236		1.30034			4
2025.03.19	01:00:42.854		1.30033			4
2025.03.19	01:00:43.771	1.30006	1.30036			6
2025.03.19	01:00:44.088		1.30032			4
2025.03.19	01:00:46.241	1.30021	1.30033			6
2025.03.19	01:00:46.861		1.30031			4
2025.03.19	01:00:50.243		1.30032			4
2025.03.19	01:00:53.630	1.30017	1.30025			6
2025.03.19	01:00:56.712	1.30016				2
2025.03.19	01:00:59.179		1.30027			4
2025.03.19	01:01:00.103	1.30016	1.30025			6
2025.03.19	01:01:00.411	1.30015	1.30020			6
2025.03.19	01:01:00.713	1.30012	1.30013			6
2025.03.19	01:01:01.021		1.30021			4
2025.03.19	01:01:01.331		1.30013			4
2025.03.19	01:01:04.379		1.30015			4
2025.03.19	01:01:04.986	1.30011				2
2025.03.19	01:01:05.289		1.30014			4
2025.03.19	01:01:05.897		1.30013			4
2025.03.19	01:01:06.811		1.30012			4
2025.03.19	01:01:10.797		1.30013			4
2025.03.19	01:01:11.106		1.30012			4
2025.03.19	01:01:12.324	1.30007				2
2025.03.19	01:01:14.466	1.30006	1.30011			6
2025.03.19	01:01:16.305	1.30005	1.30010			6
2025.03.19	01:01:17.215	1.30006	1.30011			6
2025.03.19	01:01:18.752	1.30005	1.30010			6
2025.03.19	01:01:24.249	1.30004	1.30009			6
2025.03.19	01:01:25.161	1.30005	1.30010			6
2025.03.19	01:01:31.549	1.30004	1.30009			6
2025.03.19	01:01:32.469	1.30005	1.30010			6
2025.03.19	01:01:39.813	1.30004	1.30009			6
2025.03.19	01:01:40.120	1.30005	1.30010			6
2025.03.19	01:01:40.420	1.30004	1.30009			6
2025.03.19	01:01:44.383	1.30003	1.30008			6
2025.03.19	01:01:44.986	1.30005	1.30010			6
2025.03.19	01:01:57.185	1.30006	1.30011			6
2025.03.19	01:02:00.232	1.30006				2
2025.03.19	01:02:01.140	1.30005	1.30010			6
2025.03.19	01:02:06.371	1.30006	1.30007			6
2025.03.19	01:02:07.608	1.30005	1.30006			6
2025.03.19	01:02:37.173	1.30006	1.30007			6
2025.03.19	01:02:44.266	1.30005	1.30006			6
2025.03.19	01:02:53.196	1.30006	1.30007			6
2025.03.19	01:03:00.293	1.30005	1.30006			6
2025.03.19	01:03:04.293	1.30006	1.30007			6
2025.03.19	01:03:10.759	1.30007	1.30008			6
2025.03.19	01:03:14.449	1.30006	1.30007			6
2025.03.19	01:03:17.535	1.30008	1.30009			6
2025.03.19	01:03:17.840	1.30011	1.30012			6
2025.03.19	01:03:24.921	1.30012	1.30013			6
2025.03.19	01:03:25.230	1.30013	1.30014			6
2025.03.19	01:03:29.544	1.30012	1.30013			6
2025.03.19	01:03:42.480	1.30014	1.30015			6
2025.03.19	01:03:43.403	1.30013	1.30014			6
2025.03.19	01:03:56.331	1.30014	1.30015			6
2025.03.19	01:03:57.254	1.30013	1.30014			6
2025.03.19	01:04:00.034	1.30013				2
2025.03.19	01:04:06.200	1.30012	1.30013			6
2025.03.19	01:04:06.505	1.30013	1.30014			6
2025.03.19	01:04:21.607	1.30012	1.30015			6
2025.03.19	01:04:22.226		1.30016			4
2025.03.19	01:04:23.762		1.30015			4
2025.03.19	01:04:27.748	1.30011	1.30014			6
2025.03.19	01:04:29.590		1.30015			4
2025.03.19	01:04:30.821		1.30014			4
2025.03.19	01:04:34.211		1.30013			4
2025.03.19	01:04:35.443		1.30012			4
2025.03.19	01:04:36.367	1.30010				2
2025.03.19	01:04:36.679		1.30014			4
2025.03.19	01:04:37.296		1.30015			4
2025.03.19	01:04:38.220		1.30014			4
2025.03.19	01:04:42.239	1.30011	1.30015			6
2025.03.19	01:04:43.473		1.30014			4
2025.03.19	01:05:00.108	1.30011				2
2025.03.19	01:05:04.111	1.30006	1.30010			6
2025.03.19	01:05:04.422	1.30005				2
2025.03.19	01:05:10.590	1.30004	1.30009			6
2025.03.19	01:05:26.931	1.30005	1.30010			6
2025.03.19	01:05:34.946	1.30003	1.30008			6
2025.03.19	01:05:39.261		1.30007			4
2025.03.19	01:05:49.117		1.30006			4
2025.03.19	01:06:00.211	1.30003				2
2025.03.19	01:06:02.369	1.30002	1.30005			6
2025.03.19	01:06:02.680	1.30003				2
2025.03.19	01:06:04.526		1.30006			4
2025.03.19	01:06:22.099		1.30005			4
2025.03.19	01:06:23.633	1.30002	1.30006			6
2025.03.19	01:06:23.946		1.30005			4
2025.03.19	01:06:24.253		1.30004			4
2025.03.19	01:06:24.560	1.30003				2
2025.03.19	01:06:25.179	1.30004	1.30005			6
2025.03.19	01:06:27.335	1.30008	1.30010			6
2025.03.19	01:06:28.262		1.30011			4
2025.03.19	01:06:28.881		1.30010			4
2025.03.19	01:06:30.421	1.30007				2
2025.03.19	01:06:43.977		1.30011			4
2025.03.19	01:06:44.600		1.30010			4
2025.03.19	01:06:44.907		1.30011			4
2025.03.19	01:06:45.216		1.30010			4
2025.03.19	01:06:45.529		1.30011			4
2025.03.19	01:06:45.832		1.30010			4
2025.03.19	01:06:46.137		1.30011			4
2025.03.19	01:06:46.446		1.30010			4
2025.03.19	01:06:46.755		1.30011			4
2025.03.19	01:06:47.065		1.30010			4
2025.03.19	01:06:47.371		1.30011			4
2025.03.19	01:06:47.678		1.30010			4
2025.03.19	01:07:00.020	1.30007				2
2025.03.19	01:07:00.326	1.30010	1.30015			6
2025.03.19	01:07:05.577	1.30007	1.30010			6
2025.03.19	01:07:37.044		1.30009			4
2025.03.19	01:07:38.282	1.30006				2
2025.03.19	01:07:47.221	1.30007				2
2025.03.19	01:07:59.565	1.30012	1.30013			6
2025.03.19	01:08:00.176	1.30012	1.30017			6
2025.03.19	01:08:04.813	1.30013	1.30018			6
2025.03.19	01:08:07.283	1.30014	1.30019			6
2025.03.19	01:08:09.129	1.30013	1.30018			6
2025.03.19	01:08:11.292	1.30014	1.30019			6
2025.03.19	01:08:14.989	1.30013	1.30018			6
2025.03.19	01:08:24.236	1.30015	1.30020			6
2025.03.19	01:08:35.354	1.30014	1.30019			6
2025.03.19	01:08:36.896	1.30015	1.30020			6
2025.03.19	01:08:42.135	1.30016	1.30021			6
2025.03.19	01:09:00.300	1.30016				2
2025.03.19	01:09:05.839	1.30015	1.30020			6
2025.03.19	01:09:15.038	1.30016	1.30021			6
2025.03.19	01:09:20.249	1.30015	1.30020			6
2025.03.19	01:09:20.553	1.30013	1.30018			6
2025.03.19	01:09:23.925	1.30014	1.30019			6
2025.03.19	01:09:26.372	1.30013	1.30018			6
2025.03.19	01:09:33.433	1.30014	1.30019			6
2025.03.19	01:09:41.086	1.30013	1.30018			6
2025.03.19	01:09:42.004	1.30014	1.30019			6
2025.03.19	01:09:44.150		1.30018			4
2025.03.19	01:09:48.130	1.30013	1.30017			6
2025.03.19	01:09:49.963	1.30011	1.30012			6
2025.03.19	01:09:50.268	1.30006	1.30010			6
2025.03.19	01:09:50.578	1.30007	1.30011			6
2025.03.19	01:09:51.185	1.30006				2
2025.03.19	01:09:52.113	1.30007	1.30012			6
2025.03.19	01:09:55.490	1.30011	1.30016			6
2025.03.19	01:09:55.805	1.30012	1.30017			6
2025.03.19	01:09:58.882	1.30011	1.30016			6
2025.03.19	01:10:00.122	1.30011				2
2025.03.19	01:10:00.435	1.30012	1.30017			6
2025.03.19	01:10:06.287	1.30011	1.30016			6
2025.03.19	01:10:21.337	1.30012	1.30017			6
2025.03.19	01:10:29.614	1.30011	1.30016			6
2025.03.19	01:10:31.448	1.30012	1.30017			6
2025.03.19	01:10:32.668	1.30013	1.30018			6
2025.03.19	01:10:50.184	1.30026	1.30027			6
2025.03.19	01:10:50.491	1.30028	1.30029			6
2025.03.19	01:10:50.804		1.30030			4
2025.03.19	01:10:52.954	1.30026	1.30028			6
2025.03.19	01:10:53.267		1.30029			4
2025.03.19	01:10:56.347	1.30027	1.30033			6
2025.03.19	01:10:57.583	1.30028	1.30034			6
2025.03.19	01:10:59.433	1.30027	1.30033			6
2025.03.19	01:11:00.049	1.30027				2
2025.03.19	01:11:00.350	1.30028	1.30034			6
2025.03.19	01:11:00.657	1.30029	1.30035			6
2025.03.19	01:11:01.582	1.30028	1.30034			6
2025.03.19	01:11:01.888	1.30029	1.30035			6
2025.03.19	01:11:02.193	1.30032	1.30038			6
2025.03.19	01:11:02.814	1.30033	1.30039			6
2025.03.19	01:11:03.746	1.30032	1.30038			6
2025.03.19	01:11:05.589	1.30027	1.30032			6
2025.03.19	01:11:05.902		1.30031			4
2025.03.19	01:11:06.830	1.30024	1.30030			6
2025.03.19	01:11:07.136	1.30022	1.30028			6
2025.03.19	01:11:07.447	1.30023	1.30029			6
2025.03.19	01:11:09.300	1.30024	1.30030			6
2025.03.19	01:11:12.080	1.30023	1.30029			6
2025.03.19	01:11:13.309	1.30025	1.30031			6
2025.03.19	01:11:14.544	1.30024	1.30030			6
2025.03.19	01:11:14.847	1.30025	1.30031			6
2025.03.19	01:11:20.426	1.30026	1.30032			6
2025.03.19	01:11:21.966	1.30031	1.30037			6
2025.03.19	01:11:23.821	1.30032	1.30038			6
2025.03.19	01:11:24.129	1.30031	1.30037			6
2025.03.19	01:11:24.437	1.30032	1.30038			6
2025.03.19	01:11:25.361	1.30034	1.30040			6
2025.03.19	01:11:25.989	1.30033	1.30039			6
2025.03.19	01:11:26.292	1.30032	1.30038			6
2025.03.19	01:11:27.525	1.30033	1.30039			6
2025.03.19	01:11:28.457	1.30032	1.30038			6
2025.03.19	01:11:33.384	1.30031	1.30037			6
2025.03.19	01:11:33.691	1.30032	1.30038			6
2025.03.19	01:11:36.782	1.30031	1.30037			6
2025.03.19	01:11:40.475	1.30033	1.30039			6
2025.03.19	01:11:45.714	1.30032	1.30038			6
2025.03.19	01:11:50.027	1.30033	1.30039			6
2025.03.19	01:11:53.423	1.30032	1.30038			6
2025.03.19	01:12:00.209	1.30032				2
2025.03.19	01:12:07.005	1.30033	1.30039			6
2025.03.19	01:12:13.781	1.30034	1.30040			6
2025.03.19	01:12:14.395	1.30035	1.30041			6
2025.03.19	01:12:18.376	1.30036				2
2025.03.19	01:12:28.842	1.30037	1.30042			6
2025.03.19	01:12:35.922	1.30036	1.30041			6
2025.03.19	01:12:42.691	1.30035	1.30040			6
2025.03.19	01:12:46.391	1.30036	1.30041			6
2025.03.19	01:12:59.015	1.30035	1.30040			6
2025.03.19	01:13:00.248	1.30035				2
2025.03.19	01:13:03.957	1.30036	1.30041			6
2025.03.19	01:13:06.117	1.30035	1.30040			6
2025.03.19	01:13:17.204	1.30036				2
2025.03.19	01:13:17.510	1.30039	1.30043			6
2025.03.19	01:13:17.814	1.30038	1.30042			6
2025.03.19	01:13:18.116	1.30037				2
2025.03.19	01:13:21.508	1.30036	1.30041			6
2025.03.19	01:13:21.820	1.30037	1.30042			6
2025.03.19	01:13:25.822	1.30036	1.30041			6
2025.03.19	01:13:30.131	1.30033	1.30038			6
2025.03.19	01:13:30.435	1.30037	1.30042			6
2025.03.19	01:13:30.748	1.30033	1.30038			6
2025.03.19	01:13:31.055	1.30037	1.30042			6
2025.03.19	01:13:31.365	1.30034	1.30038			6
2025.03.19	01:13:31.676	1.30037	1.30042			6
2025.03.19	01:13:31.985	1.30034	1.30038			6
2025.03.19	01:13:32.288	1.30037	1.30042			6
2025.03.19	01:13:32.594	1.30034	1.30038			6
2025.03.19	01:13:32.901	1.30037	1.30042			6
2025.03.19	01:13:33.206	1.30034	1.30038			6
2025.03.19	01:13:33.517	1.30037	1.30042			6
2025.03.19	01:13:34.130	1.30036				2
2025.03.19	01:13:38.145	1.30037				2
2025.03.19	01:13:44.930	1.30036	1.30041			6
2025.03.19	01:13:46.480	1.30037	1.30042			6
2025.03.19	01:13:54.484	1.30036	1.30041			6
2025.03.19	01:13:54.792	1.30035	1.30040			6
2025.03.19	01:13:55.716	1.30036	1.30041			6
2025.03.19	01:13:57.564	1.30035	1.30040			6
2025.03.19	01:14:00.033	1.30035				2
2025.03.19	01:14:08.360	1.30034	1.30039			6
2025.03.19	01:14:08.675	1.30035	1.30040			6
2025.03.19	01:14:08.984	1.30034	1.30039			6
2025.03.19	01:14:12.682	1.30033	1.30038			6
2025.03.19	01:14:13.616	1.30034	1.30039			6
2025.03.19	01:14:14.223	1.30033	1.30038			6
2025.03.19	01:14:18.859	1.30034	1.30039			6
2025.03.19	01:14:20.087	1.30033	1.30038			6
2025.03.19	01:14:20.390	1.30034	1.30039			6
2025.03.19	01:14:20.704	1.30031	1.30036			6
2025.03.19	01:14:21.320	1.30032	1.30037			6
2025.03.19	01:14:22.244	1.30031	1.30036			6
2025.03.19	01:14:32.696	1.30032	1.30037			6
2025.03.19	01:14:33.927	1.30031	1.30036			6
2025.03.19	01:14:36.701	1.30030	1.30035			6
2025.03.19	01:14:37.011	1.30031	1.30036			6
2025.03.19	01:14:43.503	1.30032	1.30037			6
2025.03.19	01:14:46.268		1.30036			4
2025.03.19	01:14:51.779	1.30033	1.30037			6
2025.03.19	01:15:00.104	1.30033				2
2025.03.19	01:15:31.997	1.30032	1.30036			6
2025.03.19	01:15:34.136	1.30033	1.30037			6
2025.03.19	01:15:34.445	1.30032	1.30036			6
2025.03.19	01:15:39.339	1.30033	1.30037			6
2025.03.19	01:15:41.179	1.30032	1.30036			6
2025.03.19	01:15:41.787	1.30033	1.30037			6
2025.03.19	01:15:47.604	1.30036	1.30040			6
2025.03.19	01:15:47.908	1.30033	1.30037			6
2025.03.19	01:16:00.241	1.30033				2
2025.03.19	01:16:06.086	1.30034				2
2025.03.19	01:16:22.281	1.30029	1.30032			6
2025.03.19	01:16:23.188	1.30033	1.30036			6
2025.03.19	01:16:23.496	1.30034	1.30037			6
2025.03.19	01:16:25.616	1.30033	1.30036			6
2025.03.19	01:16:28.363	1.30032	1.30035			6
2025.03.19	01:16:30.804	1.30033	1.30036			6
2025.03.19	01:16:40.279	1.30032	1.30035			6
2025.03.19	01:16:41.817	1.30029	1.30032			6
2025.03.19	01:16:42.124		1.30033			4
2025.03.19	01:16:48.912		1.30032			4
2025.03.19	01:16:49.220	1.30027	1.30031			6
2025.03.19	01:16:50.145	1.30029	1.30033			6
2025.03.19	01:16:50.765	1.30028	1.30032			6
2025.03.19	01:16:57.543	1.30027	1.30031			6
2025.03.19	01:17:00.002	1.30025	1.30029			6
2025.03.19	01:17:01.541	1.30026	1.30028			6
2025.03.19	01:17:05.243	1.30024				2
2025.03.19	01:17:06.467	1.30025	1.30029			6
2025.03.19	01:17:07.696	1.30024	1.30028			6
2025.03.19	01:17:10.483	1.30023	1.30027			6
2025.03.19	01:17:16.032	1.30024	1.30028			6
2025.03.19	01:17:17.268	1.30023	1.30027			6
2025.03.19	01:17:19.431	1.30024	1.30028			6
2025.03.19	01:17:20.043	1.30023	1.30027			6
2025.03.19	01:17:21.275	1.30024				2
2025.03.19	01:17:34.513	1.30023				2
2025.03.19	01:17:48.937	1.30026	1.30030			6
2025.03.19	01:17:49.246	1.30024	1.30028			6
2025.03.19	01:17:49.556	1.30023	1.30027			6
2025.03.19	01:18:00.025	1.30023				2
2025.03.19	01:18:09.271	1.30024				2
2025.03.19	01:18:12.332	1.30023	1.30026			6
2025.03.19	01:18:44.875	1.30024	1.30027			6
2025.03.19	01:18:48.264	1.30023	1.30026			6
2025.03.19	01:19:00.291	1.30023				2
2025.03.19	01:19:18.148	1.30024	1.30027			6
2025.03.19	01:19:23.373	1.30023	1.30026			6
2025.03.19	01:19:26.767		1.30025			4
2025.03.19	01:19:27.382		1.30026			4
2025.03.19	01:19:29.525		1.30025			4
2025.03.19	01:19:29.829	1.30019	1.30022			6
2025.03.19	01:19:31.371		1.30023			4
2025.03.19	01:19:34.448	1.30018	1.30022			6
2025.03.19	01:19:35.677	1.30019	1.30023			6
2025.03.19	01:19:37.527		1.30022			4
2025.03.19	01:19:37.835	1.30017	1.30021			6
2025.03.19	01:19:38.761	1.30015	1.30019			6
2025.03.19	01:19:39.367	1.30014	1.30018			6
2025.03.19	01:19:48.608	1.30013	1.30017			6
2025.03.19	01:19:54.456	1.30014	1.30018			6
2025.03.19	01:19:55.070	1.30013	1.30017			6
2025.03.19	01:20:00.301	1.30014	1.30018			6
2025.03.19	01:20:02.767	1.30015	1.30019			6
2025.03.19	01:20:05.541	1.30021	1.30025			6
2025.03.19	01:20:05.848	1.30023	1.30027			6
2025.03.19	01:20:06.156	1.30022	1.30028			6
2025.03.19	01:20:07.697	1.30020	1.30025			6
2025.03.19	01:20:08.931	1.30021				2
2025.03.19	01:20:09.857	1.30020				2
2025.03.19	01:20:10.468		1.30024			4
2025.03.19	01:20:12.014		1.30025			4
2025.03.19	01:20:13.250		1.30024			4
2025.03.19	01:20:16.630	1.30021	1.30027			6
2025.03.19	01:20:16.938	1.30020	1.30024			6
2025.03.19	01:20:17.252	1.30021	1.30027			6
2025.03.19	01:20:17.557	1.30020	1.30026			6
2025.03.19	01:20:17.863		1.30023			4
2025.03.19	01:20:18.177	1.30019	1.30025			6
2025.03.19	01:20:18.486		1.30023			4
2025.03.19	01:20:18.795		1.30025			4
2025.03.19	01:20:19.102		1.30023			4
2025.03.19	01:20:19.411		1.30025			4
2025.03.19	01:20:19.717		1.30023			4
2025.03.19	01:20:20.333		1.30025			4
2025.03.19	01:20:20.640		1.30023			4
2025.03.19	01:20:31.411		1.30024			4
2025.03.19	01:20:41.264	1.30020				2
2025.03.19	01:20:41.565		1.30025			4
2025.03.19	01:20:42.194	1.30019	1.30024			6
2025.03.19	01:20:44.658		1.30025			4
2025.03.19	01:20:44.960		1.30024			4
2025.03.19	01:20:46.502	1.30020	1.30025			6
2025.03.19	01:20:47.734	1.30019	1.30024			6
2025.03.19	01:20:48.042		1.30025			4
2025.03.19	01:20:53.591		1.30024			4
2025.03.19	01:20:54.829		1.30025			4
2025.03.19	01:20:57.595		1.30024			4
2025.03.19	01:21:00.061	1.30019				2
2025.03.19	01:21:00.369	1.30022	1.30026			6
2025.03.19	01:21:00.685	1.30023				2
2025.03.19	01:21:01.303	1.30021				2
2025.03.19	01:21:01.611	1.30023				2
2025.03.19	01:21:04.383	1.30020	1.30025			6
2025.03.19	01:21:13.013	1.30022				2
2025.03.19	01:21:13.320		1.30026			4
2025.03.19	01:21:14.243		1.30025			4
2025.03.19	01:21:20.724	1.30020				2
2025.03.19	01:21:29.635	1.30021				2
2025.03.19	01:21:49.665	1.30020				2
2025.03.19	01:21:51.204	1.30019	1.30024			6
2025.03.19	01:21:56.128		1.30023			4
2025.03.19	01:21:57.963	1.30020	1.30024			6
2025.03.19	01:22:00.104	1.30020				2
2025.03.19	01:22:10.178	1.30021	1.30025			6
2025.03.19	01:22:45.774	1.30013	1.30017			6
2025.03.19	01:22:46.393	1.30012	1.30018			6
2025.03.19	01:22:51.632		1.30017			4
2025.03.19	01:22:54.708	1.30019	1.30020			6
2025.03.19	01:22:55.629	1.30015				2
2025.03.19	01:23:00.256	1.30015				2
2025.03.19	01:23:02.419	1.30012	1.30018			6
2025.03.19	01:23:02.733		1.30017			4
2025.03.19	01:23:03.966	1.30013				2
2025.03.19	01:23:04.268	1.30012				2
2025.03.19	01:23:06.114	1.30011				2
2025.03.19	01:23:11.044	1.30012	1.30018			6
2025.03.19	01:23:12.586	1.30013				2
2025.03.19	01:23:12.896	1.30012				2
2025.03.19	01:23:17.211	1.30013				2
2025.03.19	01:23:19.993		1.30017			4
2025.03.19	01:23:22.754	1.30012				2
2025.03.19	01:23:23.989	1.30013				2
2025.03.19	01:23:29.220		1.30016			4
2025.03.19	01:23:47.398	1.30016	1.30019			6
2025.03.19	01:23:47.710		1.30020			4
2025.03.19	01:23:53.244	1.30013	1.30018			6
2025.03.19	01:23:53.554		1.30017			4
2025.03.19	01:24:00.010	1.30013				2
2025.03.19	01:24:00.936	1.30012				2
2025.03.19	01:24:01.550	1.30013				2
2025.03.19	01:24:03.397		1.30018			4
2025.03.19	01:24:07.394	1.30016	1.30019			6
2025.03.19	01:24:07.703		1.30018			4
2025.03.19	01:24:08.014	1.30015				2
2025.03.19	01:24:13.856	1.30013				2
2025.03.19	01:24:16.323		1.30017			4
2025.03.19	01:24:18.179		1.30016			4
2025.03.19	01:24:21.250		1.30017			4
2025.03.19	01:24:22.179		1.30016			4
2025.03.19	01:24:29.559		1.30017			4
2025.03.19	01:24:32.639		1.30016			4
2025.03.19	01:24:36.950		1.30017			4
2025.03.19	01:24:38.800		1.30016			4
2025.03.19	01:24:39.104		1.30017			4
2025.03.19	01:24:40.337		1.30016			4
2025.03.19	01:24:42.801		1.30017			4
2025.03.19	01:24:43.726		1.30016			4
2025.03.19	01:24:44.651		1.30017			4
2025.03.19	01:24:46.194		1.30016			4
2025.03.19	01:24:46.503		1.30017			4
2025.03.19	01:24:48.047		1.30016			4
2025.03.19	01:24:48.355		1.30017			4
2025.03.19	01:24:50.200		1.30016			4
2025.03.19	01:25:00.050	1.30013				2
2025.03.19	01:25:01.279	1.30009	1.30013			6
2025.03.19	01:25:01.584		1.30012			4
2025.03.19	01:25:02.201	1.30004	1.30007			6
2025.03.19	01:25:02.508	1.30003				2
2025.03.19	01:25:03.122		1.30008			4
2025.03.19	01:25:10.205		1.30007			4
2025.03.19	01:25:12.977		1.30006			4
2025.03.19	01:25:15.449		1.30007			4
2025.03.19	01:25:18.531	1.30001				2
2025.03.19	01:25:20.684	1.30003				2
2025.03.19	01:25:21.920	1.30001				2
2025.03.19	01:25:22.840		1.30006			4
2025.03.19	01:25:24.081		1.30007			4
2025.03.19	01:25:32.704		1.30006			4
2025.03.19	01:25:33.315		1.30007			4
2025.03.19	01:25:35.168	1.30003				2
2025.03.19	01:25:36.086		1.30006			4
2025.03.19	01:25:36.396		1.30007			4
2025.03.19	01:25:41.019		1.30006			4
2025.03.19	01:25:45.946	1.30010	1.30012			6
2025.03.19	01:25:46.255		1.30014			4
2025.03.19	01:25:56.097		1.30016			4
2025.03.19	01:25:58.252		1.30015			4
2025.03.19	01:26:00.098	1.30010	1.30014			6
2025.03.19	01:26:12.417		1.30015			4
2025.03.19	01:26:12.725		1.30014			4
2025.03.19	01:26:14.260		1.30013			4
2025.03.19	01:26:15.187		1.30014			4
2025.03.19	01:26:17.340		1.30013			4
2025.03.19	01:26:26.279		1.30014			4
2025.03.19	01:26:26.894		1.30013			4
2025.03.19	01:26:31.509		1.30014			4
2025.03.19	01:26:32.424		1.30013			4
2025.03.19	01:26:39.789	1.30006	1.30012			6
2025.03.19	01:26:40.092		1.30009			4
2025.03.19	01:26:44.693	1.30003	1.30007			6
2025.03.19	01:26:45.003	1.30002				2
2025.03.19	01:26:51.456		1.30006			4
2025.03.19	01:26:52.688	1.30001	1.30005			6
2025.03.19	01:26:58.853		1.30007			4
2025.03.19	01:27:00.076	1.30001	1.30006			6
2025.03.19	01:27:00.389		1.30005			4
2025.03.19	01:27:18.472		1.30004			4
2025.03.19	01:27:20.616	1.30002				2
2025.03.19	01:27:20.922	1.30004	1.30008			6
2025.03.19	01:27:23.064	1.30003				2
2025.03.19	01:27:25.824		1.30007			4
2025.03.19	01:27:28.579	1.30004				2
2025.03.19	01:27:30.431		1.30008			4
2025.03.19	01:27:30.737		1.30007			4
2025.03.19	01:27:31.046		1.30008			4
2025.03.19	01:27:31.348	1.30003	1.30007			6
2025.03.19	01:27:31.664		1.30008			4
2025.03.19	01:27:31.972		1.30007			4
2025.03.19	01:27:32.278		1.30008			4
2025.03.19	01:27:32.584		1.30007			4
2025.03.19	01:27:33.822		1.30008			4
2025.03.19	01:27:34.128		1.30007			4
2025.03.19	01:27:35.657	1.30002				2
2025.03.19	01:27:39.340	1.30001	1.30005			6
2025.03.19	01:27:42.127	1.30004	1.30008			6
2025.03.19	01:27:42.433	1.30003	1.30006			6
2025.03.19	01:27:43.361		1.30007			4
2025.03.19	01:27:45.201		1.30008			4
2025.03.19	01:27:46.126		1.30007			4
2025.03.19	01:27:47.352		1.30006			4
2025.03.19	01:27:49.818	1.30002				2
2025.03.19	01:27:50.742		1.30007			4
2025.03.19	01:27:51.363		1.30006			4
2025.03.19	01:27:51.667	1.30001				2
2025.03.19	01:27:51.976	1.30002				2
2025.03.19	01:27:53.204		1.30005			4
2025.03.19	01:27:53.829		1.30006			4
2025.03.19	01:27:54.132		1.30005			4
2025.03.19	01:27:54.437		1.30006			4
2025.03.19	01:27:54.739	1.30001				2
2025.03.19	01:27:56.280	1.30000	1.30005			6
2025.03.19	01:27:56.591	1.30001	1.30006			6
2025.03.19	01:27:57.829	1.30000	1.30005			6
2025.03.19	01:27:59.364	1.30001				2
2025.03.19	01:27:59.672		1.30006			4
2025.03.19	01:27:59.979	1.29999	1.30004			6
2025.03.19	01:28:00.285	1.29999				2
2025.03.19	01:28:01.522		1.30003			4
2025.03.19	01:28:01.833		1.30004			4
2025.03.19	01:28:03.371		1.30003			4
2025.03.19	01:28:04.610		1.30004			4
2025.03.19	01:28:06.454	1.29998				2
2025.03.19	01:28:09.847	1.30000	1.30003			6
2025.03.19	01:28:11.080	1.29998	1.30002			6
2025.03.19	01:28:12.312	1.30000				2
2025.03.19	01:28:12.616		1.30003			4
2025.03.19	01:28:16.617	1.29998				2
2025.03.19	01:28:19.082	1.29997	1.30002			6
2025.03.19	01:28:20.615		1.30000			4
2025.03.19	01:28:21.542	1.29995				2
2025.03.19	01:28:21.857	1.29994	1.29999			6
2025.03.19	01:28:22.164	1.29997				2
2025.03.19	01:28:22.789		1.30000			4
2025.03.19	01:28:23.397		1.30001			4
2025.03.19	01:28:33.911	1.29993	1.29998			6
2025.03.19	01:28:35.143	1.29994	1.29999			6
2025.03.19	01:28:35.449	1.29997	1.30000			6
2025.03.19	01:28:48.323		1.30001			4
2025.03.19	01:28:49.243	1.29994	1.29999			6
2025.03.19	01:28:55.416	1.29995	1.30000			6
2025.03.19	01:28:56.333	1.29994	1.29999			6
2025.03.19	01:29:00.021	1.29994				2
2025.03.19	01:29:03.103	1.29997	1.30000			6
2025.03.19	01:29:04.339		1.30002			4
2025.03.19	01:29:05.575		1.30001			4
2025.03.19	01:29:07.419	1.29998	1.30002			6
2025.03.19	01:29:08.654	1.29997	1.30000			6
2025.03.19	01:29:08.970		1.30001			4
2025.03.19	01:29:11.114		1.30002			4
2025.03.19	01:29:11.415	1.29999				2
2025.03.19	01:29:12.650	1.29996	1.30001			6
2025.03.19	01:29:14.201	1.29995				2
2025.03.19	01:29:14.815		1.30000			4
2025.03.19	01:29:15.118		1.30001			4
2025.03.19	01:29:16.349		1.30000			4
2025.03.19	01:29:17.274	1.29994				2
2025.03.19	01:29:18.503	1.29995	1.30001			6
2025.03.19	01:29:20.335	1.29996				2
2025.03.19	01:29:24.030		1.30000			4
2025.03.19	01:29:24.333		1.30001			4
2025.03.19	01:29:34.187		1.30000			4
2025.03.19	01:29:42.123	1.29995	1.29999			6
2025.03.19	01:29:43.041	1.29996	1.30000			6
2025.03.19	01:29:46.708	1.29995	1.29999			6
2025.03.19	01:29:47.011	1.29994	1.29998			6
2025.03.19	01:29:48.238	1.29995	1.30000			6
2025.03.19	01:29:48.542	1.29996	1.30001			6
2025.03.19	01:29:56.176		1.30000			4
2025.03.19	01:29:58.630	1.29998	1.30002			6
2025.03.19	01:29:59.841	1.29999	1.30003			6
2025.03.19	01:30:00.144	1.29999	1.30004			6
2025.03.19	01:30:02.634	1.29998	1.30003			6
2025.03.19	01:30:05.393	1.29996	1.30001			6
2025.03.19	01:30:05.709	1.29997	1.30002			6
2025.03.19	01:30:15.288		1.30001			4
2025.03.19	01:30:33.228	1.29998				2
2025.03.19	01:30:42.352	1.29999	1.30002			6
2025.03.19	01:30:45.100	1.29998	1.30001			6
2025.03.19	01:30:48.473	1.29999	1.30002			6
2025.03.19	01:30:48.778	1.29998	1.30001			6
2025.03.19	01:31:00.098	1.29998				2
2025.03.19	01:31:06.504	1.30000	1.30003			6
2025.03.19	01:31:06.808	1.30002	1.30005			6
2025.03.19	01:31:07.114	1.30001				2
2025.03.19	01:31:12.983	1.30002	1.30006			6
2025.03.19	01:31:15.765	1.30001	1.30005			6
2025.03.19	01:31:19.142	1.30002				2
2025.03.19	01:31:22.533	1.29999	1.30002			6
2025.03.19	01:31:22.835	1.29997	1.30000			6
2025.03.19	01:31:23.137	1.29996				2
2025.03.19	01:31:24.364		1.30001			4
2025.03.19	01:31:28.378		1.30000			4
2025.03.19	01:31:45.132	1.29997				2
2025.03.19	01:31:58.281	1.29998	1.30001			6
2025.03.19	01:32:00.123	1.29998				2
2025.03.19	01:32:29.623	1.30002	1.30005			6
2025.03.19	01:32:29.925	1.30000	1.30003			6
2025.03.19	01:32:30.254	1.30004	1.30007			6
2025.03.19	01:32:31.176	1.30003	1.30008			6
2025.03.19	01:32:39.217		1.30007			4
2025.03.19	01:32:40.150		1.30006			4
2025.03.19	01:32:40.455		1.30007			4
2025.03.19	01:32:41.382		1.30006			4
2025.03.19	01:32:44.153		1.30007			4
2025.03.19	01:32:46.319	1.30002	1.30006			6
2025.03.19	01:32:47.551	1.30001	1.30005			6
2025.03.19	01:32:47.865	1.30000	1.30004			6
2025.03.19	01:32:48.480	1.30001	1.30005			6
2025.03.19	01:32:54.644	1.30003	1.30007			6
2025.03.19	01:32:55.264	1.30002				2
2025.03.19	01:32:56.195	1.30003				2
2025.03.19	01:32:58.964	1.30001	1.30005			6
2025.03.19	01:33:00.192	1.30001	1.30006			6
2025.03.19	01:33:02.353		1.30005			4
2025.03.19	01:33:02.971	1.30002	1.30006			6
2025.03.19	01:33:04.199	1.30001	1.30005			6
2025.03.19	01:33:05.444	1.30002	1.30006			6
2025.03.19	01:33:06.056	1.30001	1.30005			6
2025.03.19	01:33:08.216	1.30002	1.30006			6
2025.03.19	01:33:13.162	1.30001	1.30005			6
2025.03.19	01:33:22.106	1.30002				2
2025.03.19	01:33:23.634	1.30003	1.30006			6
2025.03.19	01:33:25.469	1.30001	1.30004			6
2025.03.19	01:33:26.389	1.30000				2
2025.03.19	01:33:27.616	1.29999	1.30003			6
2025.03.19	01:33:29.160	1.30001	1.30005			6
2025.03.19	01:33:33.808	1.30000	1.30004			6
2025.03.19	01:33:37.200	1.30001				2
2025.03.19	01:33:43.591	1.30002	1.30005			6
2025.03.19	01:33:46.380	1.30001	1.30004			6
2025.03.19	01:33:46.686	1.30002	1.30005			6
2025.03.19	01:33:51.319	1.30001	1.30004			6
2025.03.19	01:33:52.870	1.30000	1.30003			6
2025.03.19	01:33:54.715	1.30001	1.30004			6
2025.03.19	01:34:00.285	1.30002	1.30005			6
2025.03.19	01:34:03.365	1.30003	1.30006			6
2025.03.19	01:34:13.549	1.30002	1.30005			6
2025.03.19	01:34:25.491	1.30001	1.30004			6
2025.03.19	01:34:29.475	1.30000	1.30003			6
2025.03.19	01:34:30.395	1.30001	1.30004			6
2025.03.19	01:34:31.623	1.30000	1.30003			6
2025.03.19	01:34:32.550	1.30001	1.30004			6
2025.03.19	01:34:32.851	1.30002	1.30005			6
2025.03.19	01:34:34.080	1.30003	1.30006			6
2025.03.19	01:34:35.306	1.30002	1.30005			6
2025.03.19	01:34:35.614	1.30005	1.30008			6
2025.03.19	01:34:35.921	1.30002	1.30005			6
2025.03.19	01:34:36.224	1.30005	1.30008			6
2025.03.19	01:34:36.530	1.30002	1.30005			6
2025.03.19	01:34:36.839	1.30005	1.30008			6
2025.03.19	01:34:37.148	1.30004				2
2025.03.19	01:34:38.062	1.30001	1.30005			6
2025.03.19	01:34:38.370	1.30003	1.30008			6
2025.03.19	01:34:38.679	1.30001	1.30006			6
2025.03.19	01:34:38.987	1.30003	1.30008			6
2025.03.19	01:34:39.293	1.30001	1.30007			6
2025.03.19	01:34:40.207	1.29997	1.30003			6
2025.03.19	01:34:40.818	1.30000	1.30006			6
2025.03.19	01:34:49.108	1.30001				2
2025.03.19	01:35:00.165	1.30001				2
2025.03.19	01:35:01.386		1.30005			4
2025.03.19	01:35:12.405	1.29999	1.30003			6
2025.03.19	01:35:12.710	1.30000	1.30004			6
2025.03.19	01:35:13.017	1.30001	1.30005			6
2025.03.19	01:35:16.693	1.30002	1.30006			6
2025.03.19	01:35:21.284	1.30003				2
2025.03.19	01:36:00.103	1.30003				2
2025.03.19	01:36:05.611	1.30001	1.30004			6
2025.03.19	01:36:06.540	1.30002	1.30005			6
2025.03.19	01:36:15.444	1.30003	1.30006			6
2025.03.19	01:36:16.372	1.30002	1.30005			6
2025.03.19	01:36:18.518	1.30003	1.30006			6
2025.03.19	01:36:19.748	1.30002	1.30005			6
2025.03.19	01:36:26.211	1.30004	1.30007			6
2025.03.19	01:36:28.048	1.30003	1.30006			6
2025.03.19	01:36:36.319	1.30004	1.30007			6
2025.03.19	01:36:43.367	1.30003	1.30006			6
2025.03.19	01:36:43.678	1.30001	1.30004			6
2025.03.19	01:36:45.213	1.30000				2
2025.03.19	01:36:47.049	1.30002	1.30006			6
2025.03.19	01:37:00.191	1.30000	1.30004			6
2025.03.19	01:37:03.245	1.29997	1.30001			6
2025.03.19	01:37:11.197	1.29996	1.30000			6
2025.03.19	01:37:15.488	1.29995	1.29999			6
2025.03.19	01:37:15.803	1.29996	1.30000			6
2025.03.19	01:37:16.106	1.29995	1.29999			6
2025.03.19	01:37:16.716	1.29993	1.29997			6
2025.03.19	01:37:18.251		1.29998			4
2025.03.19	01:37:28.392		1.29997			4
2025.03.19	01:37:34.240	1.29994	1.29998			6
2025.03.19	01:37:35.473	1.29993	1.29997			6
2025.03.19	01:37:47.476	1.29994	1.29998			6
2025.03.19	01:37:48.398	1.29993	1.29997			6
2025.03.19	01:37:58.554	1.29992	1.29996			6
2025.03.19	01:38:00.092	1.29992				2
2025.03.19	01:38:03.171	1.29993				2
2025.03.19	01:38:58.866		1.29996			4
2025.03.19	01:38:59.782	1.29994	1.29997			6
2025.03.19	01:39:00.093	1.29994				2
2025.03.19	01:39:12.107	1.29993	1.29996			6
2025.03.19	01:39:46.747	1.29996	1.29999			6
2025.03.19	01:39:58.434	1.29993	1.29996			6
2025.03.19	01:39:59.361	1.29992				2
2025.03.19	01:40:00.280	1.29992				2
2025.03.19	01:40:19.682	1.29993	1.29997			6
2025.03.19	01:40:28.290	1.29994				2
2025.03.19	01:41:00.242	1.29994				2
2025.03.19	01:41:07.632	1.29993	1.29996			6
2025.03.19	01:41:43.038	1.29992	1.29995			6
2025.03.19	01:41:43.353	1.29994	1.29997			6
2025.03.19	01:41:43.664	1.29992	1.29995			6
2025.03.19	01:41:44.273	1.29994	1.29997			6
2025.03.19	01:41:44.579	1.29992	1.29995			6
2025.03.19	01:41:44.894	1.29994	1.29997			6
2025.03.19	01:41:45.202	1.29992	1.29995			6
2025.03.19	01:41:45.505	1.29994	1.29997			6
2025.03.19	01:41:45.808	1.29992	1.29995			6
2025.03.19	01:41:46.428	1.29994	1.29997			6
2025.03.19	01:41:46.735	1.29992	1.29995			6
2025.03.19	01:41:47.043	1.29994	1.29997			6
2025.03.19	01:41:47.347	1.29992	1.29996			6
2025.03.19	01:41:59.342	1.29993				2
2025.03.19	01:42:00.266	1.29993				2
2025.03.19	01:42:01.805	1.29989	1.29992			6
2025.03.19	01:42:02.111	1.29987	1.29993			6
2025.03.19	01:42:02.733	1.29986	1.29992			6
2025.03.19	01:42:06.422	1.29987	1.29993			6
2025.03.19	01:42:06.723	1.29994	1.29998			6
2025.03.19	01:42:07.025	1.29993				2
2025.03.19	01:42:07.340	1.29994	1.29999			6
2025.03.19	01:43:00.292	1.29994				2
2025.03.19	01:43:01.221		1.29998			4
2025.03.19	01:43:06.151	1.29992				2
2025.03.19	01:43:11.072	1.29994				2
2025.03.19	01:43:42.130	1.29995	1.29999			6
2025.03.19	01:43:43.345		1.30000			4
2025.03.19	01:43:49.179		1.29999			4
2025.03.19	01:43:51.000	1.29994	1.29998			6
2025.03.19	01:43:52.232	1.29995	1.29999			6
2025.03.19	01:43:58.305	1.29994	1.29998			6
2025.03.19	01:44:00.126	1.29994				2
2025.03.19	01:44:10.182	1.29990	1.29994			6
2025.03.19	01:44:11.398	1.29989	1.29996			6
2025.03.19	01:44:20.318		1.29995			4
2025.03.19	01:44:37.514	1.29990	1.29996			6
2025.03.19	01:44:37.818	1.29989	1.29995			6
2025.03.19	01:44:38.742	1.29990	1.29996			6
2025.03.19	01:44:40.885	1.29991	1.29997			6
2025.03.19	01:44:43.341	1.29992				2
2025.03.19	01:44:45.491	1.29993	1.29998			6
2025.03.19	01:44:45.794	1.29994	1.29999			6
2025.03.19	01:44:46.420	1.29993				2
2025.03.19	01:44:47.650	1.29995	1.30001			6
2025.03.19	01:44:52.558	1.29992	1.29998			6
2025.03.19	01:44:53.167		1.29999			4
2025.03.19	01:45:00.219	1.29992				2
2025.03.19	01:45:01.138	1.29991	1.29998			6
2025.03.19	01:45:01.759	1.29992	1.29999			6
2025.03.19	01:45:07.267		1.29998			4
2025.03.19	01:45:07.877	1.29993	1.29999			6
2025.03.19	01:45:08.181		1.30000			4
2025.03.19	01:45:09.405		1.29999			4
2025.03.19	01:45:22.872	1.29994	1.30000			6
2025.03.19	01:45:24.414	1.29996	1.30002			6
2025.03.19	01:45:25.333	1.29993	1.29998			6
2025.03.19	01:45:25.640	1.29994	1.30001			6
2025.03.19	01:45:26.872	1.29995	1.30002			6
2025.03.19	01:45:30.970		1.30001			4
2025.03.19	01:45:31.275	1.29993	1.30000			6
2025.03.19	01:45:36.488	1.29996	1.30003			6
2025.03.19	01:45:36.795	1.29995	1.30001			6
2025.03.19	01:45:37.097		1.30002			4
2025.03.19	01:45:37.399	1.29993	1.30000			6
2025.03.19	01:45:38.014	1.29995	1.30002			6
2025.03.19	01:45:57.326		1.30001			4
2025.03.19	01:46:00.080	1.29995				2
2025.03.19	01:46:02.530	1.29996	1.30002			6
2025.03.19	01:46:03.146	1.29997				2
2025.03.19	01:46:03.448	1.30001	1.30007			6
2025.03.19	01:46:05.289		1.30008			4
2025.03.19	01:46:06.822	1.30004	1.30010			6
2025.03.19	01:46:10.502	1.29996	1.30002			6
2025.03.19	01:46:11.729		1.30003			4
2025.03.19	01:46:12.344	1.29997	1.30002			6
2025.03.19	01:46:12.649	1.29996				2
2025.03.19	01:46:12.952		1.30001			4
2025.03.19	01:46:13.263		1.30002			4
2025.03.19	01:46:15.101		1.30001			4
2025.03.19	01:46:15.404	1.29995				2
2025.03.19	01:46:19.086	1.29994				2
2025.03.19	01:46:21.228	1.29995				2
2025.03.19	01:46:26.126	1.29996	1.30002			6
2025.03.19	01:46:26.431		1.30003			4
2025.03.19	01:46:27.359	1.29995	1.30002			6
2025.03.19	01:46:31.350	1.29996				2
2025.03.19	01:46:31.661	1.29998	1.30005			6
2025.03.19	01:46:36.870	1.29999				2
2025.03.19	01:46:42.379	1.29998				2
2025.03.19	01:46:44.531	1.29999	1.30006			6
2025.03.19	01:46:49.737	1.29998	1.30005			6
2025.03.19	01:46:55.250	1.30001	1.30008			6
2025.03.19	01:46:58.636	1.30000	1.30007			6
2025.03.19	01:46:59.864	1.30001	1.30008			6
2025.03.19	01:47:00.171	1.30001				2
2025.03.19	01:47:00.482	1.30000	1.30007			6
2025.03.19	01:47:06.020	1.30001	1.30008			6
2025.03.19	01:47:06.633	1.30000	1.30007			6
2025.03.19	01:47:11.257	1.29998	1.30004			6
2025.03.19	01:47:11.567	1.29995	1.30002			6
2025.03.19	01:47:12.791	1.29996				2
2025.03.19	01:47:14.943	1.29995				2
2025.03.19	01:47:17.099		1.30001			4
2025.03.19	01:47:18.022		1.30002			4
2025.03.19	01:47:20.490	1.29996				2
2025.03.19	01:47:29.418	1.29999	1.30006			6
2025.03.19	01:47:29.725	1.29998	1.30005			6
2025.03.19	01:47:30.654	1.29999	1.30006			6
2025.03.19	01:47:34.651	1.29998	1.30005			6
2025.03.19	01:47:43.269	1.29999	1.30006			6
2025.03.19	01:47:44.812	1.29998	1.30005			6
2025.03.19	01:47:52.196	1.29999	1.30006			6
2025.03.19	01:47:57.124		1.30005			4
2025.03.19	01:48:00.192	1.29999				2
2025.03.19	01:48:14.963	1.30000	1.30006			6
2025.03.19	01:48:20.198	1.30001				2
2025.03.19	01:48:28.784	1.30002	1.30007			6
2025.03.19	01:48:33.678	1.30001	1.30006			6
2025.03.19	01:48:40.091		1.30005			4
2025.03.19	01:48:56.566	1.30000	1.30004			6
2025.03.19	01:48:56.871	1.30004	1.30008			6
2025.03.19	01:48:57.791	1.30000	1.30004			6
2025.03.19	01:48:58.099	1.30004	1.30008			6
2025.03.19	01:48:58.405	1.30000	1.30004			6
2025.03.19	01:48:58.710	1.30004	1.30008			6
2025.03.19	01:48:59.018	1.30000	1.30004			6
2025.03.19	01:48:59.318	1.30004	1.30008			6
2025.03.19	01:48:59.630	1.30000	1.30004			6
2025.03.19	01:48:59.939	1.30004	1.30008			6
2025.03.19	01:49:00.245	1.30001	1.30006			6
2025.03.19	01:49:01.172		1.30007			4
2025.03.19	01:49:02.397	1.30000	1.30006			6
2025.03.19	01:49:07.321	1.30001	1.30007			6
2025.03.19	01:49:10.990	1.30000	1.30006			6
2025.03.19	01:49:15.277	1.30001				2
2025.03.19	01:49:31.185		1.30005			4
2025.03.19	01:49:37.271	1.30000	1.30004			6
2025.03.19	01:49:38.185	1.30001	1.30005			6
2025.03.19	01:49:41.526	1.30002	1.30006			6
2025.03.19	01:49:54.964	1.30001	1.30005			6
2025.03.19	01:49:56.189	1.30002				2
2025.03.19	01:49:58.029	1.30003	1.30006			6
2025.03.19	01:50:00.187	1.30004				2
2025.03.19	01:50:04.775		1.30005			4
2025.03.19	01:50:29.759		1.30006			4
2025.03.19	01:50:37.397		1.30005			4
2025.03.19	01:50:38.304		1.30006			4
2025.03.19	01:50:41.339		1.30005			4
2025.03.19	01:51:00.013	1.30004				2
2025.03.19	01:51:02.774		1.30006			4
2025.03.19	01:51:03.080		1.30005			4
2025.03.19	01:51:04.929		1.30006			4
2025.03.19	01:51:05.235	1.30002	1.30005			6
2025.03.19	01:51:05.543	1.30001	1.30004			6
2025.03.19	01:51:07.397	1.30003	1.30006			6
2025.03.19	01:51:07.707	1.30002	1.30005			6
2025.03.19	01:51:09.244	1.30003	1.30006			6
2025.03.19	01:51:10.170	1.30002	1.30005			6
2025.03.19	01:51:11.093	1.30001	1.30004			6
2025.03.19	01:51:14.478	1.30002	1.30005			6
2025.03.19	01:51:20.004	1.30003	1.30006			6
2025.03.19	01:51:20.311	1.30002	1.30005			6
2025.03.19	01:51:24.594	1.30003	1.30006			6
2025.03.19	01:51:27.347	1.30002	1.30005			6
2025.03.19	01:51:41.752	1.30001	1.30004			6
2025.03.19	01:51:43.901	1.30002	1.30005			6
2025.03.19	01:51:45.436	1.30001	1.30004			6
2025.03.19	01:51:45.746	1.30002	1.30005			6
2025.03.19	01:51:51.565	1.30001	1.30004			6
2025.03.19	01:51:56.476	1.30002	1.30005			6
2025.03.19	01:51:58.308	1.30003	1.30006			6
2025.03.19	01:52:00.144	1.30003				2
2025.03.19	01:52:09.061	1.30005	1.30008			6
2025.03.19	01:52:28.768	1.30007	1.30010			6
2025.03.19	01:52:55.228	1.30005	1.30008			6
2025.03.19	01:53:00.146	1.30005				2
2025.03.19	01:53:09.075	1.30007	1.30010			6
2025.03.19	01:53:54.220	1.30009	1.30012			6
2025.03.19	01:53:56.987	1.30008	1.30011			6
2025.03.19	01:54:00.066	1.30008				2
2025.03.19	01:54:06.566	1.30009	1.30012			6
2025.03.19	01:54:12.119	1.30005	1.30009			6
2025.03.19	01:54:15.505	1.30004	1.30008			6
2025.03.19	01:54:31.532	1.29999	1.30002			6
2025.03.19	01:54:31.835	1.29996	1.30000			6
2025.03.19	01:54:32.149	1.29995	1.30002			6
2025.03.19	01:54:33.374	1.29999	1.30006			6
2025.03.19	01:54:39.531	1.30000	1.30007			6
2025.03.19	01:54:40.466	1.29999	1.30006			6
2025.03.19	01:54:47.550	1.30000				2
2025.03.19	01:54:47.858	1.30001	1.30008			6
2025.03.19	01:55:00.153	1.30001				2
2025.03.19	01:55:00.461	1.30002	1.30009			6
2025.03.19	01:55:01.073	1.30001	1.30008			6
2025.03.19	01:55:18.625	1.29997	1.30002			6
2025.03.19	01:55:19.559	1.29995				2
2025.03.19	01:55:20.787	1.29994	1.30001			6
2025.03.19	01:55:21.097	1.29997	1.30002			6
2025.03.19	01:55:21.402	1.29994	1.30001			6
2025.03.19	01:55:21.708	1.29997	1.30002			6
2025.03.19	01:55:22.327	1.29994	1.30001			6
2025.03.19	01:55:22.633	1.29997	1.30002			6
2025.03.19	01:55:22.941	1.29994	1.30001			6
2025.03.19	01:55:23.251	1.29997	1.30002			6
2025.03.19	01:55:23.561	1.29994	1.30001			6
2025.03.19	01:55:23.868	1.29997	1.30002			6
2025.03.19	01:55:24.175	1.29994	1.30001			6
2025.03.19	01:55:24.488	1.29997	1.30002			6
2025.03.19	01:55:24.797	1.29995				2
2025.03.19	01:55:28.490	1.29992	1.29999			6
2025.03.19	01:55:28.801	1.29993	1.30000			6
2025.03.19	01:56:00.196	1.29993				2
2025.03.19	01:56:27.244		1.29999			4
2025.03.19	01:56:42.552	1.29991	1.29997			6
2025.03.19	01:56:44.392	1.29992	1.29998			6
2025.03.19	01:56:52.340	1.29991	1.29996			6
2025.03.19	01:56:52.648		1.29997			4
2025.03.19	01:56:53.260	1.29992				2
2025.03.19	01:56:56.642	1.29993	1.29998			6
2025.03.19	01:56:59.404	1.29992	1.29997			6
2025.03.19	01:57:00.018	1.29992				2
2025.03.19	01:57:03.100	1.29993	1.29998			6
2025.03.19	01:57:12.332	1.29992	1.29997			6
2025.03.19	01:57:17.248	1.29991	1.29996			6
2025.03.19	01:57:21.245		1.29995			4
2025.03.19	01:57:22.458	1.29992	1.29996			6
2025.03.19	01:57:30.691	1.29991	1.29995			6
2025.03.19	01:57:32.207	1.29992	1.29996			6
2025.03.19	01:57:37.382	1.29991	1.29995			6
2025.03.19	01:57:39.527	1.29992	1.29996			6
2025.03.19	01:57:48.384	1.29993	1.29997			6
2025.03.19	01:57:48.686	1.29994	1.29998			6
2025.03.19	01:57:48.992	1.29995	1.29999			6
2025.03.19	01:57:51.736	1.29994	1.29998			6
2025.03.19	01:57:54.184	1.29995	1.29999			6
2025.03.19	01:57:59.414	1.29994	1.29998			6
2025.03.19	01:58:00.036	1.29994				2
2025.03.19	01:58:05.280	1.29995				2
2025.03.19	01:58:07.125	1.29996	1.29999			6
2025.03.19	01:58:12.306	1.29994	1.29997			6
2025.03.19	01:58:12.612	1.29995	1.29998			6
2025.03.19	01:58:13.228	1.29994				2
2025.03.19	01:58:14.459		1.29997			4
2025.03.19	01:58:14.768		1.29998			4
2025.03.19	01:58:18.785	1.29995	1.29999			6
2025.03.19	01:58:19.092	1.29996				2
2025.03.19	01:58:20.312	1.29995				2
2025.03.19	01:58:22.156	1.29996				2
2025.03.19	01:58:23.389	1.29995	1.29998			6
2025.03.19	01:58:24.916	1.29994	1.29997			6
2025.03.19	01:58:26.137	1.29993				2
2025.03.19	01:58:27.681	1.29994				2
2025.03.19	01:58:36.209	1.29996	1.29998			6
2025.03.19	01:58:45.636		1.29999			4
2025.03.19	01:59:00.301	1.29996	1.29998			6
2025.03.19	01:59:00.604		1.29999			4
2025.03.19	01:59:03.341		1.29998			4
2025.03.19	01:59:03.646		1.29999			4
2025.03.19	01:59:05.165		1.29998			4
2025.03.19	01:59:07.009		1.29999			4
2025.03.19	01:59:09.460	1.29997	1.30000			6
2025.03.19	01:59:14.074	1.29996	1.29999			6
2025.03.19	01:59:14.383	1.29997	1.30000			6
2025.03.19	01:59:15.613	1.29998	1.30001			6
2025.03.19	01:59:18.692	1.30000	1.30003			6
2025.03.19	01:59:26.981	1.30001	1.30004			6
2025.03.19	01:59:32.524	1.30000	1.30003			6
2025.03.19	01:59:33.135	1.30001	1.30004			6
2025.03.19	01:59:44.204	1.30000	1.30003			6
2025.03.19	01:59:48.504	1.29999	1.30002			6
2025.03.19	01:59:54.650	1.30000	1.30003			6
2025.03.19	01:59:55.882	1.29999	1.30002			6
2025.03.19	01:59:57.111	1.30000				2
2025.03.19	01:59:57.417	1.30003	1.30006			6
2025.03.19	02:00:00.189	1.30002				2
2025.03.19	02:00:00.492	1.30004	1.30008			6
2025.03.19	02:00:00.794	1.30003	1.30007			6
2025.03.19	02:00:01.414	1.30006	1.30010			6
2025.03.19	02:00:02.327		1.30011			4
2025.03.19	02:00:03.564	1.30010	1.30015			6
2025.03.19	02:00:04.177	1.30009	1.30014			6
2025.03.19	02:00:04.802		1.30015			4
2025.03.19	02:00:06.643	1.30010	1.30016			6
2025.03.19	02:00:07.260	1.30009	1.30015			6
2025.03.19	02:00:07.879	1.30014	1.30019			6
2025.03.19	02:00:08.189		1.30020			4
2025.03.19	02:00:08.491		1.30019			4
2025.03.19	02:00:08.801	1.30016	1.30021			6
2025.03.19	02:00:09.107	1.30019	1.30026			6
2025.03.19	02:00:09.415	1.30018	1.30025			6
2025.03.19	02:00:11.256	1.30019	1.30026			6
2025.03.19	02:00:12.796	1.30018	1.30025			6
2025.03.19	02:00:13.409	1.30021	1.30028			6
2025.03.19	02:00:13.720	1.30020	1.30027			6
2025.03.19	02:00:14.947	1.30021	1.30028			6
2025.03.19	02:00:18.628	1.30020	1.30027			6
2025.03.19	02:00:20.472	1.30018	1.30025			6
2025.03.19	02:00:21.397	1.30017	1.30024			6
2025.03.19	02:00:21.707	1.30018	1.30025			6
2025.03.19	02:00:23.548		1.30024			4
2025.03.19	02:00:23.858		1.30025			4
2025.03.19	02:00:30.325		1.30024			4
2025.03.19	02:00:30.634		1.30025			4
2025.03.19	02:00:34.024		1.30024			4
2025.03.19	02:00:38.030		1.30025			4
2025.03.19	02:00:39.261	1.30019	1.30026			6
2025.03.19	02:00:41.109	1.30018	1.30025			6
2025.03.19	02:00:41.725	1.30019	1.30026			6
2025.03.19	02:00:42.956	1.30018	1.30025			6
2025.03.19	02:00:43.267	1.30019	1.30026			6
2025.03.19	02:00:46.968	1.30020	1.30027			6
2025.03.19	02:01:00.207	1.30020	1.30026			6
2025.03.19	02:01:01.436	1.30021	1.30027			6
2025.03.19	02:01:05.428	1.30020	1.30026			6
2025.03.19	02:01:06.350	1.30019	1.30025			6
2025.03.19	02:01:07.274	1.30020	1.30026			6
2025.03.19	02:01:07.887	1.30022	1.30028			6
2025.03.19	02:01:08.194	1.30023				2
2025.03.19	02:01:08.513		1.30029			4
2025.03.19	02:01:12.209		1.30028			4
2025.03.19	02:01:14.052		1.30029			4
2025.03.19	02:01:16.211		1.30025			4
2025.03.19	02:01:16.515	1.30014	1.30019			6
2025.03.19	02:01:16.833		1.30018			4
2025.03.19	02:01:17.139		1.30020			4
2025.03.19	02:01:26.062		1.30019			4
2025.03.19	02:01:27.293		1.30020			4
2025.03.19	02:01:27.601		1.30019			4
2025.03.19	02:01:27.908		1.30020			4
2025.03.19	02:01:31.910		1.30019			4
2025.03.19	02:01:32.218		1.30020			4
2025.03.19	02:01:32.524		1.30019			4
2025.03.19	02:01:32.827		1.30020			4
2025.03.19	02:01:33.141		1.30019			4
2025.03.19	02:01:33.449		1.30020			4
2025.03.19	02:01:34.681		1.30019			4
2025.03.19	02:01:34.990		1.30020			4
2025.03.19	02:01:36.219		1.30019			4
2025.03.19	02:01:48.834	1.30015	1.30020			6
2025.03.19	02:01:49.144		1.30021			4
2025.03.19	02:01:50.994		1.30020			4
2025.03.19	02:01:55.300		1.30021			4
2025.03.19	02:01:55.919		1.30020			4
2025.03.19	02:01:57.457		1.30021			4
2025.03.19	02:02:00.228	1.30015				2
2025.03.19	02:02:01.150	1.30005	1.30011			6
2025.03.19	02:02:01.460		1.30010			4
2025.03.19	02:02:01.766		1.30011			4
2025.03.19	02:02:07.313	1.30007				2
2025.03.19	02:02:13.163		1.30012			4
2025.03.19	02:02:13.466		1.30011			4
2025.03.19	02:02:14.089		1.30012			4
2025.03.19	02:02:14.704		1.30011			4
2025.03.19	02:02:15.009		1.30012			4
2025.03.19	02:02:16.870		1.30011			4
2025.03.19	02:02:17.173		1.30012			4
2025.03.19	02:02:23.940	1.30009	1.30015			6
2025.03.19	02:02:24.249	1.30010	1.30016			6
2025.03.19	02:02:25.178		1.30014			4
2025.03.19	02:02:25.790		1.30016			4
2025.03.19	02:02:26.096		1.30014			4
2025.03.19	02:02:26.404		1.30016			4
2025.03.19	02:02:27.028	1.30012				2
2025.03.19	02:02:27.334	1.30010				2
2025.03.19	02:02:27.653	1.30013				2
2025.03.19	02:02:27.961	1.30015	1.30020			6
2025.03.19	02:02:28.268	1.30017				2
2025.03.19	02:02:28.580	1.30015				2
2025.03.19	02:02:28.890	1.30014				2
2025.03.19	02:02:29.817	1.30015				2
2025.03.19	02:02:31.044	1.30016	1.30021			6
2025.03.19	02:02:31.971		1.30020			4
2025.03.19	02:02:32.273		1.30021			4
2025.03.19	02:02:35.046		1.30020			4
2025.03.19	02:02:36.576		1.30019			4
2025.03.19	02:02:36.889		1.30020			4
2025.03.19	02:02:37.504	1.30013	1.30019			6
2025.03.19	02:02:39.051		1.30018			4
2025.03.19	02:02:39.358	1.30011	1.30017			6
2025.03.19	02:02:39.667	1.30010	1.30016			6
2025.03.19	02:02:43.067	1.30007	1.30012			6
2025.03.19	02:02:51.391	1.30006				2
2025.03.19	02:02:54.780		1.30011			4
2025.03.19	02:02:56.929		1.30012			4
2025.03.19	02:02:59.070		1.30011			4
2025.03.19	02:02:59.375		1.30012			4
2025.03.19	02:03:00.296	1.30006				2
2025.03.19	02:03:02.443	1.30005	1.30010			6
2025.03.19	02:03:06.424		1.30011			4
2025.03.19	02:03:12.250	1.30004	1.30010			6
2025.03.19	02:03:12.555	1.30005	1.30011			6
2025.03.19	02:03:20.545		1.30010			4
2025.03.19	02:03:23.931		1.30011			4
2025.03.19	02:03:30.714		1.30010			4
2025.03.19	02:03:35.324		1.30011			4
2025.03.19	02:03:40.255		1.30010			4
2025.03.19	02:03:43.958		1.30011			4
2025.03.19	02:03:44.570		1.30010			4
2025.03.19	02:03:44.877		1.30011			4
2025.03.19	02:03:46.411	1.30006				2
2025.03.19	02:03:47.026	1.30009	1.30015			6
2025.03.19	02:03:59.650	1.30011				2
2025.03.19	02:04:00.263	1.30011				2
2025.03.19	02:04:03.660	1.30006	1.30011			6
2025.03.19	02:04:04.278		1.30012			4
2025.03.19	02:04:16.629		1.30011			4
2025.03.19	02:04:20.023		1.30012			4
2025.03.19	02:04:22.183		1.30011			4
2025.03.19	02:04:30.194	1.30007				2
2025.03.19	02:04:30.803	1.30006				2
2025.03.19	02:04:33.836		1.30010			4
2025.03.19	02:04:34.141	1.30007	1.30012			6
2025.03.19	02:04:35.957	1.30006	1.30011			6
2025.03.19	02:04:36.261	1.30007	1.30012			6
2025.03.19	02:04:38.402		1.30011			4
2025.03.19	02:04:40.563	1.30006				2
2025.03.19	02:04:42.105	1.30007				2
2025.03.19	02:04:43.946	1.30006				2
2025.03.19	02:04:46.108	1.30007				2
2025.03.19	02:04:56.267		1.30010			4
2025.03.19	02:05:00.236	1.30007				2
2025.03.19	02:05:09.109	1.30006				2
2025.03.19	02:05:11.540	1.30007				2
2025.03.19	02:05:26.476	1.30010	1.30014			6
2025.03.19	02:05:27.084	1.30012				2
2025.03.19	02:05:30.134		1.30015			4
2025.03.19	02:06:00.179	1.30012				2
2025.03.19	02:06:03.546		1.30014			4
2025.03.19	02:06:07.509		1.30015			4
2025.03.19	02:06:08.431	1.30011	1.30014			6
2025.03.19	02:06:08.733	1.30012	1.30015			6
2025.03.19	02:06:09.348	1.30011	1.30014			6
2025.03.19	02:06:09.652	1.30012	1.30015			6
2025.03.19	02:06:09.960	1.30009	1.30012			6
2025.03.19	02:06:10.265	1.30012	1.30015			6
2025.03.19	02:06:11.181	1.30011	1.30014			6
2025.03.19	02:06:21.537	1.30012	1.30015			6
2025.03.19	02:06:24.571	1.30011	1.30014			6
2025.03.19	02:06:24.881	1.30012	1.30015			6
2025.03.19	02:06:36.125	1.30011	1.30014			6
2025.03.19	02:06:36.746	1.30012	1.30015			6
2025.03.19	02:06:38.871	1.30011	1.30014			6
2025.03.19	02:06:41.014	1.30012	1.30015			6
2025.03.19	02:06:43.451	1.30011	1.30014			6
2025.03.19	02:06:44.979	1.30012	1.30015			6
2025.03.19	02:06:50.509	1.30011	1.30014			6
2025.03.19	02:06:50.813	1.30012	1.30015			6
2025.03.19	02:06:58.784	1.30011	1.30014			6
2025.03.19	02:06:59.089	1.30012	1.30015			6
2025.03.19	02:07:00.014	1.30012				2
2025.03.19	02:07:01.231	1.30011	1.30014			6
2025.03.19	02:07:07.356	1.30012	1.30015			6
2025.03.19	02:07:28.340	1.30013	1.30016			6
2025.03.19	02:07:28.646	1.30014	1.30017			6
2025.03.19	02:07:34.160	1.30016	1.30019			6
2025.03.19	02:07:36.298	1.30015	1.30018			6
2025.03.19	02:07:39.688	1.30012	1.30015			6
2025.03.19	02:07:51.631	1.30010	1.30013			6
2025.03.19	02:07:53.469	1.30011	1.30014			6
2025.03.19	02:08:00.201	1.30011				2
2025.03.19	02:08:03.880	1.30009	1.30012			6
2025.03.19	02:08:04.496	1.30008	1.30010			6
2025.03.19	02:08:06.339		1.30011			4
2025.03.19	02:08:09.407		1.30010			4
2025.03.19	02:08:11.239		1.30011			4
2025.03.19	02:08:31.751	1.30009				2
2025.03.19	02:08:32.056	1.30011	1.30014			6
2025.03.19	02:08:46.141	1.30009	1.30012			6
2025.03.19	02:08:46.448	1.30007	1.30010			6
2025.03.19	02:08:47.369		1.30011			4
2025.03.19	02:08:48.589	1.30006	1.30009			6
2025.03.19	02:09:00.243	1.30006				2
2025.03.19	02:09:01.469	1.30005				2
2025.03.19	02:09:01.777		1.30008			4
2025.03.19	02:09:09.777	1.30006	1.30009			6
2025.03.19	02:09:12.239	1.30007				2
2025.03.19	02:09:12.547	1.30006				2
2025.03.19	02:09:13.470	1.30007				2
2025.03.19	02:09:14.082	1.30006				2
2025.03.19	02:09:14.388	1.30007				2
2025.03.19	02:09:14.699	1.30006				2
2025.03.19	02:09:15.010	1.30007				2
2025.03.19	02:09:15.319	1.30006				2
2025.03.19	02:09:15.627	1.30007				2
2025.03.19	02:09:15.936	1.30006				2
2025.03.19	02:09:16.242	1.30007	1.30010			6
2025.03.19	02:10:00.260	1.30007				2
2025.03.19	02:10:02.727	1.30006	1.30009			6
2025.03.19	02:11:00.027	1.30006				2
2025.03.19	02:11:02.808		1.30009			4
2025.03.19	02:11:59.429	1.30007	1.30010			6
2025.03.19	02:12:00.038	1.30007				2
2025.03.19	02:12:59.484		1.30010			4
2025.03.19	02:13:00.097	1.30007				2
2025.03.19	02:13:05.331	1.30006	1.30009			6
2025.03.19	02:13:08.723	1.30007	1.30010			6
2025.03.19	02:14:00.169	1.30007				2
2025.03.19	02:14:08.789		1.30010			4
2025.03.19	02:14:19.868	1.30010	1.30013			6
2025.03.19	02:14:22.036	1.30009	1.30012			6
2025.03.19	02:14:56.494	1.30012	1.30014			6
2025.03.19	02:14:56.800		1.30015			4
2025.03.19	02:15:00.178	1.30012				2
2025.03.19	02:15:00.792	1.30013	1.30016			6
2025.03.19	02:15:01.714		1.30015			4
2025.03.19	02:15:02.020	1.30008	1.30012			6
2025.03.19	02:15:05.692		1.30011			4
2025.03.19	02:15:08.137	1.30006	1.30010			6
2025.03.19	02:15:09.980		1.30009			4
2025.03.19	02:15:11.205		1.30010			4
2025.03.19	02:15:14.285		1.30009			4
2025.03.19	02:15:15.825	1.30005				2
2025.03.19	02:15:22.288	1.30004	1.30008			6
2025.03.19	02:15:49.400	1.30003	1.30007			6
2025.03.19	02:15:49.710	1.30002	1.30006			6
2025.03.19	02:15:55.562	1.30000	1.30004			6
2025.03.19	02:15:59.876	1.30001				2
2025.03.19	02:16:00.182	1.30000				2
2025.03.19	02:16:32.168	1.30001				2
2025.03.19	02:16:50.660		1.30005			4
2025.03.19	02:17:00.190	1.30001				2
2025.03.19	02:17:23.101	1.30002				2
2025.03.19	02:17:23.406		1.30006			4
2025.03.19	02:17:36.261	1.30003	1.30007			6
2025.03.19	02:18:00.203	1.30003				2
2025.03.19	02:18:01.741	1.30002	1.30006			6
2025.03.19	02:18:03.893	1.30006	1.30008			6
2025.03.19	02:18:04.196		1.30009			4
2025.03.19	02:18:04.817	1.30003	1.30007			6
2025.03.19	02:18:14.979	1.30002	1.30006			6
2025.03.19	02:18:42.731	1.30003				2
2025.03.19	02:19:00.223	1.30003				2
2025.03.19	02:19:14.980		1.30006			4
2025.03.19	02:19:39.227	1.30004				2
2025.03.19	02:20:00.056	1.30004				2
2025.03.19	02:20:15.054		1.30006			4
2025.03.19	02:20:21.187		1.30005			4
2025.03.19	02:20:21.492	1.29998	1.30000			6
2025.03.19	02:20:22.413	1.29996				2
2025.03.19	02:20:47.238	1.29998	1.30002			6
2025.03.19	02:20:47.543	1.30002	1.30006			6
2025.03.19	02:20:52.439	1.30004	1.30008			6
2025.03.19	02:20:52.743	1.30005	1.30009			6
2025.03.19	02:21:00.141	1.30005				2
2025.03.19	02:21:03.532	1.30003	1.30007			6
2025.03.19	02:21:20.172	1.30004	1.30008			6
2025.03.19	02:21:28.166	1.30005	1.30009			6
2025.03.19	02:21:38.641	1.30006	1.30010			6
2025.03.19	02:21:52.795	1.30008	1.30012			6
2025.03.19	02:21:56.497		1.30011			4
2025.03.19	02:22:00.203	1.30008				2
2025.03.19	02:22:04.213	1.30005	1.30009			6
2025.03.19	02:22:04.516	1.30004	1.30008			6
2025.03.19	02:22:05.758	1.30005	1.30009			6
2025.03.19	02:22:06.065	1.30006	1.30010			6
2025.03.19	02:22:42.982	1.30008	1.30012			6
2025.03.19	02:22:43.288	1.30007	1.30011			6
2025.03.19	02:23:00.216	1.30007				2
2025.03.19	02:23:06.353	1.30008				2
2025.03.19	02:23:10.320	1.30007	1.30010			6
2025.03.19	02:23:10.629	1.30005	1.30009			6
2025.03.19	02:23:30.523	1.30007	1.30010			6
2025.03.19	02:23:30.829	1.30006				2
2025.03.19	02:23:35.743		1.30009			4
2025.03.19	02:23:47.767	1.30005				2
2025.03.19	02:23:48.076		1.30008			4
2025.03.19	02:23:50.247		1.30009			4
2025.03.19	02:24:00.076	1.30005				2
2025.03.19	02:24:05.857	1.30006	1.30010			6
2025.03.19	02:24:21.129	1.30007				2
2025.03.19	02:25:00.250	1.30007				2
2025.03.19	02:25:02.395	1.30008				2
2025.03.19	02:25:06.033		1.30010			4
2025.03.19	02:25:06.638		1.30011			4
2025.03.19	02:25:46.382	1.30007	1.30010			6
2025.03.19	02:26:00.164	1.30007				2
2025.03.19	02:26:00.475	1.30006	1.30009			6
2025.03.19	02:26:05.984	1.30011	1.30014			6
2025.03.19	02:26:06.293	1.30016	1.30017			6
2025.03.19	02:26:06.597	1.30018	1.30021			6
2025.03.19	02:26:07.212		1.30022			4
2025.03.19	02:26:08.750	1.30016	1.30019			6
2025.03.19	02:26:09.056		1.30021			4
2025.03.19	02:26:10.587		1.30019			4
2025.03.19	02:26:12.430	1.30015				2
2025.03.19	02:26:31.743	1.30014	1.30018			6
2025.03.19	02:26:40.967	1.30010	1.30014			6
2025.03.19	02:26:41.273	1.30013	1.30017			6
2025.03.19	02:27:00.050	1.30013				2
2025.03.19	02:27:05.565	1.30015	1.30019			6
2025.03.19	02:27:05.869	1.30016	1.30020			6
2025.03.19	02:27:35.340	1.30015	1.30019			6
2025.03.19	02:28:00.305	1.30015				2
2025.03.19	02:28:30.358	1.30014	1.30018			6
2025.03.19	02:28:59.963	1.30010	1.30014			6
2025.03.19	02:29:00.269	1.30010				2
2025.03.19	02:29:08.245	1.30008	1.30012			6
2025.03.19	02:29:11.018	1.30007	1.30011			6
2025.03.19	02:29:35.358		1.30010			4
2025.03.19	02:29:38.690		1.30011			4
2025.03.19	02:29:38.993		1.30010			4
2025.03.19	02:29:39.297		1.30011			4
2025.03.19	02:29:39.600		1.30010			4
2025.03.19	02:29:39.904		1.30011			4
2025.03.19	02:29:40.208		1.30010			4
2025.03.19	02:29:40.513		1.30011			4
2025.03.19	02:29:40.815		1.30010			4
2025.03.19	02:29:41.117		1.30011			4
2025.03.19	02:29:41.429		1.30010			4
2025.03.19	02:29:41.736		1.30011			4
2025.03.19	02:29:42.041		1.30010			4
2025.03.19	02:29:42.355		1.30011			4
2025.03.19	02:29:44.199	1.30006	1.30009			6
2025.03.19	02:29:46.992	1.30001	1.30005			6
2025.03.19	02:29:52.248	1.30000	1.30004			6
2025.03.19	02:30:00.293	1.30000				2
2025.03.19	02:30:06.168	1.30002				2
2025.03.19	02:30:07.098	1.30001				2
2025.03.19	02:30:09.264	1.30002				2
2025.03.19	02:30:10.809	1.30000	1.30003			6
2025.03.19	02:30:11.116		1.30004			4
2025.03.19	02:30:23.136	1.30001				2
2025.03.19	02:30:32.395	1.30002				2
2025.03.19	02:30:55.125		1.30005			4
2025.03.19	02:31:00.010	1.30002				2
2025.03.19	02:31:15.339	1.30003				2
2025.03.19	02:31:18.084	1.30002				2
2025.03.19	02:31:51.297	1.30007	1.30010			6
2025.03.19	02:31:52.223	1.30006				2
2025.03.19	02:31:52.528		1.30009			4
2025.03.19	02:31:52.832	1.30004	1.30008			6
2025.03.19	02:32:00.220	1.30004				2
2025.03.19	02:32:02.992	1.30005	1.30009			6
2025.03.19	02:32:30.119	1.30006				2
2025.03.19	02:32:38.375	1.30007				2
2025.03.19	02:32:38.677	1.30008	1.30010			6
2025.03.19	02:32:40.211	1.30007				2
2025.03.19	02:32:42.053	1.30008	1.30011			6
2025.03.19	02:32:45.768	1.30006	1.30009			6
2025.03.19	02:32:46.083	1.30005				2
2025.03.19	02:32:50.704	1.30012	1.30016			6
2025.03.19	02:32:54.713	1.30010	1.30014			6
2025.03.19	02:33:00.240	1.30010				2
2025.03.19	02:33:20.014	1.30011	1.30015			6
2025.03.19	02:33:24.324	1.30015	1.30018			6
2025.03.19	02:33:24.624		1.30019			4
2025.03.19	02:33:29.249	1.30017	1.30021			6
2025.03.19	02:33:29.553	1.30018	1.30022			6
2025.03.19	02:33:32.339	1.30020	1.30024			6
2025.03.19	02:33:32.962	1.30021	1.30025			6
2025.03.19	02:33:40.055	1.30022	1.30026			6
2025.03.19	02:33:40.666	1.30021	1.30025			6
2025.03.19	02:33:45.599	1.30017	1.30021			6
2025.03.19	02:33:53.626	1.30015	1.30019			6
2025.03.19	02:34:00.122	1.30015				2
2025.03.19	02:34:10.617	1.30018	1.30022			6
2025.03.19	02:34:10.918	1.30019	1.30023			6
2025.03.19	02:34:17.415	1.30018	1.30022			6
2025.03.19	02:34:17.723	1.30017	1.30021			6
2025.03.19	02:34:21.432	1.30013	1.30017			6
2025.03.19	02:34:57.256	1.30015	1.30019			6
2025.03.19	02:35:00.039	1.30015				2
2025.03.19	02:35:01.887	1.30016	1.30020			6
2025.03.19	02:35:34.355	1.30018	1.30021			6
2025.03.19	02:35:34.661	1.30016	1.30020			6
2025.03.19	02:35:53.313	1.30015	1.30018			6
2025.03.19	02:36:00.036	1.30015				2
2025.03.19	02:36:01.262	1.30016				2
2025.03.19	02:36:08.260	1.30017	1.30020			6
2025.03.19	02:36:19.527	1.30008	1.30011			6
2025.03.19	02:36:19.832	1.30007	1.30010			6
2025.03.19	02:36:20.133	1.30006				2
2025.03.19	02:36:22.289	1.30005	1.30009			6
2025.03.19	02:36:32.152	1.30006				2
2025.03.19	02:36:32.461	1.30005				2
2025.03.19	02:36:32.769	1.30006				2
2025.03.19	02:36:33.387	1.30005				2
2025.03.19	02:36:33.695	1.30006				2
2025.03.19	02:36:34.002	1.30005				2
2025.03.19	02:36:34.309	1.30006				2
2025.03.19	02:36:34.622	1.30005				2
2025.03.19	02:36:34.931	1.30006				2
2025.03.19	02:36:35.240	1.30005				2
2025.03.19	02:36:35.546	1.30006				2
2025.03.19	02:36:35.863	1.30005				2
2025.03.19	02:36:36.169	1.30006	1.30010			6
2025.03.19	02:36:42.956		1.30009			4
2025.03.19	02:36:45.106	1.30005				2
2025.03.19	02:36:50.947	1.30013	1.30016			6
2025.03.19	02:37:00.143	1.30013				2
2025.03.19	02:37:01.372	1.30012				2
2025.03.19	02:37:25.264	1.30013				2
2025.03.19	02:37:31.095	1.30015	1.30019			6
2025.03.19	02:37:32.934	1.30016				2
2025.03.19	02:37:37.832	1.30015				2
2025.03.19	02:38:00.207	1.30015				2
2025.03.19	02:38:03.279	1.30016				2
2025.03.19	02:38:06.352		1.30020			4
2025.03.19	02:38:07.268	1.30017				2
2025.03.19	02:38:38.185	1.30018				2
2025.03.19	02:38:41.856	1.30021	1.30024			6
2025.03.19	02:38:43.708	1.30020				2
2025.03.19	02:38:48.637	1.30019	1.30023			6
2025.03.19	02:38:48.939	1.30018	1.30021			6
2025.03.19	02:39:00.028	1.30018				2
2025.03.19	02:39:02.173	1.30021	1.30024			6
2025.03.19	02:39:15.408	1.30022				2
2025.03.19	02:39:20.611	1.30021				2
2025.03.19	02:39:21.216	1.30022				2
2025.03.19	02:39:25.819		1.30025			4
2025.03.19	02:39:30.747	1.30021	1.30024			6
2025.03.19	02:39:36.915		1.30025			4
2025.03.19	02:39:40.309	1.30022				2
2025.03.19	02:39:40.929		1.30024			4
2025.03.19	02:39:45.494	1.30020	1.30023			6
2025.03.19	02:39:46.105	1.30019				2
2025.03.19	02:39:48.239	1.30021	1.30024			6
2025.03.19	02:39:57.165	1.30022				2
2025.03.19	02:40:00.211	1.30022				2
2025.03.19	02:40:34.133	1.30023				2
2025.03.19	02:40:35.041		1.30025			4
2025.03.19	02:40:38.378	1.30022				2
2025.03.19	02:40:43.925		1.30024			4
2025.03.19	02:40:48.233	1.30021				2
2025.03.19	02:40:50.698	1.30022				2
2025.03.19	02:40:53.772	1.30021				2
2025.03.19	02:40:54.397	1.30022				2
2025.03.19	02:40:56.857	1.30021				2
2025.03.19	02:41:00.242	1.30021				2
2025.03.19	02:41:02.409	1.30022	1.30023			6
2025.03.19	02:41:07.651		1.30024			4
2025.03.19	02:41:08.887	1.30021				2
2025.03.19	02:41:11.976	1.30022				2
2025.03.19	02:41:16.273	1.30020	1.30022			6
2025.03.19	02:41:21.194	1.30019				2
2025.03.19	02:41:23.974	1.30022	1.30025			6
2025.03.19	02:41:24.282	1.30023				2
2025.03.19	02:41:35.352	1.30025	1.30026			6
2025.03.19	02:41:35.657		1.30027			4
2025.03.19	02:41:35.963	1.30026				2
2025.03.19	02:41:39.350		1.30028			4
2025.03.19	02:41:39.657	1.30024	1.30026			6
2025.03.19	02:41:40.275	1.30023				2
2025.03.19	02:41:41.202	1.30024				2
2025.03.19	02:41:53.816		1.30027			4
2025.03.19	02:41:57.503	1.30026	1.30028			6
2025.03.19	02:41:57.811	1.30027	1.30029			6
2025.03.19	02:41:58.117	1.30026				2
2025.03.19	02:41:58.729	1.30027				2
2025.03.19	02:42:00.276	1.30027				2
2025.03.19	02:42:00.584	1.30030	1.30034			6
2025.03.19	02:42:01.509	1.30032	1.30035			6
2025.03.19	02:42:02.123	1.30031				2
2025.03.19	02:42:04.280	1.30032				2
2025.03.19	02:42:32.324	1.30033				2
2025.03.19	02:43:00.067	1.30033				2
2025.03.19	02:43:00.378	1.30032	1.30034			6
2025.03.19	02:43:01.915	1.30033				2
2025.03.19	02:43:04.074		1.30036			4
2025.03.19	02:43:14.896	1.30032	1.30035			6
2025.03.19	02:43:22.620		1.30034			4
2025.03.19	02:43:33.404	1.30031				2
2025.03.19	02:43:40.778	1.30030	1.30033			6
2025.03.19	02:43:41.084	1.30031	1.30034			6
2025.03.19	02:43:41.388	1.30030	1.30033			6
2025.03.19	02:43:41.703	1.30031	1.30034			6
2025.03.19	02:43:42.008	1.30030	1.30033			6
2025.03.19	02:43:42.313	1.30031	1.30034			6
2025.03.19	02:43:42.619	1.30030	1.30033			6
2025.03.19	02:43:42.924	1.30031	1.30034			6
2025.03.19	02:43:43.230	1.30030	1.30033			6
2025.03.19	02:43:43.532	1.30031	1.30034			6
2025.03.19	02:43:43.845	1.30030	1.30033			6
2025.03.19	02:43:44.153	1.30031	1.30034			6
2025.03.19	02:43:46.906	1.30032				2
2025.03.19	02:43:52.736	1.30029	1.30031			6
2025.03.19	02:43:54.277	1.30028				2
2025.03.19	02:44:00.124	1.30028				2
2025.03.19	02:44:10.285	1.30029				2
2025.03.19	02:44:16.457	1.30028	1.30030			6
2025.03.19	02:44:32.210	1.30029				2
2025.03.19	02:44:32.528	1.30028				2
2025.03.19	02:44:33.446	1.30027	1.30029			6
2025.03.19	02:44:33.750	1.30026				2
2025.03.19	02:45:00.010	1.30026				2
2025.03.19	02:45:28.685		1.30028			4
2025.03.19	02:46:00.062	1.30026				2
2025.03.19	02:46:13.617	1.30025				2
2025.03.19	02:46:15.770	1.30026				2
2025.03.19	02:46:28.707		1.30028			4
2025.03.19	02:46:47.836		1.30029			4
2025.03.19	02:46:58.008	1.30027				2
2025.03.19	02:47:00.170	1.30027				2
2025.03.19	02:47:03.250		1.30030			4
2025.03.19	02:47:07.875	1.30028				2
2025.03.19	02:47:16.495	1.30029	1.30032			6
2025.03.19	02:47:16.798	1.30030				2
2025.03.19	02:47:25.439	1.30031	1.30033			6
2025.03.19	02:47:25.748	1.30027	1.30030			6
2025.03.19	02:47:26.361	1.30026				2
2025.03.19	02:47:36.820	1.30027	1.30031			6
2025.03.19	02:47:43.284	1.30024	1.30027			6
2025.03.19	02:48:00.233	1.30024				2
2025.03.19	02:48:19.227	1.30025				2
2025.03.19	02:48:38.219	1.30026	1.30028			6
2025.03.19	02:49:00.012	1.30026				2
2025.03.19	02:49:11.048	1.30023	1.30026			6
2025.03.19	02:49:12.279	1.30022				2
2025.03.19	02:49:38.141	1.30023				2
2025.03.19	02:49:49.241	1.30022	1.30025			6
2025.03.19	02:50:00.035	1.30022				2
2025.03.19	02:50:22.236	1.30023	1.30026			6
2025.03.19	02:50:24.706	1.30022	1.30025			6
2025.03.19	02:50:25.014	1.30023	1.30026			6
2025.03.19	02:50:26.248	1.30022	1.30025			6
2025.03.19	02:50:26.557	1.30023	1.30026			6
2025.03.19	02:50:26.865	1.30022	1.30025			6
2025.03.19	02:50:28.099	1.30021				2
2025.03.19	02:50:28.715	1.30023				2
2025.03.19	02:50:29.024	1.30022				2
2025.03.19	02:50:45.352	1.30023				2
2025.03.19	02:50:56.752	1.30022				2
2025.03.19	02:51:00.143	1.30022				2
2025.03.19	02:51:04.147	1.30023				2
2025.03.19	02:51:26.958		1.30025			4
2025.03.19	02:51:40.522	1.30022				2
2025.03.19	02:51:44.528	1.30023				2
2025.03.19	02:52:00.221	1.30023				2
2025.03.19	02:52:00.528	1.30018	1.30021			6
2025.03.19	02:52:00.832		1.30020			4
2025.03.19	02:52:01.147	1.30017	1.30021			6
2025.03.19	02:52:12.544	1.30019	1.30023			6
2025.03.19	02:52:23.954	1.30017	1.30021			6
2025.03.19	02:52:24.261	1.30016	1.30020			6
2025.03.19	02:52:30.739	1.30017	1.30021			6
2025.03.19	02:52:55.717	1.30016	1.30017			6
2025.03.19	02:52:56.023	1.30017	1.30021			6
2025.03.19	02:52:56.939	1.30018	1.30022			6
2025.03.19	02:53:00.029	1.30018				2
2025.03.19	02:53:07.434	1.30016	1.30020			6
2025.03.19	02:53:23.768	1.30015	1.30019			6
2025.03.19	02:53:29.002	1.30016	1.30020			6
2025.03.19	02:53:37.951	1.30015	1.30019			6
2025.03.19	02:53:49.358	1.30016				2
2025.03.19	02:53:54.589	1.30015				2
2025.03.19	02:54:00.141	1.30015				2
2025.03.19	02:54:10.014	1.30012	1.30015			6
2025.03.19	02:54:11.250	1.30011				2
2025.03.19	02:54:22.668	1.30005	1.30010			6
2025.03.19	02:54:22.972		1.30011			4
2025.03.19	02:54:24.512	1.30007				2
2025.03.19	02:54:32.530		1.30010			4
2025.03.19	02:54:35.301	1.30005	1.30009			6
2025.03.19	02:54:35.606	1.30004	1.30008			6
2025.03.19	02:54:38.391		1.30005			4
2025.03.19	02:54:38.697		1.30008			4
2025.03.19	02:54:41.469	1.30006	1.30010			6
2025.03.19	02:54:48.265		1.30009			4
2025.03.19	02:54:48.568		1.30010			4
2025.03.19	02:54:58.763	1.30005	1.30006			6
2025.03.19	02:55:00.303	1.30005				2
2025.03.19	02:55:03.396	1.30004	1.30005			6
2025.03.19	02:55:24.070	1.30003	1.30007			6
2025.03.19	02:55:51.530	1.30001	1.30004			6
2025.03.19	02:56:00.173	1.30001				2
2025.03.19	02:56:06.051	1.30002				2
2025.03.19	02:56:06.358	1.30001				2
2025.03.19	02:56:17.753	1.30002				2
2025.03.19	02:56:22.071	1.29998	1.30002			6
2025.03.19	02:56:27.317	1.29999	1.30003			6
2025.03.19	02:56:57.223		1.30002			4
2025.03.19	02:56:58.747	1.29996	1.30000			6
2025.03.19	02:57:00.276	1.29996				2
2025.03.19	02:57:00.892		1.29999			4
2025.03.19	02:57:03.657		1.30000			4
2025.03.19	02:57:14.096	1.29998	1.30001			6
2025.03.19	02:57:22.702	1.29994	1.29998			6
2025.03.19	02:57:24.858	1.29995				2
2025.03.19	02:57:26.402	1.29996	1.29999			6
2025.03.19	02:57:30.412	1.29995				2
2025.03.19	02:57:39.925	1.29996				2
2025.03.19	02:57:40.232	1.29995				2
2025.03.19	02:57:40.540	1.29996				2
2025.03.19	02:57:40.853	1.29995				2
2025.03.19	02:57:41.158	1.29996				2
2025.03.19	02:57:41.464	1.29995				2
2025.03.19	02:57:41.767	1.29996				2
2025.03.19	02:57:42.074	1.29995				2
2025.03.19	02:57:42.387		1.29998			4
2025.03.19	02:57:42.691	1.29994				2
2025.03.19	02:57:43.302	1.29995				2
2025.03.19	02:57:43.609	1.29994				2
2025.03.19	02:57:44.842	1.29995				2
2025.03.19	02:57:46.382	1.29994				2
2025.03.19	02:57:48.235	1.29995	1.29999			6
2025.03.19	02:58:00.267	1.29994	1.29998			6
2025.03.19	02:58:00.569	1.29995	1.29999			6
2025.03.19	02:58:21.260	1.29993	1.29997			6
2025.03.19	02:58:21.563	1.29989	1.29993			6
2025.03.19	02:58:21.875	1.29990	1.29994			6
2025.03.19	02:58:22.496	1.29994	1.29997			6
2025.03.19	02:58:22.798		1.29998			4
2025.03.19	02:58:23.731	1.29996	1.30000			6
2025.03.19	02:58:59.850	1.29997	1.30001			6
2025.03.19	02:59:00.163	1.29997				2
2025.03.19	02:59:02.027	1.29999	1.30003			6
2025.03.19	02:59:15.938	1.29997	1.30001			6
2025.03.19	02:59:21.188	1.29998				2
2025.03.19	02:59:26.126		1.30002			4
2025.03.19	02:59:26.428	1.30001	1.30005			6
2025.03.19	02:59:34.141	1.30002	1.30006			6
2025.03.19	02:59:45.255	1.30004	1.30007			6
2025.03.19	02:59:48.643	1.30003				2
2025.03.19	02:59:49.261	1.30002	1.30006			6
2025.03.19	03:00:00.060	1.30002				2
2025.03.19	03:00:00.370	1.29999	1.30002			6
2025.03.19	03:00:00.984	1.29998				2
2025.03.19	03:00:01.296	1.30000	1.30003			6
2025.03.19	03:00:01.607	1.30001				2
2025.03.19	03:00:01.919	1.30000				2
2025.03.19	03:00:02.529	1.30001				2
2025.03.19	03:00:02.845	1.30002	1.30004			6
2025.03.19	03:00:03.457	1.30001				2
2025.03.19	03:00:07.780	1.30002				2
2025.03.19	03:00:08.086	1.30001				2
2025.03.19	03:00:15.490	1.30003				2
2025.03.19	03:00:15.800	1.30001				2
2025.03.19	03:00:21.971	1.30000				2
2025.03.19	03:00:23.815	1.30001				2
2025.03.19	03:00:24.430	1.30000				2
2025.03.19	03:00:26.893		1.30003			4
2025.03.19	03:00:27.196	1.30003	1.30004			6
2025.03.19	03:00:27.510	1.30001				2
2025.03.19	03:00:27.817	1.30003				2
2025.03.19	03:00:28.121	1.30002				2
2025.03.19	03:00:28.432	1.30003				2
2025.03.19	03:00:28.742	1.30002				2
2025.03.19	03:00:29.053	1.30003				2
2025.03.19	03:00:29.357	1.30002				2
2025.03.19	03:00:29.663	1.30003				2
2025.03.19	03:00:29.971	1.30002	1.30003			6
2025.03.19	03:00:30.280		1.30004			4
2025.03.19	03:00:31.518	1.30001				2
2025.03.19	03:00:35.826	1.30000				2
2025.03.19	03:00:36.441	1.30001				2
2025.03.19	03:00:36.754	1.30002	1.30006			6
2025.03.19	03:00:40.456	1.30001	1.30005			6
2025.03.19	03:00:50.016	1.30000	1.30001			6
2025.03.19	03:00:50.318	1.29999	1.30000			6
2025.03.19	03:00:54.314	1.29998	1.29999			6
2025.03.19	03:00:55.232	1.30003	1.30004			6
2025.03.19	03:00:55.847	1.30002	1.30003			6
2025.03.19	03:00:56.156	1.30001	1.30002			6
2025.03.19	03:00:57.385	1.30000	1.30001			6
2025.03.19	03:00:59.540	1.30001	1.30002			6
2025.03.19	03:01:00.164	1.30001				2
2025.03.19	03:01:01.093	1.30002	1.30003			6
2025.03.19	03:01:03.548	1.30003	1.30004			6
2025.03.19	03:01:03.857	1.30002	1.30003			6
2025.03.19	03:01:05.710	1.30001	1.30002			6
2025.03.19	03:01:06.018	1.30000	1.30001			6
2025.03.19	03:01:06.329	1.30001	1.30002			6
2025.03.19	03:01:07.870	1.30000	1.30001			6
2025.03.19	03:01:08.178	1.30001	1.30002			6
2025.03.19	03:01:09.408	1.30002	1.30003			6
2025.03.19	03:01:15.901	1.30001	1.30002			6
2025.03.19	03:01:16.514	1.30002	1.30003			6
2025.03.19	03:01:17.439	1.30001	1.30002			6
2025.03.19	03:01:19.601	1.30002	1.30003			6
2025.03.19	03:01:20.216	1.30001	1.30002			6
2025.03.19	03:01:23.306	1.30000	1.30001			6
2025.03.19	03:01:24.846	1.30001	1.30002			6
2025.03.19	03:01:29.154	1.30002	1.30003			6
2025.03.19	03:01:29.463	1.30001	1.30002			6
2025.03.19	03:01:29.769	1.30002	1.30003			6
2025.03.19	03:01:30.385	1.30001	1.30002			6
2025.03.19	03:01:31.309	1.30002	1.30003			6
2025.03.19	03:01:33.156	1.30003	1.30004			6
2025.03.19	03:01:35.007	1.30002	1.30003			6
2025.03.19	03:01:38.707	1.30003	1.30004			6
2025.03.19	03:01:40.871	1.30002	1.30003			6
2025.03.19	03:01:49.515	1.29998	1.30001			6
2025.03.19	03:01:50.131	1.29996	1.30000			6
2025.03.19	03:01:50.437		1.29999			4
2025.03.19	03:01:50.745		1.30000			4
2025.03.19	03:01:55.358		1.29999			4
2025.03.19	03:01:55.667		1.29998			4
2025.03.19	03:01:56.286	1.29995				2
2025.03.19	03:01:56.594	1.29996				2
2025.03.19	03:01:59.057	1.29994				2
2025.03.19	03:01:59.364	1.29992	1.29994			6
2025.03.19	03:01:59.672		1.29996			4
2025.03.19	03:01:59.985		1.29995			4
2025.03.19	03:02:00.291	1.29992	1.29996			6
2025.03.19	03:02:01.220	1.29991	1.29994			6
2025.03.19	03:02:02.758	1.29992				2
2025.03.19	03:02:04.602	1.29991				2
2025.03.19	03:02:05.529	1.29992	1.29996			6
2025.03.19	03:02:07.073	1.29995	1.29997			6
2025.03.19	03:02:07.378	1.29994				2
2025.03.19	03:02:07.689	1.29993	1.29996			6
2025.03.19	03:02:07.996		1.29997			4
2025.03.19	03:02:09.531	1.29996				2
2025.03.19	03:02:09.838	1.29995				2
2025.03.19	03:02:10.767	1.29998	1.29999			6
2025.03.19	03:02:11.074		1.30000			4
2025.03.19	03:02:13.540	1.29996				2
2025.03.19	03:02:14.157	1.29997				2
2025.03.19	03:02:18.781	1.29996				2
2025.03.19	03:02:19.088	1.29997				2
2025.03.19	03:02:20.014	1.29996				2
2025.03.19	03:02:22.173	1.29997				2
2025.03.19	03:02:23.402	1.29996				2
2025.03.19	03:02:23.710	1.29997				2
2025.03.19	03:02:24.326	1.29996				2
2025.03.19	03:02:28.038	1.29997				2
2025.03.19	03:02:31.115	1.29998				2
2025.03.19	03:02:34.811	1.29997				2
2025.03.19	03:02:36.664	1.29999				2
2025.03.19	03:02:44.996	1.29998				2
2025.03.19	03:02:46.550	1.30000	1.30001			6
2025.03.19	03:02:47.164	1.29998	1.30000			6
2025.03.19	03:02:51.803	1.29999				2
2025.03.19	03:02:52.110	1.29998				2
2025.03.19	03:02:52.418	1.29999				2
2025.03.19	03:02:55.492	1.29998				2
2025.03.19	03:03:00.109	1.29998	1.29999			6
2025.03.19	03:03:00.414	1.29997				2
2025.03.19	03:03:01.029	1.29994	1.29995			6
2025.03.19	03:03:01.331		1.29997			4
2025.03.19	03:03:06.267	1.29996	1.29998			6
2025.03.19	03:03:06.571	1.29997				2
2025.03.19	03:03:07.190	1.29995				2
2025.03.19	03:03:07.808	1.29994	1.29997			6
2025.03.19	03:03:11.812	1.29997	1.29998			6
2025.03.19	03:03:13.978	1.29994	1.29996			6
2025.03.19	03:03:29.702	1.29993				2
2025.03.19	03:03:33.373		1.29995			4
2025.03.19	03:03:51.777	1.29988	1.29991			6
2025.03.19	03:03:52.084	1.29989	1.29990			6
2025.03.19	03:03:52.385	1.29988	1.29989			6
2025.03.19	03:03:53.000	1.29989	1.29990			6
2025.03.19	03:03:53.308		1.29991			4
2025.03.19	03:03:57.000	1.29988				2
2025.03.19	03:03:57.312	1.29989				2
2025.03.19	03:03:57.621	1.29990	1.29992			6
2025.03.19	03:03:57.924		1.29993			4
2025.03.19	03:03:58.238		1.29991			4
2025.03.19	03:04:00.084	1.29990				2
2025.03.19	03:04:00.390		1.29992			4
2025.03.19	03:04:03.783		1.29991			4
2025.03.19	03:04:04.091		1.29992			4
2025.03.19	03:04:07.784	1.29989	1.29990			6
2025.03.19	03:04:09.322	1.29990	1.29991			6
2025.03.19	03:04:10.551	1.29987	1.29988			6
2025.03.19	03:04:23.797	1.29983	1.29984			6
2025.03.19	03:04:31.799	1.29982	1.29983			6
2025.03.19	03:04:32.109	1.29983	1.29984			6
2025.03.19	03:04:32.418	1.29982	1.29983			6
2025.03.19	03:04:33.351	1.29983	1.29984			6
2025.03.19	03:04:33.969	1.29982	1.29983			6
2025.03.19	03:04:34.599	1.29983	1.29984			6
2025.03.19	03:04:37.684	1.29981	1.29982			6
2025.03.19	03:04:42.634	1.29980	1.29981			6
2025.03.19	03:04:44.189	1.29978	1.29979			6
2025.03.19	03:04:44.497	1.29976	1.29977			6
2025.03.19	03:04:44.810	1.29975	1.29976			6
2025.03.19	03:04:49.758	1.29974	1.29975			6
2025.03.19	03:04:53.144	1.29976	1.29978			6
2025.03.19	03:04:53.761		1.29979			4
2025.03.19	03:04:58.679		1.29978			4
2025.03.19	03:05:00.220	1.29976				2
2025.03.19	03:05:04.224		1.29977			4
2025.03.19	03:05:06.677		1.29979			4
2025.03.19	03:05:07.297		1.29977			4
2025.03.19	03:05:07.605	1.29977	1.29979			6
2025.03.19	03:05:09.451		1.29980			4
2025.03.19	03:05:10.385	1.29978				2
2025.03.19	03:05:10.694	1.29977				2
2025.03.19	03:05:12.854	1.29978				2
2025.03.19	03:05:13.474		1.29981			4
2025.03.19	03:05:14.705		1.29979			4
2025.03.19	03:05:19.937	1.29975	1.29977			6
2025.03.19	03:05:20.248		1.29976			4
2025.03.19	03:05:21.178	1.29974	1.29975			6
2025.03.19	03:05:24.892		1.29977			4
2025.03.19	03:05:25.508		1.29976			4
2025.03.19	03:05:26.123		1.29977			4
2025.03.19	03:05:36.627	1.29975	1.29978			6
2025.03.19	03:05:40.019	1.29977	1.29980			6
2025.03.19	03:05:48.938	1.29979	1.29982			6
2025.03.19	03:05:56.313	1.29981	1.29983			6
2025.03.19	03:06:00.020	1.29981				2
2025.03.19	03:06:04.920		1.29984			4
2025.03.19	03:06:07.365		1.29983			4
2025.03.19	03:06:12.261		1.29984			4
2025.03.19	03:06:15.657		1.29983			4
2025.03.19	03:06:15.967	1.29978	1.29980			6
2025.03.19	03:06:16.282	1.29977				2
2025.03.19	03:06:20.572	1.29974	1.29977			6
2025.03.19	03:06:21.181	1.29976	1.29978			6
2025.03.19	03:06:21.496		1.29979			4
2025.03.19	03:06:23.032		1.29978			4
2025.03.19	03:06:26.102		1.29979			4
2025.03.19	03:06:28.873	1.29975	1.29978			6
2025.03.19	03:06:31.943	1.29976	1.29979			6
2025.03.19	03:06:39.301	1.29977	1.29980			6
2025.03.19	03:06:41.751	1.29976	1.29979			6
2025.03.19	03:06:42.372	1.29975	1.29978			6
2025.03.19	03:06:46.663	1.29976	1.29979			6
2025.03.19	03:06:48.208	1.29977	1.29980			6
2025.03.19	03:06:49.751	1.29978				2
2025.03.19	03:06:50.062	1.29977				2
2025.03.19	03:06:58.342	1.29976	1.29979			6
2025.03.19	03:07:00.188	1.29976				2
2025.03.19	03:07:00.489	1.29977				2
2025.03.19	03:07:03.565	1.29976	1.29978			6
2025.03.19	03:07:03.870	1.29977				2
2025.03.19	03:07:06.015		1.29979			4
2025.03.19	03:07:06.321		1.29978			4
2025.03.19	03:07:06.932	1.29976				2
2025.03.19	03:07:07.554	1.29979	1.29980			6
2025.03.19	03:07:12.425	1.29977	1.29978			6
2025.03.19	03:07:13.033	1.29976	1.29977			6
2025.03.19	03:07:13.643	1.29977	1.29978			6
2025.03.19	03:07:13.950	1.29976	1.29977			6
2025.03.19	03:07:14.569	1.29977	1.29978			6
2025.03.19	03:07:14.871	1.29976	1.29977			6
2025.03.19	03:07:15.174	1.29975	1.29976			6
2025.03.19	03:07:16.691	1.29976	1.29977			6
2025.03.19	03:07:17.300	1.29978	1.29979			6
2025.03.19	03:07:20.960	1.29975	1.29976			6
2025.03.19	03:07:25.241	1.29976	1.29977			6
2025.03.19	03:07:26.152	1.29973	1.29975			6
2025.03.19	03:07:27.072	1.29976	1.29977			6
2025.03.19	03:07:28.904	1.29977	1.29978			6
2025.03.19	03:07:29.518	1.29976	1.29977			6
2025.03.19	03:07:32.574	1.29975	1.29976			6
2025.03.19	03:07:42.732	1.29974	1.29975			6
2025.03.19	03:07:46.114	1.29975	1.29976			6
2025.03.19	03:07:47.362	1.29972	1.29974			6
2025.03.19	03:07:47.668	1.29974	1.29975			6
2025.03.19	03:07:47.976	1.29972	1.29974			6
2025.03.19	03:07:48.285	1.29974	1.29975			6
2025.03.19	03:07:48.594	1.29972	1.29974			6
2025.03.19	03:07:48.901	1.29974	1.29975			6
2025.03.19	03:07:49.206	1.29971	1.29974			6
2025.03.19	03:07:49.824	1.29974	1.29975			6
2025.03.19	03:07:50.752	1.29971	1.29974			6
2025.03.19	03:07:51.368		1.29975			4
2025.03.19	03:07:57.839	1.29972				2
2025.03.19	03:07:59.066	1.29973	1.29976			6
2025.03.19	03:07:59.368	1.29976	1.29979			6
2025.03.19	03:07:59.674	1.29975	1.29978			6
2025.03.19	03:07:59.981	1.29980	1.29982			6
2025.03.19	03:08:00.292	1.29979	1.29984			6
2025.03.19	03:08:01.220	1.29976	1.29982			6
2025.03.19	03:08:03.386	1.29977				2
2025.03.19	03:08:06.163	1.29978				2
2025.03.19	03:08:07.702	1.29977	1.29981			6
2025.03.19	03:08:08.315	1.29981	1.29984			6
2025.03.19	03:08:08.627	1.29979				2
2025.03.19	03:08:09.864	1.29981				2
2025.03.19	03:08:10.782	1.29980				2
2025.03.19	03:08:12.950	1.29982				2
2025.03.19	03:08:13.255	1.29981	1.29983			6
2025.03.19	03:08:13.564	1.29980				2
2025.03.19	03:08:16.960	1.29979				2
2025.03.19	03:08:17.267	1.29978	1.29982			6
2025.03.19	03:08:17.573	1.29980	1.29983			6
2025.03.19	03:08:18.496	1.29979				2
2025.03.19	03:08:18.801	1.29980				2
2025.03.19	03:08:19.109	1.29979				2
2025.03.19	03:08:19.419	1.29977	1.29982			6
2025.03.19	03:08:19.729		1.29981			4
2025.03.19	03:08:20.342	1.29978	1.29982			6
2025.03.19	03:08:20.652	1.29979				2
2025.03.19	03:08:31.137	1.29978				2
2025.03.19	03:08:33.291	1.29977	1.29981			6
2025.03.19	03:08:36.981	1.29978	1.29982			6
2025.03.19	03:08:37.600		1.29981			4
2025.03.19	03:08:38.833		1.29982			4
2025.03.19	03:08:43.456		1.29981			4
2025.03.19	03:08:47.472	1.29980	1.29983			6
2025.03.19	03:08:48.394	1.29978	1.29982			6
2025.03.19	03:08:49.628	1.29980	1.29983			6
2025.03.19	03:08:50.548		1.29982			4
2025.03.19	03:08:52.717		1.29983			4
2025.03.19	03:08:53.641	1.29979	1.29982			6
2025.03.19	03:08:53.949	1.29978				2
2025.03.19	03:08:54.252	1.29974	1.29978			6
2025.03.19	03:08:54.571		1.29979			4
2025.03.19	03:08:55.186		1.29980			4
2025.03.19	03:08:55.805		1.29979			4
2025.03.19	03:08:56.108		1.29980			4
2025.03.19	03:08:58.262		1.29979			4
2025.03.19	03:08:59.803	1.29975				2
2025.03.19	03:09:00.115	1.29974				2
2025.03.19	03:09:00.420		1.29978			4
2025.03.19	03:09:01.040	1.29973				2
2025.03.19	03:09:01.347	1.29974				2
2025.03.19	03:09:04.120		1.29979			4
2025.03.19	03:09:04.740		1.29978			4
2025.03.19	03:09:05.047		1.29979			4
2025.03.19	03:09:05.355		1.29978			4
2025.03.19	03:09:05.661		1.29979			4
2025.03.19	03:09:05.972		1.29978			4
2025.03.19	03:09:07.517		1.29979			4
2025.03.19	03:09:07.819		1.29978			4
2025.03.19	03:09:09.365		1.29979			4
2025.03.19	03:09:10.286	1.29975				2
2025.03.19	03:09:12.446	1.29974				2
2025.03.19	03:09:20.136		1.29978			4
2025.03.19	03:09:23.527		1.29979			4
2025.03.19	03:09:24.765	1.29976				2
2025.03.19	03:09:25.073		1.29978			4
2025.03.19	03:09:25.693		1.29979			4
2025.03.19	03:09:26.305	1.29977				2
2025.03.19	03:09:29.391		1.29978			4
2025.03.19	03:09:29.700		1.29979			4
2025.03.19	03:09:30.317		1.29978			4
2025.03.19	03:09:30.625	1.29976	1.29979			6
2025.03.19	03:09:30.933		1.29978			4
2025.03.19	03:09:31.239		1.29979			4
2025.03.19	03:09:31.859	1.29977				2
2025.03.19	03:09:33.398		1.29978			4
2025.03.19	03:09:34.615	1.29976				2
2025.03.19	03:09:35.842	1.29977				2
2025.03.19	03:09:45.567	1.29976				2
2025.03.19	03:09:51.680	1.29975	1.29977			6
2025.03.19	03:09:53.514	1.29976				2
2025.03.19	03:09:54.126	1.29975				2
2025.03.19	03:09:54.438	1.29976	1.29978			6
2025.03.19	03:09:54.738		1.29977			4
2025.03.19	03:09:55.649	1.29975				2
2025.03.19	03:09:58.690	1.29977	1.29978			6
2025.03.19	03:09:59.918	1.29976				2
2025.03.19	03:10:00.221	1.29975				2
2025.03.19	03:10:00.524		1.29977			4
2025.03.19	03:10:00.827		1.29976			4
2025.03.19	03:10:02.048	1.29976	1.29977			6
2025.03.19	03:10:02.356	1.29975				2
2025.03.19	03:10:02.970	1.29976				2
2025.03.19	03:10:04.194	1.29977	1.29978			6
2025.03.19	03:10:04.810	1.29976				2
2025.03.19	03:10:05.414	1.29975				2
2025.03.19	03:10:05.721		1.29977			4
2025.03.19	03:10:07.255	1.29974				2
2025.03.19	03:10:09.404	1.29975				2
2025.03.19	03:10:20.083	1.29973	1.29974			6
2025.03.19	03:10:23.151	1.29974	1.29975			6
2025.03.19	03:10:30.815	1.29973	1.29974			6
2025.03.19	03:10:34.513	1.29969	1.29973			6
2025.03.19	03:10:35.123	1.29973	1.29974			6
2025.03.19	03:11:00.228	1.29973				2
2025.03.19	03:11:02.371	1.29972	1.29973			6
2025.03.19	03:11:04.197		1.29974			4
2025.03.19	03:11:05.412	1.29973	1.29975			6
2025.03.19	03:11:06.332	1.29974	1.29977			6
2025.03.19	03:11:06.634	1.29973	1.29976			6
2025.03.19	03:11:08.476		1.29975			4
2025.03.19	03:11:10.299	1.29972				2
2025.03.19	03:11:10.608		1.29974			4
2025.03.19	03:11:11.519		1.29973			4
2025.03.19	03:11:11.825		1.29974			4
2025.03.19	03:11:12.137		1.29975			4
2025.03.19	03:11:14.890		1.29974			4
2025.03.19	03:11:15.502		1.29975			4
2025.03.19	03:11:17.654		1.29974			4
2025.03.19	03:11:17.962		1.29975			4
2025.03.19	03:11:19.495	1.29973				2
2025.03.19	03:11:19.806		1.29976			4
2025.03.19	03:11:21.962		1.29975			4
2025.03.19	03:11:24.119	1.29972	1.29974			6
2025.03.19	03:11:24.732		1.29975			4
2025.03.19	03:11:26.592		1.29974			4
2025.03.19	03:11:26.899		1.29975			4
2025.03.19	03:11:29.364		1.29974			4
2025.03.19	03:11:30.603		1.29975			4
2025.03.19	03:11:31.523		1.29974			4
2025.03.19	03:11:40.466		1.29975			4
2025.03.19	03:11:40.773	1.29973	1.29976			6
2025.03.19	03:11:41.394	1.29972	1.29975			6
2025.03.19	03:11:43.865		1.29974			4
2025.03.19	03:11:44.167		1.29975			4
2025.03.19	03:11:44.787		1.29974			4
2025.03.19	03:11:45.401		1.29973			4
2025.03.19	03:11:45.720		1.29974			4
2025.03.19	03:11:51.274		1.29975			4
2025.03.19	03:11:58.691		1.29974			4
