<DATE>	<TIME>	<BID>	<ASK>	<LAST>	<VOLUME>	<FLAGS>
2025.08.18	00:03:30.991	1.35495	1.35606			6
2025.08.18	00:04:00.362	1.35495				2
2025.08.18	00:04:31.217		1.35606			4
2025.08.18	00:05:00.364	1.35495				2
2025.08.18	00:05:01.049	1.35493				2
2025.08.18	00:05:02.405	1.35495				2
2025.08.18	00:05:03.254	1.35493				2
2025.08.18	00:05:31.398	1.35507	1.35601			6
2025.08.18	00:05:39.298	1.35493	1.35606			6
2025.08.18	00:06:00.880	1.35493				2
2025.08.18	00:06:11.858	1.35494				2
2025.08.18	00:06:40.366		1.35606			4
2025.08.18	00:06:42.056	1.35490				2
2025.08.18	00:07:00.370	1.35490				2
2025.08.18	00:07:31.949	1.35491				2
2025.08.18	00:07:41.943		1.35606			4
2025.08.18	00:08:10.364	1.35491				2
2025.08.18	00:08:57.180		1.35606			4
2025.08.18	00:09:00.365	1.35491				2
2025.08.18	00:09:02.979	1.35507	1.35596			6
2025.08.18	00:10:00.427	1.35507				2
2025.08.18	00:10:03.564		1.35596			4
2025.08.18	00:11:03.555	1.35507				2
2025.08.18	00:11:06.266		1.35596			4
2025.08.18	00:12:00.370	1.35507				2
2025.08.18	00:12:07.157		1.35596			4
2025.08.18	00:13:00.258	1.35507				2
2025.08.18	00:13:10.536		1.35596			4
2025.08.18	00:14:02.357	1.35507				2
2025.08.18	00:14:11.218		1.35596			4
2025.08.18	00:15:00.610	1.35507				2
2025.08.18	00:15:15.856		1.35596			4
2025.08.18	00:16:01.759	1.35507				2
2025.08.18	00:16:10.154		1.35588			4
2025.08.18	00:17:00.855	1.35507				2
2025.08.18	00:17:10.457		1.35588			4
2025.08.18	00:18:00.158	1.35507				2
2025.08.18	00:18:12.257		1.35588			4
2025.08.18	00:19:00.856	1.35507				2
2025.08.18	00:19:13.757		1.35588			4
2025.08.18	00:20:01.217	1.35507				2
2025.08.18	00:20:15.261		1.35588			4
2025.08.18	00:20:34.498	1.35475	1.35552			6
2025.08.18	00:20:35.302		1.35580			4
2025.08.18	00:20:58.755		1.35579			4
2025.08.18	00:21:00.646	1.35475				2
2025.08.18	00:21:01.454		1.35580			4
2025.08.18	00:21:15.264		1.35579			4
2025.08.18	00:21:48.856		1.35580			4
2025.08.18	00:21:49.168	1.35474	1.35577			6
2025.08.18	00:22:00.364	1.35474				2
2025.08.18	00:22:05.955		1.35576			4
2025.08.18	00:22:10.365	1.35475				2
2025.08.18	00:22:15.496	1.35474	1.35573			6
2025.08.18	00:22:33.839		1.35568			4
2025.08.18	00:23:00.255	1.35474				2
2025.08.18	00:23:35.655		1.35568			4
2025.08.18	00:23:37.720	1.35475	1.35572			6
2025.08.18	00:23:38.956	1.35476	1.35585			6
2025.08.18	00:23:39.274	1.35475	1.35583			6
2025.08.18	00:23:40.302		1.35587			4
2025.08.18	00:23:40.756		1.35586			4
2025.08.18	00:24:00.365	1.35475				2
2025.08.18	00:24:04.756		1.35576			4
2025.08.18	00:24:27.551		1.35574			4
2025.08.18	00:24:56.511		1.35575			4
2025.08.18	00:25:00.304	1.35475				2
2025.08.18	00:25:19.303		1.35545			4
2025.08.18	00:25:35.495	1.35483				2
2025.08.18	00:25:38.701	1.35487	1.35557			6
2025.08.18	00:25:41.056		1.35562			4
2025.08.18	00:26:00.217	1.35496	1.35566			6
2025.08.18	00:26:20.649	1.35504	1.35574			6
2025.08.18	00:26:42.101	1.35522	1.35592			6
2025.08.18	00:26:49.303		1.35608			4
2025.08.18	00:27:00.557	1.35522				2
2025.08.18	00:27:06.083	1.35523				2
2025.08.18	00:27:13.616	1.35538	1.35613			6
2025.08.18	00:28:00.364	1.35538				2
2025.08.18	00:28:07.691	1.35543	1.35617			6
2025.08.18	00:28:25.120	1.35539	1.35612			6
2025.08.18	00:28:28.847	1.35513	1.35613			6
2025.08.18	00:28:29.159	1.35510	1.35608			6
2025.08.18	00:28:29.675	1.35492				2
2025.08.18	00:28:30.303	1.35498	1.35602			6
2025.08.18	00:28:31.303	1.35488	1.35613			6
2025.08.18	00:28:38.800	1.35481	1.35577			6
2025.08.18	00:28:40.756	1.35485	1.35587			6
2025.08.18	00:28:44.982	1.35481	1.35577			6
2025.08.18	00:28:45.702	1.35486	1.35607			6
2025.08.18	00:29:06.854	1.35486				2
2025.08.18	00:29:33.555	1.35487				2
2025.08.18	00:29:45.709	1.35488	1.35607			6
2025.08.18	00:30:00.255	1.35491				2
2025.08.18	00:30:36.477	1.35492				2
2025.08.18	00:30:47.355		1.35607			4
2025.08.18	00:31:00.897	1.35492				2
2025.08.18	00:31:03.554	1.35491				2
2025.08.18	00:31:25.156	1.35493	1.35594			6
2025.08.18	00:31:32.227	1.35508	1.35586			6
2025.08.18	00:31:36.486	1.35503	1.35581			6
2025.08.18	00:32:00.159	1.35503				2
2025.08.18	00:32:40.878		1.35581			4
2025.08.18	00:33:00.897	1.35503				2
2025.08.18	00:33:38.108	1.35492	1.35573			6
2025.08.18	00:33:39.316	1.35509	1.35587			6
2025.08.18	00:34:03.254	1.35509				2
2025.08.18	00:34:40.454		1.35587			4
2025.08.18	00:34:55.079	1.35505	1.35583			6
2025.08.18	00:34:58.376	1.35492	1.35570			6
2025.08.18	00:35:02.302	1.35492				2
2025.08.18	00:35:02.963	1.35506	1.35584			6
2025.08.18	00:35:09.084	1.35492	1.35570			6
2025.08.18	00:35:14.337	1.35502	1.35580			6
2025.08.18	00:36:00.878	1.35502				2
2025.08.18	00:36:09.417	1.35503	1.35581			6
2025.08.18	00:36:36.713	1.35504				2
2025.08.18	00:36:40.108	1.35505				2
2025.08.18	00:36:40.792	1.35503				2
2025.08.18	00:37:02.361	1.35503				2
2025.08.18	00:37:04.419	1.35501	1.35579			6
2025.08.18	00:37:37.194	1.35514	1.35716			6
2025.08.18	00:37:37.498	1.35516				2
2025.08.18	00:37:37.826	1.35513				2
2025.08.18	00:37:38.454	1.35516	1.35718			6
2025.08.18	00:37:39.073	1.35514				2
2025.08.18	00:37:39.692	1.35512				2
2025.08.18	00:37:40.001	1.35514				2
2025.08.18	00:37:40.616	1.35515				2
2025.08.18	00:37:41.231	1.35516	1.35722			6
2025.08.18	00:37:41.543	1.35519	1.35751			6
2025.08.18	00:37:44.021	1.35518				2
2025.08.18	00:37:45.257	1.35519				2
2025.08.18	00:37:46.497	1.35528				2
2025.08.18	00:37:46.802	1.35522				2
2025.08.18	00:37:47.107	1.35526				2
2025.08.18	00:37:50.831	1.35528				2
2025.08.18	00:37:51.136	1.35527				2
2025.08.18	00:37:52.374	1.35528				2
2025.08.18	00:37:53.304	1.35532				2
2025.08.18	00:37:53.612	1.35528				2
2025.08.18	00:37:54.238	1.35529				2
2025.08.18	00:37:55.475	1.35528				2
2025.08.18	00:37:56.097	1.35519				2
2025.08.18	00:37:56.401	1.35528				2
2025.08.18	00:37:57.025	1.35526				2
2025.08.18	00:37:57.953	1.35530				2
2025.08.18	00:37:59.182	1.35532	1.35754			6
2025.08.18	00:37:59.490	1.35530				2
2025.08.18	00:37:59.793	1.35529				2
2025.08.18	00:38:00.106	1.35524				2
2025.08.18	00:38:00.415	1.35528				2
2025.08.18	00:38:02.264	1.35530	1.35745			6
2025.08.18	00:38:02.574	1.35532	1.35751			6
2025.08.18	00:38:06.280	1.35528				2
2025.08.18	00:38:07.210	1.35530				2
2025.08.18	00:38:07.523	1.35532				2
2025.08.18	00:38:07.825	1.35530				2
2025.08.18	00:38:08.141	1.35519				2
2025.08.18	00:38:08.449	1.35528				2
2025.08.18	00:38:09.387	1.35524				2
2025.08.18	00:38:11.244	1.35535	1.35763			6
2025.08.18	00:38:11.720	1.35539	1.35759			6
2025.08.18	00:38:12.176	1.35532	1.35766			6
2025.08.18	00:38:12.481	1.35541	1.35757			6
2025.08.18	00:38:13.565	1.35536	1.35744			6
2025.08.18	00:38:15.560	1.35537	1.35743			6
2025.08.18	00:38:16.249	1.35539	1.35741			6
2025.08.18	00:38:16.902	1.35537	1.35743			6
2025.08.18	00:38:17.294	1.35538	1.35760			6
2025.08.18	00:38:18.446	1.35543	1.35755			6
2025.08.18	00:38:19.767	1.35537	1.35762			6
2025.08.18	00:38:20.276		1.35761			4
2025.08.18	00:38:20.590	1.35543	1.35755			6
2025.08.18	00:38:21.328	1.35545	1.35753			6
2025.08.18	00:38:21.770	1.35544	1.35754			6
2025.08.18	00:38:27.183	1.35541	1.35757			6
2025.08.18	00:38:27.724	1.35542				2
2025.08.18	00:38:28.183	1.35545	1.35753			6
2025.08.18	00:38:29.292	1.35544	1.35754			6
2025.08.18	00:38:32.056	1.35541	1.35739			6
2025.08.18	00:38:32.401	1.35544	1.35754			6
2025.08.18	00:38:38.352		1.35755			4
2025.08.18	00:38:39.607	1.35542	1.35757			6
2025.08.18	00:38:43.587	1.35545	1.35774			6
2025.08.18	00:38:44.127	1.35547	1.35743			6
2025.08.18	00:38:44.431	1.35546	1.35769			6
2025.08.18	00:38:47.319	1.35545	1.35770			6
2025.08.18	00:38:50.385		1.35745			4
2025.08.18	00:38:53.155	1.35546	1.35760			6
2025.08.18	00:38:53.457	1.35545	1.35763			6
2025.08.18	00:38:56.403	1.35547	1.35741			6
2025.08.18	00:38:57.377	1.35560	1.35773			6
2025.08.18	00:38:57.916	1.35562				2
2025.08.18	00:38:59.412	1.35560	1.35760			6
2025.08.18	00:38:59.726	1.35558				2
2025.08.18	00:39:00.032	1.35558				2
2025.08.18	00:39:00.655	1.35559				2
2025.08.18	00:39:01.577	1.35558				2
2025.08.18	00:39:02.203	1.35555	1.35772			6
2025.08.18	00:39:02.504	1.35557				2
2025.08.18	00:39:02.815	1.35558				2
2025.08.18	00:39:05.311	1.35560				2
2025.08.18	00:39:08.383	1.35558				2
2025.08.18	00:39:08.706	1.35560				2
2025.08.18	00:39:10.242	1.35559				2
2025.08.18	00:39:11.798	1.35560				2
2025.08.18	00:39:12.111	1.35559				2
2025.08.18	00:39:14.580	1.35558				2
2025.08.18	00:39:16.764	1.35560				2
2025.08.18	00:39:17.382	1.35558				2
2025.08.18	00:39:17.993	1.35560				2
2025.08.18	00:39:18.616	1.35559				2
2025.08.18	00:39:20.476	1.35556				2
2025.08.18	00:39:21.006	1.35555				2
2025.08.18	00:39:23.356	1.35560				2
2025.08.18	00:39:25.219	1.35559				2
2025.08.18	00:39:26.147	1.35558				2
2025.08.18	00:39:26.770	1.35560				2
2025.08.18	00:39:27.076	1.35558				2
2025.08.18	00:39:28.336	1.35559				2
2025.08.18	00:39:28.951	1.35558				2
2025.08.18	00:39:29.259	1.35556				2
2025.08.18	00:39:29.561	1.35558				2
2025.08.18	00:39:29.877	1.35561				2
2025.08.18	00:39:30.186	1.35559				2
2025.08.18	00:39:32.360	1.35558				2
2025.08.18	00:39:33.291	1.35560				2
2025.08.18	00:39:33.916	1.35558				2
2025.08.18	00:39:35.458	1.35560				2
2025.08.18	00:39:38.537	1.35559				2
2025.08.18	00:39:38.843	1.35560				2
2025.08.18	00:39:41.324	1.35555				2
2025.08.18	00:39:41.658	1.35558				2
2025.08.18	00:39:41.963	1.35559				2
2025.08.18	00:39:42.267	1.35560				2
2025.08.18	00:39:42.891	1.35559				2
2025.08.18	00:39:45.050	1.35558				2
2025.08.18	00:39:47.519	1.35564				2
2025.08.18	00:39:47.833	1.35559				2
2025.08.18	00:39:50.611	1.35555				2
2025.08.18	00:39:53.562	1.35566				2
2025.08.18	00:39:56.348	1.35555				2
2025.08.18	00:39:56.681	1.35566				2
2025.08.18	00:39:57.295	1.35558				2
2025.08.18	00:39:58.843	1.35553	1.35770			6
2025.08.18	00:39:59.357		1.35743			4
2025.08.18	00:39:59.658		1.35771			4
2025.08.18	00:40:02.580	1.35546	1.35766			6
2025.08.18	00:40:04.155	1.35547				2
2025.08.18	00:40:05.571	1.35543				2
2025.08.18	00:40:08.601	1.35545				2
2025.08.18	00:40:11.607	1.35562	1.35667			6
2025.08.18	00:40:16.251	1.35507	1.35677			6
2025.08.18	00:40:17.266	1.35508	1.35672			6
2025.08.18	00:40:20.141	1.35507	1.35673			6
2025.08.18	00:40:24.382		1.35674			4
2025.08.18	00:40:30.414		1.35673			4
2025.08.18	00:40:31.302		1.35623			4
2025.08.18	00:40:39.406	1.35490	1.35608			6
2025.08.18	00:40:46.880	1.35491				2
2025.08.18	00:40:53.185	1.35517				2
2025.08.18	00:41:00.897	1.35517				2
2025.08.18	00:41:06.905	1.35495	1.35597			6
2025.08.18	00:41:15.575	1.35483	1.35583			6
2025.08.18	00:41:32.359	1.35484				2
2025.08.18	00:41:42.321	1.35487	1.35597			6
2025.08.18	00:41:53.838		1.35581			4
2025.08.18	00:42:00.555	1.35487				2
2025.08.18	00:42:14.252		1.35597			4
2025.08.18	00:42:26.518	1.35512	1.35608			6
2025.08.18	00:42:36.967	1.35484				2
2025.08.18	00:42:38.387	1.35485				2
2025.08.18	00:42:47.361	1.35507	1.35623			6
2025.08.18	00:43:04.129	1.35507				2
2025.08.18	00:43:10.696	1.35518	1.35752			6
2025.08.18	00:44:00.017	1.35518				2
2025.08.18	00:44:10.885		1.35752			4
2025.08.18	00:44:19.531	1.35522				2
2025.08.18	00:44:38.976	1.35519				2
2025.08.18	00:44:39.903	1.35526				2
2025.08.18	00:44:44.852	1.35525				2
2025.08.18	00:44:51.326	1.35523				2
2025.08.18	00:44:59.347	1.35525				2
2025.08.18	00:45:00.277	1.35525				2
2025.08.18	00:45:03.059	1.35518				2
2025.08.18	00:45:06.763	1.35525				2
2025.08.18	00:45:10.055	1.35541	1.35736			6
2025.08.18	00:45:12.257	1.35539				2
2025.08.18	00:45:13.176	1.35542				2
2025.08.18	00:46:00.148	1.35542				2
2025.08.18	00:46:10.337		1.35736			4
2025.08.18	00:46:53.543		1.35738			4
2025.08.18	00:47:00.024	1.35542				2
2025.08.18	00:47:03.120	1.35536				2
2025.08.18	00:47:06.818	1.35542				2
2025.08.18	00:47:29.020		1.35736			4
2025.08.18	00:47:30.871		1.35738			4
2025.08.18	00:47:33.658		1.35736			4
2025.08.18	00:47:33.961	1.35544				2
2025.08.18	00:47:35.197		1.35738			4
2025.08.18	00:47:37.045		1.35737			4
2025.08.18	00:47:37.353		1.35738			4
2025.08.18	00:47:40.756		1.35739			4
2025.08.18	00:47:41.061		1.35744			4
2025.08.18	00:47:41.985		1.35736			4
2025.08.18	00:47:42.294		1.35740			4
2025.08.18	00:47:43.224	1.35548				2
2025.08.18	00:47:46.304		1.35741			4
2025.08.18	00:47:50.330		1.35736			4
2025.08.18	00:48:00.247	1.35548				2
2025.08.18	00:48:00.561		1.35733			4
2025.08.18	00:48:00.874		1.35729			4
2025.08.18	00:48:01.177	1.35549				2
2025.08.18	00:48:01.802		1.35728			4
2025.08.18	00:48:02.425	1.35550				2
2025.08.18	00:48:03.973		1.35729			4
2025.08.18	00:48:05.526	1.35548				2
2025.08.18	00:48:08.013		1.35728			4
2025.08.18	00:48:14.821	1.35550				2
2025.08.18	00:48:24.390	1.35547				2
2025.08.18	00:48:25.929	1.35550				2
2025.08.18	00:48:30.724		1.35726			4
2025.08.18	00:48:40.886		1.35728			4
2025.08.18	00:48:45.836		1.35726			4
2025.08.18	00:48:50.449		1.35728			4
2025.08.18	00:48:52.912	1.35542	1.35744			6
2025.08.18	00:48:55.988	1.35536	1.35738			6
2025.08.18	00:48:56.296	1.35550	1.35729			6
2025.08.18	00:48:56.915	1.35568				2
2025.08.18	00:48:57.234	1.35573				2
2025.08.18	00:48:59.375	1.35574				2
2025.08.18	00:49:00.292	1.35574				2
2025.08.18	00:49:00.595		1.35730			4
2025.08.18	00:49:00.899	1.35571	1.35727			6
2025.08.18	00:49:01.203	1.35573	1.35726			6
2025.08.18	00:49:01.513	1.35575				2
2025.08.18	00:49:03.963	1.35576				2
2025.08.18	00:49:07.626		1.35727			4
2025.08.18	00:49:07.934		1.35726			4
2025.08.18	00:49:15.637	1.35575	1.35727			6
2025.08.18	00:49:15.942	1.35570				2
2025.08.18	00:49:26.119	1.35569				2
2025.08.18	00:49:28.578	1.35574	1.35729			6
2025.08.18	00:49:30.731		1.35727			4
2025.08.18	00:49:33.201		1.35729			4
2025.08.18	00:49:33.826	1.35571	1.35727			6
2025.08.18	00:49:34.127	1.35570				2
2025.08.18	00:49:36.589	1.35568	1.35726			6
2025.08.18	00:49:36.896	1.35570				2
2025.08.18	00:49:50.452	1.35575				2
2025.08.18	00:50:00.012	1.35575				2
2025.08.18	00:50:12.665	1.35569	1.35727			6
2025.08.18	00:50:22.258		1.35728			4
2025.08.18	00:50:24.413		1.35727			4
2025.08.18	00:50:25.344	1.35570				2
2025.08.18	00:50:27.198	1.35569				2
2025.08.18	00:50:32.453	1.35570	1.35729			6
2025.08.18	00:50:35.250		1.35730			4
2025.08.18	00:50:36.168		1.35738			4
2025.08.18	00:50:36.481	1.35574				2
2025.08.18	00:50:40.193	1.35586	1.35756			6
2025.08.18	00:50:40.499	1.35582				2
2025.08.18	00:50:40.810	1.35586				2
2025.08.18	00:50:42.047		1.35755			4
2025.08.18	00:50:44.836	1.35587				2
2025.08.18	00:50:49.785	1.35586				2
2025.08.18	00:50:50.097	1.35591	1.35760			6
2025.08.18	00:50:50.412	1.35590	1.35757			6
2025.08.18	00:50:50.716	1.35584				2
2025.08.18	00:50:51.949	1.35583				2
2025.08.18	00:50:52.887	1.35582				2
2025.08.18	00:50:54.733	1.35580				2
2025.08.18	00:51:00.307	1.35580				2
2025.08.18	00:51:00.615		1.35758			4
2025.08.18	00:51:03.696	1.35585				2
2025.08.18	00:51:05.866	1.35582				2
2025.08.18	00:51:12.355	1.35584				2
2025.08.18	00:51:13.592		1.35756			4
2025.08.18	00:51:13.904	1.35580	1.35755			6
2025.08.18	00:51:14.213	1.35579	1.35751			6
2025.08.18	00:51:14.516	1.35580	1.35752			6
2025.08.18	00:51:14.824	1.35579				2
2025.08.18	00:51:15.446	1.35580				2
2025.08.18	00:51:22.879	1.35584				2
2025.08.18	00:51:24.113	1.35585	1.35754			6
2025.08.18	00:51:24.417	1.35580	1.35752			6
2025.08.18	00:51:28.434	1.35581				2
2025.08.18	00:51:28.738	1.35582	1.35756			6
2025.08.18	00:51:29.054	1.35580	1.35758			6
2025.08.18	00:51:39.250	1.35578	1.35757			6
2025.08.18	00:51:39.864	1.35586	1.35759			6
2025.08.18	00:51:43.888		1.35761			4
2025.08.18	00:51:51.000	1.35584	1.35760			6
2025.08.18	00:51:51.306	1.35586				2
2025.08.18	00:51:54.082	1.35585	1.35758			6
2025.08.18	00:51:58.413	1.35586	1.35760			6
2025.08.18	00:52:00.265	1.35586				2
2025.08.18	00:52:02.745		1.35761			4
2025.08.18	00:52:04.592	1.35584				2
2025.08.18	00:52:04.903	1.35585				2
2025.08.18	00:52:05.524	1.35584				2
2025.08.18	00:52:06.141		1.35760			4
2025.08.18	00:52:08.613		1.35758			4
2025.08.18	00:52:13.240	1.35586	1.35760			6
2025.08.18	00:52:23.411	1.35584	1.35758			6
2025.08.18	00:52:33.284	1.35586	1.35760			6
2025.08.18	00:52:35.445	1.35584	1.35758			6
2025.08.18	00:52:37.906	1.35580	1.35759			6
2025.08.18	00:52:43.132	1.35584				2
2025.08.18	00:52:43.436		1.35760			4
2025.08.18	00:52:50.851	1.35582				2
2025.08.18	00:52:53.306	1.35581	1.35758			6
2025.08.18	00:52:58.252	1.35582	1.35778			6
2025.08.18	00:52:59.484		1.35777			4
2025.08.18	00:53:00.101	1.35582				2
2025.08.18	00:53:02.562		1.35781			4
2025.08.18	00:53:04.097	1.35584				2
2025.08.18	00:53:09.654	1.35581	1.35779			6
2025.08.18	00:53:12.115		1.35774			4
2025.08.18	00:53:14.280	1.35580				2
2025.08.18	00:53:21.072	1.35581	1.35777			6
2025.08.18	00:53:24.780	1.35580				2
2025.08.18	00:53:33.428	1.35582	1.35778			6
2025.08.18	00:53:34.656		1.35779			4
2025.08.18	00:53:38.666		1.35777			4
2025.08.18	00:53:42.053		1.35762			4
2025.08.18	00:53:43.283		1.35765			4
2025.08.18	00:53:43.899	1.35580	1.35763			6
2025.08.18	00:53:44.208	1.35582				2
2025.08.18	00:53:44.518	1.35581				2
2025.08.18	00:53:44.829	1.35580				2
2025.08.18	00:53:53.465		1.35760			4
2025.08.18	00:53:58.401	1.35581	1.35763			6
2025.08.18	00:54:00.242	1.35581				2
2025.08.18	00:54:02.086		1.35762			4
2025.08.18	00:54:03.010	1.35580				2
2025.08.18	00:54:08.824		1.35761			4
2025.08.18	00:54:12.808	1.35581				2
2025.08.18	00:54:16.512	1.35580				2
2025.08.18	00:54:18.980		1.35760			4
2025.08.18	00:54:30.394	1.35578	1.35759			6
2025.08.18	00:54:39.325		1.35758			4
2025.08.18	00:54:43.336		1.35760			4
2025.08.18	00:54:53.522	1.35576	1.35758			6
2025.08.18	00:54:55.996	1.35578				2
2025.08.18	00:54:58.469	1.35580	1.35760			6
2025.08.18	00:54:58.787	1.35578				2
2025.08.18	00:55:00.024	1.35578				2
2025.08.18	00:55:00.948	1.35580				2
2025.08.18	00:55:01.565	1.35578	1.35758			6
2025.08.18	00:55:01.871	1.35579				2
2025.08.18	00:55:08.360	1.35578	1.35756			6
2025.08.18	00:55:09.286	1.35577				2
2025.08.18	00:55:09.902	1.35578				2
2025.08.18	00:55:11.140	1.35579	1.35759			6
2025.08.18	00:55:12.374	1.35577	1.35755			6
2025.08.18	00:55:12.679	1.35576	1.35751			6
2025.08.18	00:55:21.299	1.35578				2
2025.08.18	00:55:22.837	1.35582	1.35757			6
2025.08.18	00:55:23.152	1.35574	1.35756			6
2025.08.18	00:55:23.453	1.35576				2
2025.08.18	00:55:23.761	1.35577	1.35758			6
2025.08.18	00:55:33.622		1.35756			4
2025.08.18	00:55:34.862	1.35574	1.35760			6
2025.08.18	00:55:35.784	1.35575				2
2025.08.18	00:55:44.722	1.35577	1.35757			6
2025.08.18	00:55:46.882	1.35573				2
2025.08.18	00:55:47.193	1.35575	1.35760			6
2025.08.18	00:55:47.502	1.35574				2
2025.08.18	00:55:47.805	1.35572	1.35756			6
2025.08.18	00:55:49.660	1.35576	1.35760			6
2025.08.18	00:55:58.299	1.35570				2
2025.08.18	00:56:00.159	1.35570				2
2025.08.18	00:56:00.780		1.35759			4
2025.08.18	00:56:19.285	1.35566	1.35757			6
2025.08.18	00:56:21.143	1.35567	1.35754			6
2025.08.18	00:56:21.451	1.35569	1.35758			6
2025.08.18	00:56:22.693	1.35573	1.35759			6
2025.08.18	00:56:24.239	1.35570				2
2025.08.18	00:56:35.688	1.35567				2
2025.08.18	00:56:36.923	1.35568				2
2025.08.18	00:56:37.539		1.35758			4
2025.08.18	00:56:40.005		1.35759			4
2025.08.18	00:56:41.864		1.35760			4
2025.08.18	00:56:46.186	1.35570	1.35757			6
2025.08.18	00:56:47.114		1.35756			4
2025.08.18	00:56:47.428	1.35567				2
2025.08.18	00:56:47.732	1.35568	1.35758			6
2025.08.18	00:56:48.049	1.35567	1.35757			6
2025.08.18	00:56:48.357	1.35566				2
2025.08.18	00:56:48.659		1.35755			4
2025.08.18	00:56:49.591		1.35759			4
2025.08.18	00:56:50.833	1.35567				2
2025.08.18	00:56:51.758	1.35555	1.35754			6
2025.08.18	00:57:00.102	1.35555	1.35757			6
2025.08.18	00:57:00.416		1.35754			4
2025.08.18	00:57:39.346	1.35556	1.35756			6
2025.08.18	00:57:49.837		1.35757			4
2025.08.18	00:57:52.922	1.35557				2
2025.08.18	00:57:59.704		1.35756			4
2025.08.18	00:58:00.011	1.35557				2
2025.08.18	00:58:01.253	1.35558	1.35757			6
2025.08.18	00:58:01.874	1.35554	1.35756			6
2025.08.18	00:58:06.495	1.35556				2
2025.08.18	00:58:09.278	1.35554				2
2025.08.18	00:58:12.402	1.35556				2
2025.08.18	00:58:12.713	1.35557				2
2025.08.18	00:58:14.257	1.35553	1.35754			6
2025.08.18	00:58:27.765	1.35554	1.35756			6
2025.08.18	00:58:35.468	1.35559	1.35758			6
2025.08.18	00:58:37.011	1.35560				2
2025.08.18	00:58:37.317	1.35555	1.35757			6
2025.08.18	00:58:39.481	1.35554	1.35756			6
2025.08.18	00:58:42.272	1.35556	1.35758			6
2025.08.18	00:58:53.079	1.35559	1.35757			6
2025.08.18	00:58:54.322	1.35556				2
2025.08.18	00:58:57.402	1.35558	1.35759			6
2025.08.18	00:58:59.567	1.35556	1.35758			6
2025.08.18	00:59:00.186	1.35556				2
2025.08.18	00:59:04.813	1.35558	1.35759			6
2025.08.18	00:59:06.050	1.35557				2
2025.08.18	00:59:07.894	1.35554	1.35756			6
2025.08.18	00:59:08.204	1.35556	1.35758			6
2025.08.18	00:59:12.532	1.35558	1.35760			6
2025.08.18	00:59:13.763	1.35556	1.35758			6
2025.08.18	00:59:22.711	1.35558	1.35760			6
2025.08.18	00:59:24.558	1.35554	1.35756			6
2025.08.18	00:59:25.482	1.35558	1.35760			6
2025.08.18	00:59:29.791	1.35557	1.35759			6
2025.08.18	00:59:30.102	1.35558	1.35760			6
2025.08.18	00:59:30.718	1.35557	1.35759			6
2025.08.18	00:59:44.278	1.35560	1.35762			6
2025.08.18	00:59:47.683	1.35554	1.35756			6
2025.08.18	00:59:47.986	1.35556	1.35758			6
2025.08.18	00:59:57.536	1.35561	1.35763			6
2025.08.18	00:59:59.379	1.35557	1.35759			6
2025.08.18	01:00:00.306	1.35513	1.35787			6
2025.08.18	01:00:00.620	1.35546	1.35754			6
2025.08.18	01:00:00.977	1.35541	1.35759			6
2025.08.18	01:00:01.295	1.35554	1.35651			6
2025.08.18	01:00:01.621	1.35553				2
2025.08.18	01:00:02.287	1.35570				2
2025.08.18	01:00:02.588	1.35568				2
2025.08.18	01:00:02.896	1.35562				2
2025.08.18	01:00:03.205	1.35553				2
2025.08.18	01:00:03.512	1.35531	1.35654			6
2025.08.18	01:00:03.823	1.35533				2
2025.08.18	01:00:04.124	1.35537				2
2025.08.18	01:00:04.429	1.35536	1.35650			6
2025.08.18	01:00:05.047		1.35649			4
2025.08.18	01:00:05.355	1.35532				2
2025.08.18	01:00:05.657	1.35544	1.35673			6
2025.08.18	01:00:06.273	1.35546	1.35675			6
2025.08.18	01:00:06.580	1.35548	1.35677			6
2025.08.18	01:00:07.192	1.35553	1.35641			6
2025.08.18	01:00:10.272	1.35571	1.35651			6
2025.08.18	01:00:10.580	1.35567				2
2025.08.18	01:00:12.418	1.35553	1.35650			6
2025.08.18	01:00:13.341		1.35649			4
2025.08.18	01:00:14.259		1.35641			4
2025.08.18	01:00:15.176	1.35565	1.35651			6
2025.08.18	01:00:15.479	1.35560				2
2025.08.18	01:00:15.785	1.35562				2
2025.08.18	01:00:18.520	1.35553				2
2025.08.18	01:00:18.824	1.35580				2
2025.08.18	01:00:19.128	1.35573				2
2025.08.18	01:00:19.433	1.35578				2
2025.08.18	01:00:26.157		1.35655			4
2025.08.18	01:00:29.233	1.35568				2
2025.08.18	01:00:30.153	1.35564	1.35653			6
2025.08.18	01:00:31.369	1.35602				2
2025.08.18	01:00:31.670	1.35624	1.35648			6
2025.08.18	01:00:33.508	1.35623	1.35646			6
2025.08.18	01:00:35.633		1.35641			4
2025.08.18	01:00:35.934		1.35646			4
2025.08.18	01:00:36.545		1.35634			4
2025.08.18	01:00:41.119	1.35628	1.35636			6
2025.08.18	01:00:43.565	1.35633	1.35638			6
2025.08.18	01:00:43.869	1.35625	1.35642			6
2025.08.18	01:00:45.100		1.35645			4
2025.08.18	01:00:53.040	1.35630	1.35642			6
2025.08.18	01:00:53.342	1.35629				2
2025.08.18	01:00:53.647	1.35630				2
2025.08.18	01:01:00.066	1.35630				2
2025.08.18	01:01:00.369	1.35621	1.35635			6
2025.08.18	01:01:00.978		1.35637			4
2025.08.18	01:01:03.151	1.35628	1.35646			6
2025.08.18	01:01:03.453	1.35631	1.35648			6
2025.08.18	01:01:04.366	1.35636	1.35647			6
2025.08.18	01:01:05.272	1.35637	1.35646			6
2025.08.18	01:01:15.355		1.35647			4
2025.08.18	01:01:23.012	1.35613	1.35630			6
2025.08.18	01:01:23.318		1.35628			4
2025.08.18	01:01:26.685		1.35627			4
2025.08.18	01:01:31.269	1.35610	1.35622			6
2025.08.18	01:01:31.573	1.35606				2
2025.08.18	01:01:34.928		1.35621			4
2025.08.18	01:01:36.456	1.35603	1.35620			6
2025.08.18	01:01:36.767	1.35604				2
2025.08.18	01:01:42.844	1.35603				2
2025.08.18	01:01:45.288	1.35605				2
2025.08.18	01:01:50.488		1.35621			4
2025.08.18	01:01:50.792	1.35604				2
2025.08.18	01:02:00.249	1.35604				2
2025.08.18	01:02:02.076	1.35605				2
2025.08.18	01:02:03.602		1.35624			4
2025.08.18	01:02:08.489	1.35604	1.35621			6
2025.08.18	01:02:10.014	1.35605				2
2025.08.18	01:02:23.448	1.35603	1.35620			6
2025.08.18	01:02:25.892		1.35616			4
2025.08.18	01:02:33.533	1.35606				2
2025.08.18	01:02:33.834	1.35604				2
2025.08.18	01:02:34.139	1.35605	1.35619			6
2025.08.18	01:02:34.444	1.35604				2
2025.08.18	01:02:36.588	1.35605				2
2025.08.18	01:02:41.474	1.35606				2
2025.08.18	01:02:42.695	1.35605	1.35620			6
2025.08.18	01:02:43.004	1.35606				2
2025.08.18	01:02:59.523	1.35605	1.35618			6
2025.08.18	01:03:00.136	1.35605				2
2025.08.18	01:03:00.448	1.35607	1.35620			6
2025.08.18	01:03:00.755	1.35605				2
2025.08.18	01:03:02.286	1.35607				2
2025.08.18	01:03:02.590	1.35605	1.35619			6
2025.08.18	01:03:02.897	1.35604				2
2025.08.18	01:03:06.247	1.35605	1.35620			6
2025.08.18	01:03:07.479	1.35606				2
2025.08.18	01:03:07.787	1.35605				2
2025.08.18	01:03:09.622	1.35608	1.35621			6
2025.08.18	01:03:10.530	1.35607				2
2025.08.18	01:03:12.667	1.35605				2
2025.08.18	01:03:14.811	1.35607				2
2025.08.18	01:03:28.882		1.35622			4
2025.08.18	01:03:48.704		1.35621			4
2025.08.18	01:03:58.489	1.35597	1.35611			6
2025.08.18	01:03:58.804	1.35599				2
2025.08.18	01:04:00.042	1.35599				2
2025.08.18	01:04:04.070	1.35597				2
2025.08.18	01:04:16.454	1.35598				2
2025.08.18	01:04:29.461	1.35605	1.35620			6
2025.08.18	01:04:29.767	1.35604				2
2025.08.18	01:04:30.074	1.35607				2
2025.08.18	01:04:30.378	1.35608				2
2025.08.18	01:04:34.362	1.35606	1.35619			6
2025.08.18	01:04:35.895		1.35620			4
2025.08.18	01:04:47.521	1.35605				2
2025.08.18	01:04:47.828	1.35606				2
2025.08.18	01:04:49.355	1.35604	1.35616			6
2025.08.18	01:04:49.658	1.35605	1.35620			6
2025.08.18	01:04:50.275	1.35607				2
2025.08.18	01:05:00.065	1.35607				2
2025.08.18	01:05:02.526	1.35606				2
2025.08.18	01:05:04.050	1.35618	1.35631			6
2025.08.18	01:05:04.356	1.35614				2
2025.08.18	01:05:04.661		1.35627			4
2025.08.18	01:05:04.967	1.35617				2
2025.08.18	01:05:12.664	1.35616				2
2025.08.18	01:05:30.521	1.35604	1.35612			6
2025.08.18	01:05:30.827	1.35606				2
2025.08.18	01:05:31.130	1.35605	1.35617			6
2025.08.18	01:05:36.317	1.35607				2
2025.08.18	01:05:39.049	1.35605				2
2025.08.18	01:05:42.385	1.35606				2
2025.08.18	01:05:42.997	1.35605				2
2025.08.18	01:05:43.912	1.35606				2
2025.08.18	01:05:47.601	1.35609				2
2025.08.18	01:06:00.162	1.35609				2
2025.08.18	01:06:14.062	1.35606	1.35613			6
2025.08.18	01:06:41.935	1.35608				2
2025.08.18	01:06:42.240		1.35617			4
2025.08.18	01:06:43.164	1.35611	1.35614			6
2025.08.18	01:06:46.535	1.35606	1.35613			6
2025.08.18	01:06:51.181	1.35609				2
2025.08.18	01:06:51.484	1.35611	1.35614			6
2025.08.18	01:06:52.090	1.35609	1.35617			6
2025.08.18	01:06:53.629		1.35618			4
2025.08.18	01:07:00.117	1.35609				2
2025.08.18	01:07:18.393	1.35610	1.35613			6
2025.08.18	01:07:18.697	1.35611				2
2025.08.18	01:07:18.999	1.35607				2
2025.08.18	01:07:38.038	1.35598	1.35602			6
2025.08.18	01:07:47.903		1.35603			4
2025.08.18	01:08:00.188	1.35598				2
2025.08.18	01:08:04.491	1.35597				2
2025.08.18	01:08:08.490	1.35595				2
2025.08.18	01:08:41.900	1.35593	1.35598			6
2025.08.18	01:08:46.884		1.35597			4
2025.08.18	01:08:53.416		1.35598			4
2025.08.18	01:08:54.030		1.35597			4
2025.08.18	01:09:00.232	1.35593				2
2025.08.18	01:09:02.380	1.35595	1.35608			6
2025.08.18	01:09:02.692		1.35607			4
2025.08.18	01:09:04.239	1.35602	1.35605			6
2025.08.18	01:09:05.757	1.35593	1.35606			6
2025.08.18	01:09:06.058		1.35605			4
2025.08.18	01:09:06.364	1.35596	1.35599			6
2025.08.18	01:09:06.665	1.35595	1.35598			6
2025.08.18	01:09:07.270	1.35594	1.35597			6
2025.08.18	01:09:11.873	1.35593	1.35596			6
2025.08.18	01:09:16.144	1.35594	1.35597			6
2025.08.18	01:09:28.348	1.35595	1.35598			6
2025.08.18	01:09:29.256	1.35594	1.35597			6
2025.08.18	01:09:30.166	1.35595	1.35598			6
2025.08.18	01:09:31.081	1.35594	1.35597			6
2025.08.18	01:09:34.438	1.35591	1.35594			6
2025.08.18	01:09:35.054	1.35589	1.35598			6
2025.08.18	01:09:38.150	1.35576	1.35585			6
2025.08.18	01:09:44.065	1.35574				2
2025.08.18	01:09:48.411	1.35576	1.35586			6
2025.08.18	01:09:48.716	1.35575				2
2025.08.18	01:09:53.986	1.35578	1.35588			6
2025.08.18	01:09:55.547	1.35581	1.35590			6
2025.08.18	01:09:55.863	1.35585	1.35588			6
2025.08.18	01:09:56.163	1.35586	1.35589			6
2025.08.18	01:09:58.317	1.35587	1.35590			6
2025.08.18	01:10:00.161	1.35587				2
2025.08.18	01:10:00.779	1.35588	1.35591			6
2025.08.18	01:10:01.088	1.35587	1.35590			6
2025.08.18	01:10:01.701	1.35586	1.35589			6
2025.08.18	01:10:03.539	1.35587	1.35590			6
2025.08.18	01:10:03.844	1.35586	1.35589			6
2025.08.18	01:10:04.155	1.35587	1.35590			6
2025.08.18	01:10:04.763	1.35586	1.35589			6
2025.08.18	01:10:05.380	1.35585	1.35588			6
2025.08.18	01:10:06.306	1.35586	1.35589			6
2025.08.18	01:10:07.222	1.35585	1.35588			6
2025.08.18	01:10:07.526		1.35586			4
2025.08.18	01:10:09.059	1.35579	1.35582			6
2025.08.18	01:10:09.360	1.35578	1.35581			6
2025.08.18	01:10:10.277	1.35577	1.35580			6
2025.08.18	01:10:11.199	1.35578	1.35581			6
2025.08.18	01:10:11.501	1.35577	1.35580			6
2025.08.18	01:10:12.116	1.35578	1.35581			6
2025.08.18	01:10:12.425	1.35577	1.35580			6
2025.08.18	01:10:14.263	1.35579				2
2025.08.18	01:10:16.387		1.35581			4
2025.08.18	01:10:17.304		1.35582			4
2025.08.18	01:10:19.455	1.35587	1.35588			6
2025.08.18	01:10:20.066	1.35588	1.35589			6
2025.08.18	01:10:21.905	1.35587	1.35588			6
2025.08.18	01:10:22.211	1.35589	1.35590			6
2025.08.18	01:10:23.127	1.35585	1.35586			6
2025.08.18	01:10:23.431	1.35582	1.35583			6
2025.08.18	01:10:23.733	1.35580	1.35581			6
2025.08.18	01:10:24.033		1.35582			4
2025.08.18	01:10:24.342		1.35583			4
2025.08.18	01:10:24.647	1.35581				2
2025.08.18	01:10:24.959		1.35582			4
2025.08.18	01:10:25.876	1.35584	1.35585			6
2025.08.18	01:10:26.180	1.35583	1.35584			6
2025.08.18	01:10:31.123	1.35584	1.35585			6
2025.08.18	01:10:32.355	1.35583	1.35584			6
2025.08.18	01:10:33.263	1.35582	1.35583			6
2025.08.18	01:10:35.382	1.35580	1.35581			6
2025.08.18	01:10:35.686	1.35578	1.35579			6
2025.08.18	01:10:35.993	1.35577	1.35578			6
2025.08.18	01:10:36.302	1.35575	1.35577			6
2025.08.18	01:10:36.604		1.35584			4
2025.08.18	01:10:36.916		1.35583			4
2025.08.18	01:10:37.228	1.35576	1.35579			6
2025.08.18	01:10:38.458	1.35575	1.35578			6
2025.08.18	01:10:39.374	1.35577	1.35580			6
2025.08.18	01:10:39.678	1.35574	1.35583			6
2025.08.18	01:10:39.989	1.35576	1.35579			6
2025.08.18	01:10:42.156	1.35575	1.35578			6
2025.08.18	01:10:43.976	1.35579	1.35582			6
2025.08.18	01:10:44.283	1.35580	1.35583			6
2025.08.18	01:10:45.205	1.35579	1.35582			6
2025.08.18	01:10:48.267	1.35578	1.35581			6
2025.08.18	01:10:49.180	1.35580				2
2025.08.18	01:11:00.146	1.35580				2
2025.08.18	01:11:11.486		1.35582			4
2025.08.18	01:11:18.215		1.35581			4
2025.08.18	01:11:35.608	1.35584	1.35585			6
2025.08.18	01:11:36.213		1.35586			4
2025.08.18	01:11:45.343		1.35585			4
2025.08.18	01:11:56.900	1.35585	1.35586			6
2025.08.18	01:11:57.210	1.35586	1.35587			6
2025.08.18	01:11:58.116	1.35587	1.35588			6
2025.08.18	01:12:00.287	1.35587				2
2025.08.18	01:12:02.127	1.35586	1.35587			6
2025.08.18	01:12:02.433		1.35588			4
2025.08.18	01:12:02.744	1.35585				2
2025.08.18	01:12:03.045		1.35587			4
2025.08.18	01:12:03.664	1.35587	1.35588			6
2025.08.18	01:12:07.627	1.35588	1.35589			6
2025.08.18	01:12:07.927	1.35587	1.35588			6
2025.08.18	01:12:19.262		1.35589			4
2025.08.18	01:12:19.876	1.35585	1.35588			6
2025.08.18	01:12:20.181	1.35583	1.35584			6
2025.08.18	01:12:21.697	1.35578	1.35580			6
2025.08.18	01:12:22.610		1.35579			4
2025.08.18	01:12:30.250	1.35579	1.35581			6
2025.08.18	01:12:30.556	1.35578	1.35579			6
2025.08.18	01:12:38.169		1.35580			4
2025.08.18	01:12:38.470		1.35579			4
2025.08.18	01:12:39.700		1.35580			4
2025.08.18	01:12:40.013		1.35579			4
2025.08.18	01:12:40.324		1.35580			4
2025.08.18	01:12:42.451		1.35579			4
2025.08.18	01:12:51.294	1.35579	1.35580			6
2025.08.18	01:12:53.422	1.35578	1.35579			6
2025.08.18	01:12:57.385	1.35579	1.35580			6
2025.08.18	01:12:59.205	1.35578	1.35579			6
2025.08.18	01:13:00.121	1.35578				2
2025.08.18	01:13:16.593	1.35579	1.35580			6
2025.08.18	01:13:18.129		1.35581			4
2025.08.18	01:13:18.432		1.35580			4
2025.08.18	01:13:23.626		1.35581			4
2025.08.18	01:13:25.144		1.35580			4
2025.08.18	01:13:30.162		1.35581			4
2025.08.18	01:13:33.876		1.35582			4
2025.08.18	01:13:34.179	1.35587	1.35590			6
2025.08.18	01:13:37.277	1.35599	1.35601			6
2025.08.18	01:13:38.514		1.35602			4
2025.08.18	01:13:39.432		1.35601			4
2025.08.18	01:13:39.752	1.35595	1.35598			6
2025.08.18	01:13:40.056	1.35594	1.35595			6
2025.08.18	01:13:40.365	1.35592	1.35594			6
2025.08.18	01:13:40.681		1.35593			4
2025.08.18	01:13:45.025		1.35594			4
2025.08.18	01:13:47.812	1.35593	1.35596			6
2025.08.18	01:13:48.119	1.35592	1.35594			6
2025.08.18	01:13:52.442		1.35595			4
2025.08.18	01:13:53.373		1.35594			4
2025.08.18	01:13:54.604		1.35593			4
2025.08.18	01:13:55.227		1.35594			4
2025.08.18	01:13:55.853	1.35595	1.35596			6
2025.08.18	01:13:56.481	1.35596	1.35598			6
2025.08.18	01:13:56.799		1.35597			4
2025.08.18	01:13:57.106		1.35598			4
2025.08.18	01:13:57.412		1.35599			4
2025.08.18	01:13:58.948		1.35598			4
2025.08.18	01:13:59.265		1.35599			4
2025.08.18	01:14:00.196	1.35596				2
2025.08.18	01:14:03.587	1.35595	1.35598			6
2025.08.18	01:14:04.826	1.35596	1.35599			6
2025.08.18	01:14:05.142		1.35598			4
2025.08.18	01:14:05.450		1.35599			4
2025.08.18	01:14:12.230	1.35595	1.35598			6
2025.08.18	01:14:15.005	1.35593	1.35596			6
2025.08.18	01:14:15.309		1.35595			4
2025.08.18	01:14:18.397	1.35594	1.35597			6
2025.08.18	01:14:18.707	1.35593	1.35595			6
2025.08.18	01:14:20.259		1.35594			4
2025.08.18	01:14:28.357		1.35595			4
2025.08.18	01:14:34.906	1.35594	1.35597			6
2025.08.18	01:14:35.223	1.35593	1.35594			6
2025.08.18	01:14:35.848	1.35592				2
2025.08.18	01:14:36.157	1.35600	1.35603			6
2025.08.18	01:14:36.459	1.35599	1.35602			6
2025.08.18	01:14:41.451		1.35601			4
2025.08.18	01:14:41.752		1.35602			4
2025.08.18	01:14:43.605	1.35600	1.35603			6
2025.08.18	01:14:51.290	1.35601	1.35604			6
2025.08.18	01:14:51.603	1.35600	1.35603			6
2025.08.18	01:14:52.520	1.35601	1.35604			6
2025.08.18	01:14:54.060	1.35600	1.35603			6
2025.08.18	01:14:56.220		1.35602			4
2025.08.18	01:14:56.824		1.35603			4
2025.08.18	01:14:58.057		1.35602			4
2025.08.18	01:15:00.213	1.35601	1.35604			6
2025.08.18	01:15:01.447	1.35600	1.35603			6
2025.08.18	01:15:01.754	1.35599	1.35602			6
2025.08.18	01:15:05.469	1.35600	1.35603			6
2025.08.18	01:15:05.796	1.35599	1.35602			6
2025.08.18	01:15:06.097	1.35600	1.35603			6
2025.08.18	01:15:06.417	1.35599	1.35602			6
2025.08.18	01:15:07.032	1.35596	1.35599			6
2025.08.18	01:15:07.955	1.35597	1.35600			6
2025.08.18	01:15:08.276	1.35596	1.35598			6
2025.08.18	01:15:08.582		1.35597			4
2025.08.18	01:15:08.886		1.35598			4
2025.08.18	01:15:11.974		1.35597			4
2025.08.18	01:15:12.280		1.35598			4
2025.08.18	01:15:12.590		1.35599			4
2025.08.18	01:15:12.893		1.35598			4
2025.08.18	01:15:13.516		1.35599			4
2025.08.18	01:15:13.828		1.35598			4
2025.08.18	01:15:14.135		1.35599			4
2025.08.18	01:15:14.748		1.35598			4
2025.08.18	01:15:15.065		1.35599			4
2025.08.18	01:15:15.674	1.35597	1.35600			6
2025.08.18	01:15:15.979	1.35596	1.35599			6
2025.08.18	01:15:16.907	1.35597	1.35600			6
2025.08.18	01:15:17.834	1.35596	1.35599			6
2025.08.18	01:15:19.689		1.35598			4
2025.08.18	01:15:19.992		1.35599			4
2025.08.18	01:15:20.616		1.35598			4
2025.08.18	01:15:20.920		1.35599			4
2025.08.18	01:15:22.773		1.35598			4
2025.08.18	01:15:23.075	1.35597	1.35600			6
2025.08.18	01:15:23.703	1.35596	1.35598			6
2025.08.18	01:15:24.319		1.35599			4
2025.08.18	01:15:25.248	1.35597	1.35600			6
2025.08.18	01:15:25.554	1.35596	1.35599			6
2025.08.18	01:15:26.164	1.35597	1.35600			6
2025.08.18	01:15:26.475	1.35606	1.35607			6
2025.08.18	01:15:26.783	1.35615	1.35617			6
2025.08.18	01:15:27.392		1.35618			4
2025.08.18	01:15:27.708	1.35614	1.35617			6
2025.08.18	01:15:28.013	1.35615				2
2025.08.18	01:15:30.193		1.35618			4
2025.08.18	01:15:30.497	1.35616	1.35619			6
2025.08.18	01:15:30.802	1.35615	1.35618			6
2025.08.18	01:15:32.654	1.35616	1.35619			6
2025.08.18	01:15:34.497	1.35615	1.35618			6
2025.08.18	01:15:35.122	1.35616				2
2025.08.18	01:15:36.977	1.35615				2
2025.08.18	01:15:38.822	1.35616	1.35619			6
2025.08.18	01:15:39.137	1.35615	1.35618			6
2025.08.18	01:15:40.053		1.35617			4
2025.08.18	01:15:40.358		1.35618			4
2025.08.18	01:15:40.676	1.35616	1.35619			6
2025.08.18	01:15:41.289	1.35615	1.35618			6
2025.08.18	01:15:42.531	1.35616	1.35619			6
2025.08.18	01:15:42.840	1.35615	1.35617			6
2025.08.18	01:15:43.148		1.35618			4
2025.08.18	01:15:45.316	1.35623	1.35626			6
2025.08.18	01:15:46.235	1.35622	1.35625			6
2025.08.18	01:15:47.782	1.35621	1.35624			6
2025.08.18	01:15:48.713	1.35622	1.35625			6
2025.08.18	01:15:49.018	1.35621	1.35624			6
2025.08.18	01:15:49.324	1.35622	1.35625			6
2025.08.18	01:15:50.556	1.35621	1.35624			6
2025.08.18	01:15:51.484	1.35622	1.35625			6
2025.08.18	01:15:51.792	1.35621	1.35624			6
2025.08.18	01:15:52.097	1.35622	1.35625			6
2025.08.18	01:15:53.643	1.35621	1.35624			6
2025.08.18	01:15:53.949	1.35622	1.35625			6
2025.08.18	01:15:55.178	1.35621	1.35624			6
2025.08.18	01:15:58.869	1.35622	1.35625			6
2025.08.18	01:15:59.181	1.35621	1.35624			6
2025.08.18	01:16:00.097	1.35621				2
2025.08.18	01:16:01.025	1.35622	1.35625			6
2025.08.18	01:16:06.269	1.35623	1.35626			6
2025.08.18	01:16:08.742	1.35621	1.35624			6
2025.08.18	01:16:09.062	1.35622	1.35625			6
2025.08.18	01:16:09.671	1.35621	1.35624			6
2025.08.18	01:16:12.774	1.35618	1.35621			6
2025.08.18	01:16:13.083	1.35619	1.35622			6
2025.08.18	01:16:13.385	1.35617	1.35620			6
2025.08.18	01:16:14.625	1.35619	1.35622			6
2025.08.18	01:16:14.928	1.35618	1.35621			6
2025.08.18	01:16:15.236	1.35615	1.35618			6
2025.08.18	01:16:15.543		1.35617			4
2025.08.18	01:16:16.172	1.35614				2
2025.08.18	01:16:19.888	1.35612	1.35615			6
2025.08.18	01:16:20.197	1.35611	1.35614			6
2025.08.18	01:16:24.221	1.35612	1.35615			6
2025.08.18	01:16:25.458	1.35611	1.35614			6
2025.08.18	01:16:32.316	1.35612	1.35615			6
2025.08.18	01:16:32.620	1.35611	1.35614			6
2025.08.18	01:16:37.604	1.35612	1.35615			6
2025.08.18	01:16:37.916	1.35611	1.35614			6
2025.08.18	01:16:41.024	1.35612	1.35615			6
2025.08.18	01:16:41.654	1.35611	1.35614			6
2025.08.18	01:16:41.959	1.35612	1.35615			6
2025.08.18	01:16:42.597	1.35611	1.35614			6
2025.08.18	01:16:43.206	1.35612	1.35615			6
2025.08.18	01:16:45.067	1.35611	1.35614			6
2025.08.18	01:16:50.075	1.35612	1.35615			6
2025.08.18	01:16:50.376	1.35627	1.35630			6
2025.08.18	01:16:50.686	1.35626	1.35629			6
2025.08.18	01:16:51.618	1.35620	1.35623			6
2025.08.18	01:16:51.920	1.35619	1.35622			6
2025.08.18	01:16:58.137	1.35620	1.35623			6
2025.08.18	01:16:58.755	1.35622	1.35625			6
2025.08.18	01:17:00.295	1.35622				2
2025.08.18	01:17:05.285	1.35619	1.35622			6
2025.08.18	01:17:06.822	1.35613	1.35616			6
2025.08.18	01:17:08.659	1.35612	1.35615			6
2025.08.18	01:17:09.887	1.35613	1.35616			6
2025.08.18	01:17:10.502	1.35612	1.35615			6
2025.08.18	01:17:10.817	1.35613	1.35616			6
2025.08.18	01:17:12.974	1.35612	1.35615			6
2025.08.18	01:17:14.212	1.35613	1.35616			6
2025.08.18	01:17:14.524	1.35612	1.35615			6
2025.08.18	01:17:17.910	1.35611	1.35614			6
2025.08.18	01:17:34.262	1.35609	1.35612			6
2025.08.18	01:17:35.186	1.35607	1.35610			6
2025.08.18	01:17:35.498	1.35609	1.35612			6
2025.08.18	01:17:42.907	1.35605	1.35608			6
2025.08.18	01:17:43.221	1.35609	1.35612			6
2025.08.18	01:17:46.916	1.35606	1.35609			6
2025.08.18	01:17:55.266	1.35607	1.35610			6
2025.08.18	01:17:55.569	1.35609	1.35612			6
2025.08.18	01:17:57.410	1.35611	1.35614			6
2025.08.18	01:17:58.043	1.35610	1.35613			6
2025.08.18	01:17:58.963	1.35611	1.35614			6
2025.08.18	01:17:59.905	1.35612	1.35615			6
2025.08.18	01:18:00.210	1.35611	1.35614			6
2025.08.18	01:18:01.446	1.35610	1.35613			6
2025.08.18	01:18:02.372	1.35611	1.35614			6
2025.08.18	01:18:14.155	1.35610	1.35613			6
2025.08.18	01:18:15.400	1.35611	1.35614			6
2025.08.18	01:18:16.328	1.35610	1.35613			6
2025.08.18	01:18:17.257	1.35611	1.35614			6
2025.08.18	01:18:17.879	1.35610	1.35613			6
2025.08.18	01:18:19.417	1.35611	1.35614			6
2025.08.18	01:18:19.725	1.35610	1.35613			6
2025.08.18	01:18:20.342	1.35611	1.35614			6
2025.08.18	01:18:20.652	1.35610	1.35613			6
2025.08.18	01:18:23.440	1.35609	1.35612			6
2025.08.18	01:18:30.908	1.35607	1.35610			6
2025.08.18	01:18:31.840	1.35608	1.35611			6
2025.08.18	01:18:33.397	1.35607	1.35610			6
2025.08.18	01:18:33.700	1.35608	1.35611			6
2025.08.18	01:18:49.775	1.35611	1.35614			6
2025.08.18	01:18:50.709	1.35612	1.35615			6
2025.08.18	01:18:51.655	1.35611	1.35614			6
2025.08.18	01:18:53.509	1.35608	1.35611			6
2025.08.18	01:18:53.817	1.35611	1.35614			6
2025.08.18	01:19:00.044	1.35611				2
2025.08.18	01:19:01.594	1.35608	1.35611			6
2025.08.18	01:19:10.594	1.35607	1.35610			6
2025.08.18	01:19:11.526	1.35608	1.35611			6
2025.08.18	01:19:11.834	1.35607	1.35610			6
2025.08.18	01:19:12.144	1.35608	1.35611			6
2025.08.18	01:19:12.459	1.35607	1.35610			6
2025.08.18	01:19:13.084	1.35608	1.35611			6
2025.08.18	01:19:14.016	1.35609	1.35612			6
2025.08.18	01:19:14.322	1.35608	1.35611			6
2025.08.18	01:19:15.573	1.35609	1.35612			6
2025.08.18	01:19:19.616	1.35604	1.35607			6
2025.08.18	01:19:21.469	1.35605	1.35608			6
2025.08.18	01:19:22.405	1.35604	1.35607			6
2025.08.18	01:20:00.081	1.35604				2
2025.08.18	01:20:03.820	1.35607	1.35608			6
2025.08.18	01:20:04.135	1.35603	1.35606			6
2025.08.18	01:20:11.943	1.35604	1.35607			6
2025.08.18	01:20:19.399	1.35603	1.35606			6
2025.08.18	01:20:19.705	1.35604	1.35607			6
2025.08.18	01:20:22.206	1.35603	1.35606			6
2025.08.18	01:20:22.512	1.35604	1.35607			6
2025.08.18	01:20:34.644	1.35605	1.35608			6
2025.08.18	01:20:39.295	1.35604	1.35607			6
2025.08.18	01:21:00.082	1.35604				2
2025.08.18	01:21:05.673	1.35600	1.35603			6
2025.08.18	01:21:19.368	1.35602	1.35605			6
2025.08.18	01:21:20.303	1.35600	1.35603			6
2025.08.18	01:21:22.177	1.35599	1.35600			6
2025.08.18	01:21:22.478	1.35600	1.35602			6
2025.08.18	01:21:25.271		1.35603			4
2025.08.18	01:21:25.893	1.35601	1.35604			6
2025.08.18	01:21:34.040	1.35598	1.35601			6
2025.08.18	01:21:34.983	1.35599	1.35602			6
2025.08.18	01:21:42.437	1.35605	1.35608			6
2025.08.18	01:21:44.590	1.35603	1.35606			6
2025.08.18	01:21:45.210	1.35602	1.35604			6
2025.08.18	01:21:45.513	1.35600	1.35603			6
2025.08.18	01:21:46.767	1.35602	1.35605			6
2025.08.18	01:21:57.612	1.35600	1.35601			6
2025.08.18	01:21:57.916	1.35602	1.35605			6
2025.08.18	01:22:00.075	1.35602				2
2025.08.18	01:22:04.684	1.35601	1.35604			6
2025.08.18	01:22:04.991	1.35600	1.35603			6
2025.08.18	01:22:05.303	1.35601	1.35604			6
2025.08.18	01:22:15.153	1.35600	1.35603			6
2025.08.18	01:22:17.614	1.35602	1.35605			6
2025.08.18	01:22:24.145	1.35604	1.35607			6
2025.08.18	01:22:24.462	1.35603	1.35606			6
2025.08.18	01:22:27.558	1.35604	1.35607			6
2025.08.18	01:22:29.434	1.35602	1.35605			6
2025.08.18	01:22:29.741	1.35601	1.35604			6
2025.08.18	01:22:31.315	1.35602	1.35605			6
2025.08.18	01:22:42.445	1.35600	1.35603			6
2025.08.18	01:22:44.291	1.35602	1.35605			6
2025.08.18	01:22:48.577	1.35604	1.35607			6
2025.08.18	01:22:51.953	1.35603	1.35606			6
2025.08.18	01:22:54.710	1.35601	1.35604			6
2025.08.18	01:22:55.022	1.35600	1.35603			6
2025.08.18	01:22:55.330	1.35601	1.35604			6
2025.08.18	01:23:00.245	1.35601				2
2025.08.18	01:23:01.478	1.35602	1.35605			6
2025.08.18	01:23:24.518	1.35604	1.35607			6
2025.08.18	01:23:32.508	1.35602	1.35605			6
2025.08.18	01:23:33.431	1.35600	1.35603			6
2025.08.18	01:23:34.657	1.35602	1.35605			6
2025.08.18	01:23:48.479	1.35603	1.35606			6
2025.08.18	01:23:49.717	1.35604	1.35607			6
2025.08.18	01:23:59.909	1.35602	1.35605			6
2025.08.18	01:24:00.219	1.35602				2
2025.08.18	01:24:06.696	1.35597	1.35599			6
2025.08.18	01:24:07.318		1.35598			4
2025.08.18	01:24:07.623	1.35598	1.35599			6
2025.08.18	01:24:07.930	1.35597				2
2025.08.18	01:24:08.552	1.35598				2
2025.08.18	01:24:09.486		1.35601			4
2025.08.18	01:24:10.406	1.35599	1.35602			6
2025.08.18	01:24:20.290	1.35598	1.35601			6
2025.08.18	01:24:36.046	1.35602	1.35605			6
2025.08.18	01:24:36.359	1.35600	1.35603			6
2025.08.18	01:24:37.602	1.35599	1.35602			6
2025.08.18	01:25:00.123	1.35599				2
2025.08.18	01:25:02.902	1.35598	1.35601			6
2025.08.18	01:25:03.519	1.35599				2
2025.08.18	01:25:03.832	1.35598				2
2025.08.18	01:25:05.673	1.35599				2
2025.08.18	01:25:05.976	1.35598				2
2025.08.18	01:25:07.824	1.35599				2
2025.08.18	01:25:08.131	1.35598				2
2025.08.18	01:25:20.099	1.35602	1.35605			6
2025.08.18	01:25:42.217		1.35604			4
2025.08.18	01:25:42.522	1.35599	1.35602			6
2025.08.18	01:26:00.040	1.35599				2
2025.08.18	01:26:03.121	1.35602	1.35605			6
2025.08.18	01:26:23.744	1.35597	1.35600			6
2025.08.18	01:26:24.974		1.35598			4
2025.08.18	01:26:35.220	1.35594	1.35597			6
2025.08.18	01:27:00.196	1.35594				2
2025.08.18	01:27:09.173		1.35595			4
2025.08.18	01:27:09.488	1.35593	1.35596			6
2025.08.18	01:27:09.792	1.35592	1.35595			6
2025.08.18	01:27:17.867	1.35589	1.35592			6
2025.08.18	01:27:18.176	1.35591	1.35594			6
2025.08.18	01:27:18.799	1.35592	1.35595			6
2025.08.18	01:27:24.992	1.35594	1.35597			6
2025.08.18	01:28:00.117	1.35594				2
2025.08.18	01:28:25.219		1.35597			4
2025.08.18	01:28:45.301	1.35596	1.35598			6
2025.08.18	01:28:49.321	1.35598	1.35599			6
2025.08.18	01:28:49.625	1.35600	1.35603			6
2025.08.18	01:28:50.547	1.35601	1.35604			6
2025.08.18	01:29:00.165	1.35601				2
2025.08.18	01:29:01.100	1.35603	1.35606			6
2025.08.18	01:29:03.908	1.35600	1.35603			6
2025.08.18	01:29:05.158	1.35599	1.35602			6
2025.08.18	01:29:23.780	1.35600	1.35603			6
2025.08.18	01:29:24.707	1.35602	1.35605			6
2025.08.18	01:29:26.872	1.35604	1.35607			6
2025.08.18	01:29:31.840	1.35602	1.35605			6
2025.08.18	01:29:32.153	1.35604	1.35607			6
2025.08.18	01:29:51.001	1.35602	1.35605			6
2025.08.18	01:29:51.306	1.35604	1.35607			6
2025.08.18	01:30:00.273	1.35604				2
2025.08.18	01:30:08.565	1.35603	1.35606			6
2025.08.18	01:30:08.878	1.35602	1.35605			6
2025.08.18	01:30:09.183	1.35593	1.35596			6
2025.08.18	01:30:15.362	1.35594	1.35597			6
2025.08.18	01:30:19.997	1.35592	1.35595			6
2025.08.18	01:30:23.715	1.35597	1.35598			6
2025.08.18	01:30:28.678	1.35598	1.35599			6
2025.08.18	01:30:28.984	1.35597	1.35598			6
2025.08.18	01:30:30.527	1.35596				2
2025.08.18	01:30:30.829		1.35597			4
2025.08.18	01:30:31.758	1.35594				2
2025.08.18	01:31:00.183	1.35594				2
2025.08.18	01:31:07.918	1.35596	1.35599			6
2025.08.18	01:31:08.233	1.35594	1.35597			6
2025.08.18	01:31:13.192	1.35592	1.35595			6
2025.08.18	01:31:14.748	1.35593	1.35596			6
2025.08.18	01:31:19.083	1.35594	1.35597			6
2025.08.18	01:32:00.177	1.35594				2
2025.08.18	01:32:03.878	1.35603	1.35606			6
2025.08.18	01:32:04.183	1.35608	1.35609			6
2025.08.18	01:32:04.497	1.35609	1.35612			6
2025.08.18	01:32:05.424	1.35611	1.35614			6
2025.08.18	01:32:06.964	1.35612	1.35615			6
2025.08.18	01:32:52.001	1.35622	1.35625			6
2025.08.18	01:32:52.307	1.35623	1.35626			6
2025.08.18	01:32:52.933	1.35625	1.35627			6
2025.08.18	01:33:00.067	1.35625				2
2025.08.18	01:33:03.765	1.35628	1.35629			6
2025.08.18	01:33:04.075		1.35631			4
2025.08.18	01:33:05.009	1.35629				2
2025.08.18	01:33:19.480	1.35628	1.35630			6
2025.08.18	01:33:19.797	1.35629				2
2025.08.18	01:33:21.959	1.35628	1.35629			6
2025.08.18	01:33:22.264	1.35629	1.35630			6
2025.08.18	01:33:42.692	1.35628	1.35629			6
2025.08.18	01:33:42.996	1.35629	1.35630			6
2025.08.18	01:33:45.158	1.35628	1.35629			6
2025.08.18	01:33:45.470	1.35629	1.35630			6
2025.08.18	01:33:46.384	1.35628	1.35629			6
2025.08.18	01:33:50.993	1.35627	1.35628			6
2025.08.18	01:34:00.221	1.35624	1.35625			6
2025.08.18	01:34:01.143	1.35625	1.35626			6
2025.08.18	01:34:01.757	1.35624	1.35625			6
2025.08.18	01:34:02.058	1.35622	1.35623			6
2025.08.18	01:34:07.902	1.35623	1.35624			6
2025.08.18	01:34:18.638	1.35613	1.35615			6
2025.08.18	01:34:28.777	1.35614	1.35617			6
2025.08.18	01:34:45.955	1.35613	1.35615			6
2025.08.18	01:35:00.089	1.35613				2
2025.08.18	01:35:17.965	1.35610	1.35611			6
2025.08.18	01:35:18.577	1.35605	1.35608			6
2025.08.18	01:35:19.820	1.35604	1.35607			6
2025.08.18	01:35:26.888	1.35607	1.35608			6
2025.08.18	01:35:27.203	1.35605				2
2025.08.18	01:35:28.736	1.35604	1.35607			6
2025.08.18	01:35:43.176	1.35602	1.35605			6
2025.08.18	01:35:52.163	1.35601	1.35604			6
2025.08.18	01:36:00.232	1.35601				2
2025.08.18	01:36:03.941	1.35603	1.35606			6
2025.08.18	01:36:04.248	1.35601	1.35604			6
2025.08.18	01:36:17.231	1.35602	1.35605			6
2025.08.18	01:36:34.791	1.35600	1.35602			6
2025.08.18	01:36:36.014	1.35599				2
2025.08.18	01:37:00.070	1.35599				2
2025.08.18	01:37:21.772	1.35600	1.35603			6
2025.08.18	01:37:22.691	1.35601	1.35604			6
2025.08.18	01:37:23.630		1.35603			4
2025.08.18	01:37:24.864	1.35599	1.35602			6
2025.08.18	01:37:34.780	1.35601	1.35604			6
2025.08.18	01:37:35.707	1.35602	1.35605			6
2025.08.18	01:37:36.023		1.35604			4
2025.08.18	01:37:36.949	1.35603	1.35606			6
2025.08.18	01:37:40.354		1.35605			4
2025.08.18	01:37:40.972		1.35604			4
2025.08.18	01:37:41.280	1.35601	1.35603			6
2025.08.18	01:37:41.595	1.35600				2
2025.08.18	01:37:42.216	1.35599	1.35602			6
2025.08.18	01:38:00.216	1.35599				2
2025.08.18	01:38:11.966	1.35595	1.35598			6
2025.08.18	01:38:12.582	1.35594	1.35597			6
2025.08.18	01:38:21.549	1.35593	1.35596			6
2025.08.18	01:38:22.789	1.35594	1.35597			6
2025.08.18	01:38:23.708	1.35593	1.35596			6
2025.08.18	01:38:35.405	1.35594	1.35597			6
2025.08.18	01:38:40.656	1.35593	1.35596			6
2025.08.18	01:38:40.970	1.35594	1.35597			6
2025.08.18	01:39:00.184	1.35594				2
2025.08.18	01:39:41.122		1.35597			4
2025.08.18	01:39:45.137	1.35593	1.35596			6
2025.08.18	01:40:00.004	1.35593				2
2025.08.18	01:40:01.241	1.35590	1.35592			6
2025.08.18	01:40:02.486	1.35589				2
2025.08.18	01:40:40.530	1.35590	1.35593			6
2025.08.18	01:40:40.839	1.35589	1.35592			6
2025.08.18	01:40:43.320	1.35591	1.35593			6
2025.08.18	01:40:43.629		1.35594			4
2025.08.18	01:40:46.112	1.35592	1.35595			6
2025.08.18	01:40:50.744	1.35590	1.35593			6
2025.08.18	01:40:51.060	1.35589	1.35592			6
2025.08.18	01:41:00.037	1.35589				2
2025.08.18	01:41:20.918	1.35591	1.35594			6
2025.08.18	01:41:21.830	1.35592	1.35595			6
2025.08.18	01:41:26.441	1.35589	1.35592			6
2025.08.18	01:41:31.667	1.35591	1.35594			6
2025.08.18	01:41:32.599	1.35592	1.35595			6
2025.08.18	01:41:33.836	1.35593	1.35596			6
2025.08.18	01:41:52.671	1.35603	1.35606			6
2025.08.18	01:41:52.981	1.35604	1.35607			6
2025.08.18	01:41:53.285	1.35602	1.35605			6
2025.08.18	01:41:54.229	1.35603	1.35606			6
2025.08.18	01:41:56.088	1.35602	1.35605			6
2025.08.18	01:42:00.109	1.35602				2
2025.08.18	01:42:01.041	1.35603	1.35606			6
2025.08.18	01:42:02.594	1.35602	1.35605			6
2025.08.18	01:42:21.463	1.35603	1.35606			6
2025.08.18	01:42:21.769	1.35602	1.35605			6
2025.08.18	01:42:34.498	1.35603	1.35606			6
2025.08.18	01:42:35.749	1.35602	1.35605			6
2025.08.18	01:42:36.053	1.35603	1.35606			6
2025.08.18	01:43:00.151	1.35603				2
2025.08.18	01:43:26.842		1.35604			4
2025.08.18	01:43:27.148		1.35606			4
2025.08.18	01:43:29.016		1.35604			4
2025.08.18	01:43:29.320		1.35606			4
2025.08.18	01:43:35.239		1.35605			4
2025.08.18	01:43:35.550		1.35606			4
2025.08.18	01:43:39.857	1.35601	1.35604			6
2025.08.18	01:43:40.163	1.35603	1.35606			6
2025.08.18	01:43:42.659	1.35601	1.35604			6
2025.08.18	01:43:43.592	1.35603	1.35605			6
2025.08.18	01:43:43.895		1.35606			4
2025.08.18	01:43:45.133		1.35605			4
2025.08.18	01:43:45.452		1.35606			4
2025.08.18	01:44:00.060	1.35603				2
2025.08.18	01:44:45.760		1.35606			4
2025.08.18	01:44:48.520	1.35601	1.35604			6
2025.08.18	01:44:48.825	1.35603	1.35606			6
2025.08.18	01:44:55.699	1.35601	1.35604			6
2025.08.18	01:44:56.628	1.35602	1.35605			6
2025.08.18	01:44:57.559	1.35599	1.35602			6
2025.08.18	01:44:58.495	1.35602	1.35605			6
2025.08.18	01:44:58.807	1.35600	1.35603			6
2025.08.18	01:44:59.131	1.35602	1.35605			6
2025.08.18	01:45:00.054	1.35602				2
2025.08.18	01:45:00.358	1.35603	1.35606			6
2025.08.18	01:45:01.923	1.35597	1.35598			6
2025.08.18	01:45:02.227	1.35591	1.35594			6
2025.08.18	01:45:03.478	1.35590	1.35593			6
2025.08.18	01:45:04.411		1.35592			4
2025.08.18	01:45:19.653	1.35589	1.35591			6
2025.08.18	01:45:20.582		1.35590			4
2025.08.18	01:46:00.237	1.35589				2
2025.08.18	01:46:00.557	1.35590	1.35592			6
2025.08.18	01:46:10.846	1.35589				2
2025.08.18	01:46:22.993		1.35590			4
2025.08.18	01:46:23.303		1.35592			4
2025.08.18	01:46:40.135	1.35591	1.35594			6
2025.08.18	01:46:41.071	1.35592	1.35595			6
2025.08.18	01:46:52.913	1.35593	1.35596			6
2025.08.18	01:46:59.722	1.35595	1.35598			6
2025.08.18	01:47:00.042	1.35593	1.35596			6
2025.08.18	01:47:30.381	1.35590	1.35593			6
2025.08.18	01:47:31.615	1.35589	1.35592			6
2025.08.18	01:47:33.472	1.35590	1.35593			6
2025.08.18	01:47:33.790	1.35589	1.35592			6
2025.08.18	01:47:42.500	1.35594	1.35597			6
2025.08.18	01:47:46.252	1.35597	1.35600			6
2025.08.18	01:47:46.562	1.35594	1.35597			6
2025.08.18	01:47:49.032	1.35595				2
2025.08.18	01:48:00.205	1.35595				2
2025.08.18	01:48:06.384	1.35594	1.35596			6
2025.08.18	01:48:06.687	1.35598	1.35601			6
2025.08.18	01:48:07.939	1.35597	1.35600			6
2025.08.18	01:48:08.554	1.35596	1.35599			6
2025.08.18	01:48:14.435		1.35598			4
2025.08.18	01:48:42.051	1.35594	1.35597			6
2025.08.18	01:48:42.354	1.35593	1.35596			6
2025.08.18	01:48:43.588	1.35594	1.35597			6
2025.08.18	01:49:00.074	1.35594				2
2025.08.18	01:49:22.193	1.35593	1.35596			6
2025.08.18	01:49:22.503	1.35594	1.35597			6
2025.08.18	01:50:00.246	1.35594				2
2025.08.18	01:50:09.874	1.35600	1.35603			6
2025.08.18	01:50:10.194	1.35599	1.35602			6
2025.08.18	01:50:10.501	1.35595	1.35598			6
2025.08.18	01:50:10.805	1.35596	1.35599			6
2025.08.18	01:50:11.743	1.35595	1.35598			6
2025.08.18	01:50:43.747	1.35593	1.35596			6
2025.08.18	01:50:44.051	1.35595	1.35598			6
2025.08.18	01:50:58.314	1.35597	1.35600			6
2025.08.18	01:50:58.619	1.35595	1.35598			6
2025.08.18	01:51:00.165	1.35595				2
2025.08.18	01:51:25.517	1.35594	1.35597			6
2025.08.18	01:51:38.168	1.35592	1.35595			6
2025.08.18	01:51:38.483	1.35590	1.35593			6
2025.08.18	01:51:39.416	1.35589	1.35592			6
2025.08.18	01:51:45.311	1.35587	1.35589			6
2025.08.18	01:51:46.560		1.35588			4
2025.08.18	01:51:47.811		1.35589			4
2025.08.18	01:51:50.931	1.35588	1.35591			6
2025.08.18	01:51:59.004		1.35589			4
2025.08.18	01:51:59.309		1.35591			4
2025.08.18	01:52:00.230	1.35588				2
2025.08.18	01:52:09.460		1.35590			4
2025.08.18	01:52:10.387		1.35589			4
2025.08.18	01:52:23.679	1.35587				2
2025.08.18	01:52:48.658	1.35588				2
2025.08.18	01:53:00.073	1.35588				2
2025.08.18	01:53:05.608		1.35591			4
2025.08.18	01:53:11.157	1.35592	1.35593			6
2025.08.18	01:53:11.464	1.35599	1.35602			6
2025.08.18	01:53:12.703	1.35597	1.35600			6
2025.08.18	01:53:13.322		1.35599			4
2025.08.18	01:53:13.625	1.35598	1.35601			6
2025.08.18	01:53:16.703	1.35599	1.35602			6
2025.08.18	01:53:17.009	1.35598	1.35601			6
2025.08.18	01:53:17.310	1.35599	1.35602			6
2025.08.18	01:53:17.621	1.35598	1.35601			6
2025.08.18	01:53:20.397	1.35599	1.35602			6
2025.08.18	01:53:28.689	1.35597	1.35599			6
2025.08.18	01:53:29.001	1.35599	1.35602			6
2025.08.18	01:53:54.854	1.35598	1.35601			6
2025.08.18	01:53:55.157	1.35594	1.35597			6
2025.08.18	01:53:56.393	1.35595	1.35598			6
2025.08.18	01:53:56.711	1.35594	1.35597			6
2025.08.18	01:53:59.184	1.35596	1.35599			6
2025.08.18	01:53:59.497	1.35594	1.35597			6
2025.08.18	01:54:00.121	1.35594				2
2025.08.18	01:54:11.557	1.35593	1.35596			6
2025.08.18	01:54:24.584	1.35594	1.35597			6
2025.08.18	01:54:55.152		1.35596			4
2025.08.18	01:54:58.838	1.35593				2
2025.08.18	01:55:00.078	1.35593				2
2025.08.18	01:55:03.167	1.35594	1.35597			6
2025.08.18	01:55:33.157	1.35598	1.35601			6
2025.08.18	01:55:35.333	1.35599				2
2025.08.18	01:55:37.515		1.35602			4
2025.08.18	01:55:43.722	1.35601	1.35604			6
2025.08.18	01:55:44.346	1.35602				2
2025.08.18	01:55:44.652	1.35600	1.35603			6
2025.08.18	01:55:44.954	1.35599	1.35602			6
2025.08.18	01:55:45.257	1.35600	1.35603			6
2025.08.18	01:55:45.881	1.35601	1.35604			6
2025.08.18	01:55:46.182	1.35600	1.35603			6
2025.08.18	01:55:46.492	1.35602	1.35605			6
2025.08.18	01:55:46.803	1.35599	1.35602			6
2025.08.18	01:55:47.108	1.35600	1.35603			6
2025.08.18	01:55:48.338	1.35601	1.35604			6
2025.08.18	01:55:48.646	1.35600	1.35603			6
2025.08.18	01:55:49.266	1.35603	1.35606			6
2025.08.18	01:55:49.568	1.35600	1.35603			6
2025.08.18	01:55:51.420	1.35603	1.35604			6
2025.08.18	01:55:51.723	1.35600	1.35603			6
2025.08.18	01:55:52.654	1.35601	1.35604			6
2025.08.18	01:55:53.583	1.35602	1.35605			6
2025.08.18	01:55:53.892	1.35600	1.35603			6
2025.08.18	01:55:54.816	1.35599	1.35602			6
2025.08.18	01:55:55.126	1.35601	1.35604			6
2025.08.18	01:55:56.048	1.35600	1.35603			6
2025.08.18	01:55:57.276	1.35599	1.35602			6
2025.08.18	01:56:00.066	1.35599				2
2025.08.18	01:56:14.990	1.35597	1.35600			6
2025.08.18	01:56:15.296	1.35599	1.35602			6
2025.08.18	01:56:22.147	1.35594	1.35597			6
2025.08.18	01:57:00.149	1.35594				2
2025.08.18	01:57:08.828	1.35596	1.35599			6
2025.08.18	01:57:09.769	1.35598	1.35601			6
2025.08.18	01:57:10.382	1.35599	1.35602			6
2025.08.18	01:57:15.349	1.35604	1.35606			6
2025.08.18	01:57:16.589	1.35601	1.35604			6
2025.08.18	01:57:17.210	1.35602	1.35605			6
2025.08.18	01:57:17.513	1.35603	1.35606			6
2025.08.18	01:57:18.755	1.35604	1.35607			6
2025.08.18	01:57:32.982	1.35608	1.35611			6
2025.08.18	01:57:33.606	1.35607	1.35610			6
2025.08.18	01:57:33.922	1.35608	1.35611			6
2025.08.18	01:57:38.243	1.35612	1.35615			6
2025.08.18	01:57:39.477	1.35614	1.35617			6
2025.08.18	01:57:39.790		1.35616			4
2025.08.18	01:57:40.098		1.35617			4
2025.08.18	01:57:44.755	1.35612	1.35615			6
2025.08.18	01:57:45.064	1.35614	1.35617			6
2025.08.18	01:58:00.169	1.35614				2
2025.08.18	01:58:01.086	1.35615	1.35618			6
2025.08.18	01:58:02.936	1.35617	1.35620			6
2025.08.18	01:58:16.483	1.35615	1.35618			6
2025.08.18	01:58:16.781	1.35616	1.35619			6
2025.08.18	01:58:18.330	1.35615	1.35618			6
2025.08.18	01:58:36.548	1.35612	1.35615			6
2025.08.18	01:58:56.939	1.35609	1.35612			6
2025.08.18	01:59:00.036	1.35609				2
2025.08.18	01:59:04.017	1.35611	1.35614			6
2025.08.18	01:59:05.272	1.35613	1.35616			6
2025.08.18	01:59:06.499	1.35612	1.35615			6
2025.08.18	01:59:06.804	1.35610	1.35613			6
2025.08.18	01:59:08.038	1.35609	1.35612			6
2025.08.18	01:59:12.384	1.35611	1.35614			6
2025.08.18	01:59:12.694	1.35610	1.35613			6
2025.08.18	01:59:14.247	1.35609	1.35612			6
2025.08.18	01:59:14.554	1.35611	1.35614			6
2025.08.18	01:59:15.498	1.35612	1.35615			6
2025.08.18	01:59:15.803	1.35610	1.35613			6
2025.08.18	01:59:16.734	1.35611	1.35614			6
2025.08.18	01:59:17.977	1.35610	1.35613			6
2025.08.18	01:59:18.910	1.35609	1.35612			6
2025.08.18	01:59:19.216	1.35610	1.35613			6
2025.08.18	01:59:20.773	1.35613	1.35616			6
2025.08.18	01:59:21.086	1.35609	1.35612			6
2025.08.18	01:59:28.451	1.35612	1.35615			6
2025.08.18	01:59:29.380	1.35609	1.35612			6
2025.08.18	01:59:29.991	1.35614	1.35616			6
2025.08.18	01:59:30.309	1.35613				2
2025.08.18	01:59:30.918	1.35615	1.35617			6
2025.08.18	01:59:31.234	1.35614				2
2025.08.18	01:59:56.540	1.35613	1.35616			6
2025.08.18	01:59:57.470	1.35614	1.35617			6
2025.08.18	02:00:00.270	1.35616	1.35619			6
2025.08.18	02:00:01.834	1.35615	1.35618			6
2025.08.18	02:00:02.151	1.35614	1.35617			6
2025.08.18	02:00:04.023	1.35615	1.35618			6
2025.08.18	02:00:06.183	1.35614	1.35617			6
2025.08.18	02:00:10.208	1.35615	1.35618			6
2025.08.18	02:00:11.772	1.35614	1.35617			6
2025.08.18	02:00:13.324	1.35615	1.35618			6
2025.08.18	02:00:15.179	1.35614	1.35617			6
2025.08.18	02:00:19.198	1.35615	1.35618			6
2025.08.18	02:00:19.811	1.35614	1.35617			6
2025.08.18	02:00:23.217	1.35615	1.35618			6
2025.08.18	02:00:23.525	1.35614	1.35617			6
2025.08.18	02:00:31.557	1.35615	1.35618			6
2025.08.18	02:00:37.463	1.35614	1.35617			6
2025.08.18	02:00:39.019	1.35615	1.35618			6
2025.08.18	02:00:42.104	1.35613	1.35616			6
2025.08.18	02:00:42.426	1.35615	1.35618			6
2025.08.18	02:00:43.966	1.35614	1.35617			6
2025.08.18	02:00:45.517	1.35615	1.35618			6
2025.08.18	02:00:48.624	1.35614	1.35617			6
2025.08.18	02:00:52.048	1.35615	1.35618			6
2025.08.18	02:00:59.177	1.35619	1.35622			6
2025.08.18	02:01:00.110	1.35619				2
2025.08.18	02:01:03.217	1.35620	1.35623			6
2025.08.18	02:01:06.340	1.35619	1.35622			6
2025.08.18	02:01:11.020	1.35621	1.35624			6
2025.08.18	02:01:11.336	1.35619	1.35622			6
2025.08.18	02:01:15.677	1.35617	1.35620			6
2025.08.18	02:01:16.605	1.35615	1.35618			6
2025.08.18	02:01:18.148	1.35614	1.35617			6
2025.08.18	02:01:21.225	1.35615	1.35618			6
2025.08.18	02:01:21.847	1.35617				2
2025.08.18	02:01:22.164		1.35619			4
2025.08.18	02:01:25.252	1.35615	1.35618			6
2025.08.18	02:01:36.346		1.35617			4
2025.08.18	02:01:37.572		1.35618			4
2025.08.18	02:01:40.351	1.35618	1.35621			6
2025.08.18	02:01:41.577		1.35620			4
2025.08.18	02:01:42.200	1.35619	1.35622			6
2025.08.18	02:01:44.976	1.35620	1.35623			6
2025.08.18	02:01:45.602	1.35616	1.35619			6
2025.08.18	02:01:45.905	1.35617				2
2025.08.18	02:01:55.221	1.35614	1.35617			6
2025.08.18	02:02:00.184	1.35614				2
2025.08.18	02:02:13.163	1.35611	1.35614			6
2025.08.18	02:02:13.467	1.35612	1.35615			6
2025.08.18	02:02:14.395	1.35613	1.35616			6
2025.08.18	02:02:18.707	1.35621	1.35624			6
2025.08.18	02:02:20.249	1.35615	1.35618			6
2025.08.18	02:02:20.566	1.35614	1.35617			6
2025.08.18	02:02:21.497	1.35615	1.35618			6
2025.08.18	02:02:22.735	1.35616	1.35619			6
2025.08.18	02:02:24.280	1.35615	1.35618			6
2025.08.18	02:02:26.143	1.35614	1.35617			6
2025.08.18	02:02:26.451	1.35615	1.35618			6
2025.08.18	02:02:28.006	1.35614	1.35617			6
2025.08.18	02:02:29.564	1.35615	1.35618			6
2025.08.18	02:02:30.177	1.35614	1.35617			6
2025.08.18	02:02:44.063	1.35610	1.35613			6
2025.08.18	02:02:44.371	1.35609	1.35612			6
2025.08.18	02:02:45.602	1.35611	1.35613			6
2025.08.18	02:02:45.908	1.35609	1.35612			6
2025.08.18	02:02:46.526	1.35606	1.35609			6
2025.08.18	02:02:47.156	1.35605	1.35608			6
2025.08.18	02:02:49.004	1.35604	1.35607			6
2025.08.18	02:02:54.898	1.35605				2
2025.08.18	02:02:56.741	1.35604				2
2025.08.18	02:02:57.352	1.35603	1.35606			6
2025.08.18	02:02:59.190	1.35601	1.35604			6
2025.08.18	02:02:59.498	1.35604	1.35607			6
2025.08.18	02:02:59.815	1.35602	1.35605			6
2025.08.18	02:03:00.119	1.35602				2
2025.08.18	02:03:00.427	1.35603	1.35606			6
2025.08.18	02:03:00.745	1.35602	1.35605			6
2025.08.18	02:03:05.702	1.35601	1.35604			6
2025.08.18	02:03:16.817	1.35600	1.35603			6
2025.08.18	02:03:19.597	1.35599	1.35602			6
2025.08.18	02:03:19.907	1.35600	1.35603			6
2025.08.18	02:03:20.527	1.35599	1.35602			6
2025.08.18	02:03:21.445	1.35600	1.35603			6
2025.08.18	02:03:27.279	1.35596	1.35599			6
2025.08.18	02:03:29.123	1.35595	1.35598			6
2025.08.18	02:03:31.268	1.35596	1.35599			6
2025.08.18	02:03:32.501	1.35595	1.35598			6
2025.08.18	02:03:34.957	1.35594	1.35596			6
2025.08.18	02:03:35.259	1.35595	1.35598			6
2025.08.18	02:03:50.658	1.35592	1.35595			6
2025.08.18	02:03:58.664	1.35591	1.35594			6
2025.08.18	02:04:00.202	1.35591				2
2025.08.18	02:04:04.518	1.35592	1.35595			6
2025.08.18	02:04:05.451	1.35591	1.35594			6
2025.08.18	02:04:06.685	1.35589	1.35592			6
2025.08.18	02:04:20.257	1.35588	1.35591			6
2025.08.18	02:04:21.186	1.35587	1.35590			6
2025.08.18	02:04:26.138	1.35585	1.35588			6
2025.08.18	02:04:29.519	1.35584	1.35587			6
2025.08.18	02:04:30.756	1.35582	1.35585			6
2025.08.18	02:04:31.058		1.35584			4
2025.08.18	02:04:31.670	1.35581				2
2025.08.18	02:04:43.972	1.35580	1.35583			6
2025.08.18	02:04:46.135	1.35579	1.35582			6
2025.08.18	02:04:46.759	1.35575	1.35578			6
2025.08.18	02:04:48.297	1.35576	1.35579			6
2025.08.18	02:04:49.211	1.35575	1.35578			6
2025.08.18	02:04:49.523	1.35574	1.35577			6
2025.08.18	02:04:49.827	1.35573	1.35576			6
2025.08.18	02:04:56.431	1.35572	1.35575			6
2025.08.18	02:05:00.160	1.35572				2
2025.08.18	02:05:00.466	1.35575	1.35578			6
2025.08.18	02:05:01.400	1.35574	1.35577			6
2025.08.18	02:05:01.705	1.35575	1.35578			6
2025.08.18	02:05:06.314	1.35578	1.35579			6
2025.08.18	02:05:06.619	1.35575	1.35578			6
2025.08.18	02:05:11.276	1.35574	1.35577			6
2025.08.18	02:05:12.514	1.35572	1.35575			6
2025.08.18	02:05:20.540	1.35570	1.35573			6
2025.08.18	02:05:21.789	1.35569	1.35572			6
2025.08.18	02:05:25.521	1.35570	1.35573			6
2025.08.18	02:05:27.704	1.35571	1.35574			6
2025.08.18	02:05:29.012	1.35570	1.35573			6
2025.08.18	02:05:33.992	1.35572	1.35575			6
2025.08.18	02:05:34.316	1.35573	1.35576			6
2025.08.18	02:05:34.625	1.35572	1.35575			6
2025.08.18	02:05:35.878	1.35571	1.35574			6
2025.08.18	02:05:41.783	1.35573	1.35576			6
2025.08.18	02:05:42.084	1.35574	1.35577			6
2025.08.18	02:05:53.891	1.35575	1.35578			6
2025.08.18	02:05:57.579	1.35572	1.35575			6
2025.08.18	02:05:59.743	1.35575	1.35578			6
2025.08.18	02:06:00.046	1.35579	1.35582			6
2025.08.18	02:06:00.660	1.35578	1.35581			6
2025.08.18	02:06:02.224	1.35579	1.35582			6
2025.08.18	02:06:07.776	1.35580	1.35583			6
2025.08.18	02:06:09.935	1.35579	1.35582			6
2025.08.18	02:06:14.549	1.35575	1.35578			6
2025.08.18	02:06:14.857	1.35574	1.35577			6
2025.08.18	02:06:17.318	1.35572	1.35575			6
2025.08.18	02:06:21.339	1.35571	1.35574			6
2025.08.18	02:06:21.640		1.35573			4
2025.08.18	02:06:22.575		1.35574			4
2025.08.18	02:06:24.741	1.35570	1.35573			6
2025.08.18	02:06:27.212	1.35569	1.35572			6
2025.08.18	02:06:28.443		1.35571			4
2025.08.18	02:06:31.527	1.35571	1.35574			6
2025.08.18	02:06:31.843	1.35574	1.35577			6
2025.08.18	02:06:32.761	1.35575	1.35578			6
2025.08.18	02:06:33.078	1.35574	1.35577			6
2025.08.18	02:06:35.848	1.35572	1.35575			6
2025.08.18	02:06:36.161	1.35574	1.35577			6
2025.08.18	02:06:37.699	1.35573	1.35576			6
2025.08.18	02:06:38.931	1.35572	1.35575			6
2025.08.18	02:06:45.726	1.35573	1.35576			6
2025.08.18	02:06:46.339	1.35574	1.35577			6
2025.08.18	02:06:46.964	1.35575	1.35578			6
2025.08.18	02:06:47.270	1.35574	1.35577			6
2025.08.18	02:06:48.209	1.35576	1.35579			6
2025.08.18	02:06:49.443	1.35575	1.35578			6
2025.08.18	02:06:52.216	1.35581	1.35584			6
2025.08.18	02:06:53.153	1.35580	1.35583			6
2025.08.18	02:06:54.385	1.35582	1.35585			6
2025.08.18	02:07:00.261	1.35582				2
2025.08.18	02:07:10.754	1.35586	1.35589			6
2025.08.18	02:07:11.062	1.35585	1.35588			6
2025.08.18	02:07:20.604	1.35586	1.35589			6
2025.08.18	02:07:27.100	1.35589	1.35592			6
2025.08.18	02:07:27.411	1.35587	1.35590			6
2025.08.18	02:07:28.351	1.35588	1.35591			6
2025.08.18	02:07:28.657	1.35589	1.35592			6
2025.08.18	02:07:36.446	1.35590	1.35593			6
2025.08.18	02:07:37.689	1.35589	1.35592			6
2025.08.18	02:07:40.787	1.35590	1.35593			6
2025.08.18	02:07:42.030	1.35589	1.35592			6
2025.08.18	02:07:46.638	1.35590	1.35593			6
2025.08.18	02:08:00.166	1.35590				2
2025.08.18	02:08:13.412	1.35594	1.35595			6
2025.08.18	02:08:13.729	1.35590	1.35593			6
2025.08.18	02:08:14.964	1.35593	1.35596			6
2025.08.18	02:08:15.266		1.35595			4
2025.08.18	02:08:22.102	1.35591	1.35594			6
2025.08.18	02:08:22.409	1.35586	1.35589			6
2025.08.18	02:08:23.036	1.35585	1.35588			6
2025.08.18	02:08:40.929	1.35586	1.35589			6
2025.08.18	02:08:50.492	1.35583	1.35585			6
2025.08.18	02:09:00.116	1.35583				2
2025.08.18	02:09:00.738	1.35582				2
2025.08.18	02:09:09.398		1.35583			4
2025.08.18	02:09:09.709		1.35585			4
2025.08.18	02:09:10.950	1.35583				2
2025.08.18	02:09:17.121		1.35586			4
2025.08.18	02:09:21.439		1.35585			4
2025.08.18	02:09:21.748		1.35586			4
2025.08.18	02:09:27.616	1.35586	1.35589			6
2025.08.18	02:09:38.127	1.35585	1.35588			6
2025.08.18	02:09:40.293	1.35586	1.35589			6
2025.08.18	02:09:41.528	1.35585	1.35588			6
2025.08.18	02:09:57.240	1.35587	1.35590			6
2025.08.18	02:09:57.544		1.35589			4
2025.08.18	02:09:58.776		1.35590			4
2025.08.18	02:09:59.084	1.35588	1.35591			6
2025.08.18	02:10:00.011	1.35588				2
2025.08.18	02:10:13.589	1.35587	1.35588			6
2025.08.18	02:10:13.895	1.35588	1.35591			6
2025.08.18	02:11:00.282	1.35588				2
2025.08.18	02:11:02.159	1.35590	1.35593			6
2025.08.18	02:11:06.196	1.35592				2
2025.08.18	02:11:06.518	1.35590				2
2025.08.18	02:11:35.380	1.35586	1.35589			6
2025.08.18	02:11:35.684	1.35583	1.35586			6
2025.08.18	02:11:36.619	1.35582	1.35585			6
2025.08.18	02:11:37.558	1.35581	1.35584			6
2025.08.18	02:11:46.242	1.35583	1.35586			6
2025.08.18	02:11:46.545	1.35581	1.35584			6
2025.08.18	02:11:49.951	1.35580	1.35583			6
2025.08.18	02:11:50.893	1.35579	1.35582			6
2025.08.18	02:11:54.300		1.35580			4
2025.08.18	02:11:54.619		1.35582			4
2025.08.18	02:11:58.334	1.35578	1.35581			6
2025.08.18	02:11:58.640	1.35579				2
2025.08.18	02:12:00.206	1.35579				2
2025.08.18	02:12:06.703	1.35578				2
2025.08.18	02:12:08.577	1.35579				2
2025.08.18	02:12:08.883	1.35578				2
2025.08.18	02:12:10.741	1.35576	1.35579			6
2025.08.18	02:12:11.048	1.35575	1.35578			6
2025.08.18	02:12:11.668	1.35576	1.35579			6
2025.08.18	02:12:12.278	1.35575	1.35578			6
2025.08.18	02:12:33.940	1.35578	1.35581			6
2025.08.18	02:12:48.531		1.35580			4
2025.08.18	02:12:48.847		1.35581			4
2025.08.18	02:12:58.477	1.35581	1.35584			6
2025.08.18	02:12:58.781	1.35584	1.35587			6
2025.08.18	02:12:59.710	1.35583	1.35586			6
2025.08.18	02:13:00.029	1.35584	1.35587			6
2025.08.18	02:13:03.442	1.35583	1.35586			6
2025.08.18	02:13:06.551	1.35584	1.35587			6
2025.08.18	02:13:12.763	1.35586	1.35588			6
2025.08.18	02:13:13.081	1.35584	1.35587			6
2025.08.18	02:13:17.385	1.35585				2
2025.08.18	02:13:20.494	1.35584				2
2025.08.18	02:13:23.904	1.35586	1.35588			6
2025.08.18	02:13:24.217	1.35584	1.35587			6
2025.08.18	02:13:26.081	1.35582	1.35585			6
2025.08.18	02:13:27.004	1.35581	1.35584			6
2025.08.18	02:13:57.023	1.35582	1.35585			6
2025.08.18	02:13:57.330	1.35581	1.35584			6
2025.08.18	02:13:58.560	1.35582	1.35585			6
2025.08.18	02:13:59.489	1.35581	1.35584			6
2025.08.18	02:14:00.112	1.35581				2
2025.08.18	02:14:08.476	1.35577	1.35580			6
2025.08.18	02:14:09.395	1.35576	1.35579			6
2025.08.18	02:14:09.703	1.35575	1.35578			6
2025.08.18	02:14:10.948	1.35576	1.35579			6
2025.08.18	02:14:23.921	1.35573	1.35576			6
2025.08.18	02:14:24.223	1.35572	1.35575			6
2025.08.18	02:14:33.196	1.35571	1.35574			6
2025.08.18	02:14:34.119	1.35572	1.35575			6
2025.08.18	02:14:35.670	1.35573	1.35576			6
2025.08.18	02:14:35.979	1.35574	1.35577			6
2025.08.18	02:14:53.931	1.35573	1.35576			6
2025.08.18	02:14:54.540	1.35574	1.35577			6
2025.08.18	02:14:55.163	1.35575				2
2025.08.18	02:14:55.476	1.35574				2
2025.08.18	02:15:00.105	1.35574				2
2025.08.18	02:15:07.216	1.35572	1.35575			6
2025.08.18	02:15:08.144	1.35573	1.35576			6
2025.08.18	02:15:12.783		1.35575			4
2025.08.18	02:15:13.401		1.35576			4
2025.08.18	02:15:35.107	1.35574				2
2025.08.18	02:15:43.149		1.35577			4
2025.08.18	02:15:44.379	1.35575				2
2025.08.18	02:15:55.479	1.35576	1.35579			6
2025.08.18	02:16:00.142	1.35576				2
2025.08.18	02:16:00.765	1.35572	1.35575			6
2025.08.18	02:16:01.073	1.35573	1.35576			6
2025.08.18	02:16:15.057	1.35571	1.35574			6
2025.08.18	02:16:15.363	1.35573	1.35576			6
2025.08.18	02:16:16.929	1.35572	1.35575			6
2025.08.18	02:16:20.962		1.35574			4
2025.08.18	02:16:27.804	1.35570	1.35573			6
2025.08.18	02:16:28.117	1.35572	1.35574			6
2025.08.18	02:16:34.644	1.35570	1.35573			6
2025.08.18	02:16:35.891		1.35572			4
2025.08.18	02:16:41.485	1.35569				2
2025.08.18	02:16:41.788	1.35566	1.35569			6
2025.08.18	02:16:42.108	1.35565	1.35568			6
2025.08.18	02:16:42.733	1.35564	1.35567			6
2025.08.18	02:16:43.048	1.35565	1.35568			6
2025.08.18	02:16:43.982	1.35564	1.35567			6
2025.08.18	02:16:54.213	1.35565	1.35568			6
2025.08.18	02:16:55.138	1.35566	1.35569			6
2025.08.18	02:16:55.756	1.35565	1.35568			6
2025.08.18	02:16:58.856	1.35564	1.35567			6
2025.08.18	02:17:00.083	1.35565	1.35568			6
2025.08.18	02:17:07.183	1.35564	1.35567			6
2025.08.18	02:17:09.649	1.35562	1.35565			6
2025.08.18	02:17:09.953		1.35564			4
2025.08.18	02:17:10.259	1.35561				2
2025.08.18	02:17:10.882	1.35559	1.35561			6
2025.08.18	02:17:11.184		1.35562			4
2025.08.18	02:17:13.346		1.35561			4
2025.08.18	02:17:13.660		1.35562			4
2025.08.18	02:17:15.818	1.35560				2
2025.08.18	02:17:16.440		1.35563			4
2025.08.18	02:17:17.672	1.35561	1.35564			6
2025.08.18	02:17:21.995		1.35563			4
2025.08.18	02:17:34.059	1.35560				2
2025.08.18	02:17:35.306	1.35561				2
2025.08.18	02:17:35.931	1.35560				2
2025.08.18	02:17:36.557	1.35559	1.35562			6
2025.08.18	02:17:37.176	1.35560				2
2025.08.18	02:17:37.785	1.35559				2
2025.08.18	02:17:38.396		1.35561			4
2025.08.18	02:17:41.481	1.35561	1.35562			6
2025.08.18	02:17:41.787	1.35559				2
2025.08.18	02:17:43.941		1.35561			4
2025.08.18	02:17:55.058		1.35560			4
2025.08.18	02:17:55.681		1.35561			4
2025.08.18	02:17:56.605	1.35554	1.35557			6
2025.08.18	02:17:57.521	1.35553	1.35556			6
2025.08.18	02:18:00.014	1.35553				2
2025.08.18	02:18:10.566	1.35554				2
2025.08.18	02:18:18.963	1.35553				2
2025.08.18	02:18:21.130	1.35554				2
2025.08.18	02:18:27.324	1.35552	1.35555			6
2025.08.18	02:18:28.563	1.35553	1.35556			6
2025.08.18	02:18:39.362	1.35554				2
2025.08.18	02:18:40.914	1.35551	1.35554			6
2025.08.18	02:18:42.150	1.35552				2
2025.08.18	02:18:47.122	1.35551				2
2025.08.18	02:18:54.858		1.35553			4
2025.08.18	02:18:55.165	1.35550	1.35552			6
2025.08.18	02:18:55.468	1.35551	1.35554			6
2025.08.18	02:18:57.014	1.35553	1.35556			6
2025.08.18	02:18:58.247	1.35554				2
2025.08.18	02:19:00.120	1.35554				2
2025.08.18	02:19:01.348	1.35552	1.35555			6
2025.08.18	02:19:01.966	1.35551	1.35554			6
2025.08.18	02:19:03.515	1.35552	1.35555			6
2025.08.18	02:19:07.244	1.35551	1.35554			6
2025.08.18	02:19:08.169		1.35553			4
2025.08.18	02:19:09.095		1.35554			4
2025.08.18	02:19:09.399		1.35553			4
2025.08.18	02:19:15.927	1.35553	1.35554			6
2025.08.18	02:19:16.231	1.35551	1.35553			6
2025.08.18	02:19:16.855		1.35554			4
2025.08.18	02:19:17.785		1.35553			4
2025.08.18	02:19:30.492	1.35550				2
2025.08.18	02:19:32.049	1.35551				2
2025.08.18	02:19:32.677	1.35550				2
2025.08.18	02:19:33.287		1.35552			4
2025.08.18	02:19:37.974		1.35553			4
2025.08.18	02:19:45.106	1.35549	1.35552			6
2025.08.18	02:19:45.408	1.35542	1.35545			6
2025.08.18	02:19:45.713	1.35541	1.35544			6
2025.08.18	02:19:46.019	1.35542	1.35545			6
2025.08.18	02:19:46.326	1.35541	1.35544			6
2025.08.18	02:19:46.948		1.35543			4
2025.08.18	02:19:47.256	1.35540				2
2025.08.18	02:19:48.497	1.35541	1.35544			6
2025.08.18	02:19:48.804	1.35544	1.35547			6
2025.08.18	02:19:50.990	1.35542	1.35544			6
2025.08.18	02:19:51.309	1.35544	1.35547			6
2025.08.18	02:19:52.241	1.35545	1.35548			6
2025.08.18	02:20:00.291	1.35545				2
2025.08.18	02:20:01.220	1.35544	1.35547			6
2025.08.18	02:20:02.456	1.35545	1.35548			6
2025.08.18	02:20:03.397	1.35544	1.35547			6
2025.08.18	02:20:10.216	1.35543	1.35546			6
2025.08.18	02:20:12.384	1.35544	1.35547			6
2025.08.18	02:20:15.170	1.35542	1.35545			6
2025.08.18	02:20:15.481	1.35544	1.35547			6
2025.08.18	02:20:20.433		1.35546			4
2025.08.18	02:20:20.747		1.35547			4
2025.08.18	02:20:21.050	1.35549	1.35552			6
2025.08.18	02:20:35.958	1.35550	1.35553			6
2025.08.18	02:20:36.885	1.35551	1.35554			6
2025.08.18	02:20:38.120	1.35552	1.35555			6
2025.08.18	02:20:40.893		1.35554			4
2025.08.18	02:20:41.515		1.35555			4
2025.08.18	02:20:42.131		1.35554			4
2025.08.18	02:20:42.444		1.35555			4
2025.08.18	02:20:46.444		1.35554			4
2025.08.18	02:20:47.680	1.35551				2
2025.08.18	02:20:48.601	1.35552				2
2025.08.18	02:21:00.045	1.35552				2
2025.08.18	02:21:03.126		1.35555			4
2025.08.18	02:21:09.261		1.35554			4
2025.08.18	02:21:14.196	1.35554	1.35555			6
2025.08.18	02:21:14.503	1.35552	1.35554			6
2025.08.18	02:21:31.836	1.35551				2
2025.08.18	02:21:41.392	1.35552	1.35555			6
2025.08.18	02:21:41.706		1.35554			4
2025.08.18	02:21:45.416		1.35555			4
2025.08.18	02:21:46.333		1.35554			4
2025.08.18	02:21:47.575		1.35555			4
2025.08.18	02:21:48.184		1.35554			4
2025.08.18	02:21:55.303		1.35555			4
2025.08.18	02:21:56.228		1.35554			4
2025.08.18	02:22:00.248	1.35552				2
2025.08.18	02:22:01.792		1.35555			4
2025.08.18	02:22:02.406		1.35554			4
2025.08.18	02:22:07.666	1.35551				2
2025.08.18	02:22:09.837	1.35549	1.35552			6
2025.08.18	02:22:10.457	1.35548	1.35551			6
2025.08.18	02:22:10.776	1.35547	1.35550			6
2025.08.18	02:22:26.275	1.35549				2
2025.08.18	02:22:26.584	1.35547				2
2025.08.18	02:22:35.901	1.35548	1.35551			6
2025.08.18	02:22:36.203	1.35549	1.35552			6
2025.08.18	02:22:37.456	1.35546	1.35549			6
2025.08.18	02:22:37.764	1.35545	1.35548			6
2025.08.18	02:22:40.562	1.35547				2
2025.08.18	02:22:40.866	1.35545				2
2025.08.18	02:22:51.967	1.35542	1.35545			6
2025.08.18	02:22:52.595	1.35543	1.35546			6
2025.08.18	02:22:52.904	1.35545	1.35548			6
2025.08.18	02:22:53.219	1.35544	1.35547			6
2025.08.18	02:23:00.061	1.35544				2
2025.08.18	02:23:00.376	1.35545	1.35548			6
2025.08.18	02:23:03.813		1.35547			4
2025.08.18	02:23:07.864		1.35548			4
2025.08.18	02:23:20.020	1.35544	1.35547			6
2025.08.18	02:23:23.122	1.35541	1.35544			6
2025.08.18	02:23:27.780	1.35542	1.35545			6
2025.08.18	02:23:37.701	1.35543	1.35546			6
2025.08.18	02:23:39.864	1.35542	1.35545			6
2025.08.18	02:23:42.649	1.35543	1.35546			6
2025.08.18	02:23:45.745	1.35544	1.35547			6
2025.08.18	02:23:49.446		1.35546			4
2025.08.18	02:23:49.751	1.35542	1.35545			6
2025.08.18	02:23:52.218	1.35544	1.35547			6
2025.08.18	02:23:55.604	1.35547	1.35550			6
2025.08.18	02:23:55.911	1.35546	1.35549			6
2025.08.18	02:23:56.537	1.35545	1.35548			6
2025.08.18	02:23:57.461	1.35546	1.35549			6
2025.08.18	02:23:58.071	1.35545	1.35548			6
2025.08.18	02:24:00.242	1.35545				2
2025.08.18	02:24:01.169	1.35544	1.35547			6
2025.08.18	02:24:01.472	1.35545	1.35548			6
2025.08.18	02:24:01.784	1.35544	1.35547			6
2025.08.18	02:24:03.016	1.35545	1.35548			6
2025.08.18	02:24:10.405	1.35543	1.35546			6
2025.08.18	02:24:10.708	1.35545	1.35548			6
2025.08.18	02:24:23.054	1.35544	1.35547			6
2025.08.18	02:24:33.888	1.35545	1.35548			6
2025.08.18	02:24:34.193	1.35544	1.35547			6
2025.08.18	02:24:38.519	1.35542	1.35545			6
2025.08.18	02:24:40.984	1.35541	1.35544			6
2025.08.18	02:24:46.543	1.35542	1.35545			6
2025.08.18	02:24:50.881	1.35540	1.35543			6
2025.08.18	02:25:00.111	1.35540				2
2025.08.18	02:25:01.969	1.35541	1.35544			6
2025.08.18	02:25:03.212	1.35543				2
2025.08.18	02:25:03.514	1.35541				2
2025.08.18	02:25:17.411	1.35542	1.35545			6
2025.08.18	02:25:18.659	1.35543				2
2025.08.18	02:25:21.768	1.35542				2
2025.08.18	02:25:40.535	1.35545	1.35548			6
2025.08.18	02:25:43.022	1.35548	1.35550			6
2025.08.18	02:25:43.647	1.35549				2
2025.08.18	02:25:43.964	1.35547				2
2025.08.18	02:25:44.267	1.35546	1.35548			6
2025.08.18	02:25:44.571	1.35545				2
2025.08.18	02:25:52.645	1.35546	1.35549			6
2025.08.18	02:25:59.133	1.35545	1.35548			6
2025.08.18	02:26:00.063	1.35545				2
2025.08.18	02:26:00.989	1.35546	1.35549			6
2025.08.18	02:26:03.147	1.35550	1.35553			6
2025.08.18	02:26:05.636	1.35552	1.35555			6
2025.08.18	02:26:06.867	1.35553	1.35556			6
2025.08.18	02:26:09.033	1.35554				2
2025.08.18	02:26:10.576		1.35557			4
2025.08.18	02:26:15.222	1.35555	1.35558			6
2025.08.18	02:26:17.993	1.35556				2
2025.08.18	02:26:20.154	1.35555				2
2025.08.18	02:26:21.386	1.35554	1.35557			6
2025.08.18	02:26:37.665	1.35553	1.35556			6
2025.08.18	02:26:43.232	1.35554				2
2025.08.18	02:26:48.178		1.35557			4
2025.08.18	02:27:00.219	1.35554				2
2025.08.18	02:27:08.535	1.35555				2
2025.08.18	02:27:12.537		1.35558			4
2025.08.18	02:27:15.954	1.35554	1.35557			6
2025.08.18	02:27:21.228	1.35555	1.35558			6
2025.08.18	02:27:23.377	1.35554	1.35557			6
2025.08.18	02:27:24.303	1.35555	1.35558			6
2025.08.18	02:27:24.931	1.35552	1.35555			6
2025.08.18	02:27:25.539	1.35551	1.35554			6
2025.08.18	02:27:36.646	1.35552	1.35555			6
2025.08.18	02:27:46.188	1.35550	1.35552			6
2025.08.18	02:27:46.500	1.35552	1.35555			6
2025.08.18	02:27:49.921	1.35551	1.35554			6
2025.08.18	02:27:50.533	1.35552	1.35555			6
2025.08.18	02:27:52.394	1.35553	1.35556			6
2025.08.18	02:27:53.018	1.35554	1.35557			6
2025.08.18	02:27:54.253	1.35552	1.35555			6
2025.08.18	02:28:00.150	1.35552				2
2025.08.18	02:28:02.016	1.35554	1.35557			6
2025.08.18	02:28:02.322	1.35555	1.35558			6
2025.08.18	02:28:04.486	1.35556	1.35559			6
2025.08.18	02:28:04.806	1.35555	1.35558			6
2025.08.18	02:28:05.721	1.35554	1.35557			6
2025.08.18	02:28:10.350	1.35553	1.35556			6
2025.08.18	02:28:10.654	1.35554	1.35557			6
2025.08.18	02:28:10.960	1.35555	1.35558			6
2025.08.18	02:28:14.680	1.35556	1.35559			6
2025.08.18	02:28:15.911	1.35559	1.35562			6
2025.08.18	02:28:17.162	1.35561	1.35564			6
2025.08.18	02:28:17.466	1.35562	1.35565			6
2025.08.18	02:28:18.401	1.35561	1.35564			6
2025.08.18	02:28:19.024	1.35562	1.35565			6
2025.08.18	02:28:30.161	1.35561	1.35564			6
2025.08.18	02:28:31.076	1.35562	1.35565			6
2025.08.18	02:28:50.144	1.35564	1.35566			6
2025.08.18	02:28:50.449	1.35562	1.35565			6
2025.08.18	02:29:00.283	1.35562				2
2025.08.18	02:29:01.514	1.35560	1.35562			6
2025.08.18	02:29:01.816	1.35562	1.35565			6
2025.08.18	02:29:10.092	1.35561	1.35564			6
2025.08.18	02:29:13.796	1.35562	1.35565			6
2025.08.18	02:29:14.403	1.35561	1.35564			6
2025.08.18	02:29:21.797	1.35560	1.35561			6
2025.08.18	02:29:23.642	1.35561	1.35562			6
2025.08.18	02:29:23.944	1.35560	1.35561			6
2025.08.18	02:29:29.784	1.35561	1.35562			6
2025.08.18	02:29:30.090	1.35560	1.35561			6
2025.08.18	02:29:31.947	1.35561	1.35562			6
2025.08.18	02:29:32.863	1.35560	1.35561			6
2025.08.18	02:29:55.919	1.35559	1.35560			6
2025.08.18	02:29:56.232	1.35560	1.35561			6
2025.08.18	02:30:00.231	1.35560				2
2025.08.18	02:30:28.182	1.35559	1.35560			6
2025.08.18	02:30:34.940	1.35558	1.35559			6
2025.08.18	02:30:41.076	1.35553	1.35554			6
2025.08.18	02:30:42.006	1.35554	1.35555			6
2025.08.18	02:30:42.314	1.35555	1.35556			6
2025.08.18	02:30:46.012	1.35556	1.35557			6
2025.08.18	02:30:48.466	1.35555	1.35556			6
2025.08.18	02:30:53.695	1.35556	1.35557			6
2025.08.18	02:30:54.619	1.35555	1.35556			6
2025.08.18	02:30:56.476	1.35554	1.35555			6
2025.08.18	02:31:00.170	1.35554				2
2025.08.18	02:31:00.476	1.35555	1.35556			6
2025.08.18	02:31:11.221	1.35554	1.35555			6
2025.08.18	02:31:23.832	1.35555	1.35556			6
2025.08.18	02:31:24.137	1.35554	1.35555			6
2025.08.18	02:31:24.754	1.35555	1.35556			6
2025.08.18	02:31:29.674	1.35554	1.35555			6
2025.08.18	02:31:29.977		1.35556			4
2025.08.18	02:31:30.284		1.35555			4
2025.08.18	02:31:31.819	1.35556	1.35557			6
2025.08.18	02:31:32.125	1.35554	1.35555			6
2025.08.18	02:31:35.211	1.35555	1.35556			6
2025.08.18	02:31:37.375	1.35554	1.35555			6
2025.08.18	02:31:39.862	1.35555	1.35556			6
2025.08.18	02:31:40.483	1.35554	1.35555			6
2025.08.18	02:31:42.959	1.35553	1.35554			6
2025.08.18	02:31:43.275	1.35554	1.35555			6
2025.08.18	02:32:00.020	1.35554				2
2025.08.18	02:32:16.462	1.35553	1.35554			6
2025.08.18	02:32:16.769	1.35554	1.35555			6
2025.08.18	02:32:18.021	1.35555	1.35556			6
2025.08.18	02:32:28.580		1.35558			4
2025.08.18	02:32:29.198		1.35556			4
2025.08.18	02:32:32.913	1.35554	1.35555			6
2025.08.18	02:32:39.106	1.35553				2
2025.08.18	02:32:40.038	1.35554				2
2025.08.18	02:32:45.307		1.35556			4
2025.08.18	02:32:46.239	1.35555				2
2025.08.18	02:32:47.167	1.35552	1.35553			6
2025.08.18	02:32:52.121	1.35553	1.35555			6
2025.08.18	02:32:52.425	1.35555	1.35557			6
2025.08.18	02:32:53.661	1.35556				2
2025.08.18	02:32:56.146	1.35555	1.35556			6
2025.08.18	02:32:58.025		1.35557			4
2025.08.18	02:32:58.328	1.35553	1.35556			6
2025.08.18	02:32:58.633	1.35555	1.35557			6
2025.08.18	02:33:00.185	1.35555				2
2025.08.18	02:33:00.494	1.35556				2
2025.08.18	02:33:05.438	1.35559	1.35560			6
2025.08.18	02:33:06.366	1.35558				2
2025.08.18	02:33:15.011	1.35559				2
2025.08.18	02:33:26.464	1.35558				2
2025.08.18	02:33:31.429	1.35563	1.35565			6
2025.08.18	02:33:35.146	1.35565	1.35566			6
2025.08.18	02:33:35.448	1.35563	1.35565			6
2025.08.18	02:33:36.685	1.35569	1.35570			6
2025.08.18	02:33:38.239	1.35564	1.35567			6
2025.08.18	02:33:38.544	1.35562	1.35564			6
2025.08.18	02:33:42.873	1.35563				2
2025.08.18	02:33:43.182		1.35565			4
2025.08.18	02:33:44.117	1.35561	1.35562			6
2025.08.18	02:33:45.047	1.35560	1.35561			6
2025.08.18	02:33:49.362	1.35559	1.35560			6
2025.08.18	02:34:00.139	1.35559				2
2025.08.18	02:34:18.402	1.35558				2
2025.08.18	02:34:40.612	1.35557	1.35559			6
2025.08.18	02:34:40.920	1.35558	1.35560			6
2025.08.18	02:34:45.223	1.35557	1.35558			6
2025.08.18	02:34:45.526	1.35556	1.35557			6
2025.08.18	02:34:45.834	1.35555	1.35556			6
2025.08.18	02:34:52.019		1.35557			4
2025.08.18	02:34:52.632	1.35556				2
2025.08.18	02:35:00.065	1.35556				2
2025.08.18	02:35:12.454	1.35555				2
2025.08.18	02:35:14.012		1.35556			4
2025.08.18	02:35:17.728		1.35557			4
2025.08.18	02:35:18.964	1.35556				2
2025.08.18	02:35:24.549		1.35558			4
2025.08.18	02:35:28.931		1.35557			4
2025.08.18	02:35:30.175		1.35559			4
2025.08.18	02:35:30.792		1.35558			4
2025.08.18	02:35:36.350	1.35554	1.35556			6
2025.08.18	02:35:36.660	1.35555	1.35558			6
2025.08.18	02:35:37.278	1.35556				2
2025.08.18	02:35:38.199		1.35557			4
2025.08.18	02:35:38.501	1.35555	1.35558			6
2025.08.18	02:35:38.815	1.35556				2
2025.08.18	02:35:43.147		1.35559			4
2025.08.18	02:35:43.456		1.35557			4
2025.08.18	02:35:44.704	1.35555				2
2025.08.18	02:35:45.636	1.35556				2
2025.08.18	02:35:47.809	1.35555	1.35556			6
2025.08.18	02:35:50.914	1.35554				2
2025.08.18	02:35:55.882	1.35556	1.35557			6
2025.08.18	02:35:56.190	1.35555	1.35556			6
2025.08.18	02:35:58.051	1.35554				2
2025.08.18	02:35:59.294	1.35555				2
2025.08.18	02:36:00.224	1.35555				2
2025.08.18	02:36:00.532	1.35554				2
2025.08.18	02:36:01.148	1.35555				2
2025.08.18	02:36:02.075		1.35557			4
2025.08.18	02:36:06.129	1.35556				2
2025.08.18	02:36:16.634	1.35555				2
2025.08.18	02:36:17.553		1.35556			4
2025.08.18	02:36:18.164		1.35557			4
2025.08.18	02:36:20.323		1.35556			4
2025.08.18	02:36:21.241		1.35557			4
2025.08.18	02:36:22.475		1.35556			4
2025.08.18	02:36:27.698	1.35554				2
2025.08.18	02:36:28.309	1.35555				2
2025.08.18	02:36:28.617		1.35558			4
2025.08.18	02:36:31.702	1.35554	1.35557			6
2025.08.18	02:36:32.317	1.35555	1.35558			6
2025.08.18	02:36:40.986	1.35554	1.35557			6
2025.08.18	02:36:41.609	1.35555	1.35558			6
2025.08.18	02:36:45.333	1.35556	1.35559			6
2025.08.18	02:36:49.961	1.35555	1.35558			6
2025.08.18	02:36:51.811	1.35558	1.35559			6
2025.08.18	02:36:52.116	1.35556				2
2025.08.18	02:36:53.958	1.35559	1.35562			6
2025.08.18	02:37:00.088	1.35559				2
2025.08.18	02:37:01.639	1.35565	1.35567			6
2025.08.18	02:37:01.943	1.35566	1.35569			6
2025.08.18	02:37:03.800		1.35568			4
2025.08.18	02:37:04.106	1.35565				2
2025.08.18	02:37:05.038	1.35564	1.35567			6
2025.08.18	02:37:05.644	1.35565	1.35568			6
2025.08.18	02:37:08.419	1.35570	1.35572			6
2025.08.18	02:37:09.649	1.35569				2
2025.08.18	02:37:12.768	1.35572	1.35575			6
2025.08.18	02:37:13.080	1.35573	1.35576			6
2025.08.18	02:37:15.249	1.35570	1.35572			6
2025.08.18	02:37:15.875	1.35569	1.35571			6
2025.08.18	02:37:16.194		1.35572			4
2025.08.18	02:37:17.745	1.35572	1.35573			6
2025.08.18	02:37:18.054	1.35570				2
2025.08.18	02:37:18.670		1.35572			4
2025.08.18	02:37:19.604		1.35573			4
2025.08.18	02:37:20.221		1.35572			4
2025.08.18	02:37:27.656	1.35569				2
2025.08.18	02:37:28.264	1.35570				2
2025.08.18	02:37:30.433	1.35569				2
2025.08.18	02:37:37.868	1.35570	1.35573			6
2025.08.18	02:37:38.176		1.35572			4
2025.08.18	02:37:43.123	1.35572	1.35573			6
2025.08.18	02:37:43.432	1.35570	1.35572			6
2025.08.18	02:37:58.569		1.35573			4
2025.08.18	02:37:58.872		1.35572			4
2025.08.18	02:37:59.799		1.35573			4
2025.08.18	02:38:00.106	1.35570				2
2025.08.18	02:38:00.414	1.35566	1.35568			6
2025.08.18	02:38:00.722	1.35561	1.35564			6
2025.08.18	02:38:01.035	1.35562				2
2025.08.18	02:38:01.357	1.35561				2
2025.08.18	02:38:01.669		1.35565			4
2025.08.18	02:38:02.283	1.35560	1.35564			6
2025.08.18	02:38:03.841	1.35561	1.35565			6
2025.08.18	02:38:11.910	1.35560	1.35564			6
2025.08.18	02:38:19.939		1.35561			4
2025.08.18	02:38:20.557	1.35564	1.35565			6
2025.08.18	02:38:21.475	1.35563	1.35564			6
2025.08.18	02:38:21.793	1.35564	1.35565			6
2025.08.18	02:38:24.558		1.35568			4
2025.08.18	02:38:25.167		1.35565			4
2025.08.18	02:38:30.102	1.35565	1.35566			6
2025.08.18	02:38:30.406	1.35564	1.35565			6
2025.08.18	02:38:31.021	1.35565	1.35566			6
2025.08.18	02:38:36.264	1.35564	1.35565			6
2025.08.18	02:38:37.801	1.35565	1.35566			6
2025.08.18	02:38:45.181	1.35566	1.35567			6
2025.08.18	02:38:45.485	1.35564	1.35565			6
2025.08.18	02:38:46.095	1.35563	1.35564			6
2025.08.18	02:38:46.402	1.35562	1.35563			6
2025.08.18	02:38:51.357	1.35561	1.35562			6
2025.08.18	02:39:00.064	1.35561				2
2025.08.18	02:39:03.458	1.35560	1.35561			6
2025.08.18	02:39:16.817	1.35558	1.35559			6
2025.08.18	02:39:28.335	1.35559	1.35562			6
2025.08.18	02:39:40.735	1.35570	1.35571			6
2025.08.18	02:39:41.050	1.35569				2
2025.08.18	02:39:42.297	1.35568				2
2025.08.18	02:39:46.641	1.35569	1.35573			6
2025.08.18	02:39:50.342	1.35570				2
2025.08.18	02:39:53.437	1.35569	1.35571			6
2025.08.18	02:40:00.230	1.35569				2
2025.08.18	02:40:03.322		1.35572			4
2025.08.18	02:40:08.571	1.35570	1.35573			6
2025.08.18	02:40:09.179		1.35572			4
2025.08.18	02:40:13.802	1.35571	1.35573			6
2025.08.18	02:40:15.657	1.35572	1.35575			6
2025.08.18	02:40:17.822	1.35573				2
2025.08.18	02:40:21.231	1.35571	1.35573			6
2025.08.18	02:40:23.392	1.35569	1.35571			6
2025.08.18	02:40:25.555		1.35572			4
2025.08.18	02:40:26.180		1.35571			4
2025.08.18	02:40:31.436	1.35568				2
2025.08.18	02:40:31.741	1.35569				2
2025.08.18	02:40:32.061	1.35568				2
2025.08.18	02:40:32.370	1.35570	1.35572			6
2025.08.18	02:40:32.694	1.35569	1.35571			6
2025.08.18	02:40:39.214	1.35568	1.35570			6
2025.08.18	02:40:39.522	1.35569	1.35571			6
2025.08.18	02:40:42.293	1.35568				2
2025.08.18	02:41:00.272	1.35568				2
2025.08.18	02:41:18.431	1.35569				2
2025.08.18	02:41:18.735	1.35570				2
2025.08.18	02:41:22.131	1.35571	1.35572			6
2025.08.18	02:41:25.483	1.35570	1.35571			6
2025.08.18	02:41:25.786	1.35569	1.35570			6
2025.08.18	02:41:27.324	1.35568	1.35569			6
2025.08.18	02:41:30.064	1.35566	1.35568			6
2025.08.18	02:41:31.293	1.35565				2
2025.08.18	02:41:32.197	1.35566				2
2025.08.18	02:41:36.164	1.35565				2
2025.08.18	02:41:38.287	1.35566				2
2025.08.18	02:41:38.893	1.35565				2
2025.08.18	02:41:45.655	1.35566				2
2025.08.18	02:41:55.504	1.35565				2
2025.08.18	02:42:00.148	1.35565				2
2025.08.18	02:42:03.849	1.35567				2
2025.08.18	02:42:04.156	1.35565				2
2025.08.18	02:42:06.308	1.35566				2
2025.08.18	02:42:11.565	1.35568	1.35569			6
2025.08.18	02:42:15.563		1.35570			4
2025.08.18	02:42:15.864	1.35569				2
2025.08.18	02:42:22.344	1.35568				2
2025.08.18	02:42:35.562	1.35569				2
2025.08.18	02:42:36.490	1.35570	1.35571			6
2025.08.18	02:42:48.786	1.35569	1.35570			6
2025.08.18	02:42:51.551	1.35570	1.35571			6
2025.08.18	02:42:52.475	1.35569	1.35570			6
2025.08.18	02:43:00.159	1.35569				2
2025.08.18	02:43:05.366		1.35571			4
2025.08.18	02:43:40.421	1.35570				2
2025.08.18	02:43:41.036	1.35569				2
2025.08.18	02:43:41.340	1.35571	1.35572			6
2025.08.18	02:43:41.649	1.35569	1.35571			6
2025.08.18	02:43:47.786	1.35568	1.35570			6
2025.08.18	02:43:48.095	1.35569	1.35571			6
2025.08.18	02:43:56.438	1.35561	1.35564			6
2025.08.18	02:43:56.744	1.35566	1.35569			6
2025.08.18	02:44:00.154	1.35567	1.35570			6
2025.08.18	02:44:01.397	1.35569	1.35572			6
2025.08.18	02:44:03.257	1.35568	1.35571			6
2025.08.18	02:44:07.592	1.35569	1.35572			6
2025.08.18	02:44:08.209	1.35570				2
2025.08.18	02:44:11.008	1.35569				2
2025.08.18	02:44:21.517	1.35570				2
2025.08.18	02:44:33.527	1.35569				2
2025.08.18	02:44:33.833	1.35570				2
2025.08.18	02:44:56.318	1.35569				2
2025.08.18	02:44:58.187	1.35570	1.35573			6
2025.08.18	02:45:00.047	1.35568	1.35571			6
2025.08.18	02:45:00.354	1.35567	1.35570			6
2025.08.18	02:45:01.282	1.35566	1.35569			6
2025.08.18	02:45:02.215		1.35568			4
2025.08.18	02:45:02.845		1.35569			4
2025.08.18	02:45:05.318		1.35568			4
2025.08.18	02:45:06.253	1.35561	1.35564			6
2025.08.18	02:45:07.807	1.35560	1.35563			6
2025.08.18	02:45:12.742	1.35562	1.35564			6
2025.08.18	02:45:13.050	1.35560	1.35563			6
2025.08.18	02:45:15.528	1.35561	1.35564			6
2025.08.18	02:45:17.370	1.35557	1.35560			6
2025.08.18	02:45:17.993	1.35556	1.35559			6
2025.08.18	02:45:27.858	1.35557	1.35560			6
2025.08.18	02:45:30.021	1.35556	1.35559			6
2025.08.18	02:45:30.957	1.35557	1.35560			6
2025.08.18	02:45:32.494	1.35556	1.35559			6
2025.08.18	02:45:33.411	1.35557	1.35560			6
2025.08.18	02:45:33.721	1.35559	1.35562			6
2025.08.18	02:45:34.644	1.35560				2
2025.08.18	02:45:35.257		1.35563			4
2025.08.18	02:45:52.801	1.35559	1.35562			6
2025.08.18	02:45:57.115	1.35560	1.35563			6
2025.08.18	02:45:57.421	1.35557	1.35560			6
2025.08.18	02:45:58.048	1.35556	1.35559			6
2025.08.18	02:46:00.215	1.35556				2
2025.08.18	02:46:15.314	1.35554	1.35557			6
2025.08.18	02:46:15.920	1.35555	1.35558			6
2025.08.18	02:46:16.541	1.35556	1.35559			6
2025.08.18	02:46:20.579	1.35552	1.35555			6
2025.08.18	02:46:34.206		1.35554			4
2025.08.18	02:46:34.509	1.35551				2
2025.08.18	02:46:44.472	1.35552				2
2025.08.18	02:46:45.408	1.35551				2
2025.08.18	02:46:51.911	1.35550	1.35551			6
2025.08.18	02:46:52.218	1.35552	1.35554			6
2025.08.18	02:46:52.840	1.35551				2
2025.08.18	02:46:56.250	1.35552				2
2025.08.18	02:46:56.866	1.35551				2
2025.08.18	02:47:00.271	1.35552				2
2025.08.18	02:47:00.581	1.35551				2
2025.08.18	02:47:04.613	1.35550	1.35553			6
2025.08.18	02:47:05.539	1.35551	1.35554			6
2025.08.18	02:47:09.244	1.35552	1.35555			6
2025.08.18	02:47:20.631	1.35553	1.35556			6
2025.08.18	02:47:21.867	1.35552	1.35555			6
2025.08.18	02:47:36.671	1.35555	1.35556			6
2025.08.18	02:47:36.976	1.35552	1.35555			6
2025.08.18	02:47:39.138	1.35551	1.35554			6
2025.08.18	02:47:43.137	1.35553	1.35555			6
2025.08.18	02:47:43.449	1.35551	1.35554			6
2025.08.18	02:47:47.752		1.35553			4
2025.08.18	02:47:48.667		1.35554			4
2025.08.18	02:48:00.034	1.35551				2
2025.08.18	02:48:15.092	1.35544	1.35546			6
2025.08.18	02:48:15.396	1.35542	1.35545			6
2025.08.18	02:48:16.325	1.35544	1.35547			6
2025.08.18	02:48:16.630	1.35545	1.35548			6
2025.08.18	02:48:18.486	1.35541	1.35544			6
2025.08.18	02:48:19.431	1.35542	1.35545			6
2025.08.18	02:48:21.597	1.35548	1.35551			6
2025.08.18	02:48:26.248		1.35552			4
2025.08.18	02:48:28.739	1.35547	1.35550			6
2025.08.18	02:48:42.009	1.35548	1.35552			6
2025.08.18	02:48:43.245	1.35547	1.35551			6
2025.08.18	02:48:44.177		1.35550			4
2025.08.18	02:48:48.515		1.35551			4
2025.08.18	02:48:49.753		1.35550			4
2025.08.18	02:48:58.399		1.35549			4
2025.08.18	02:48:59.935		1.35550			4
2025.08.18	02:49:00.237	1.35547				2
2025.08.18	02:49:13.790		1.35551			4
2025.08.18	02:49:14.097	1.35548				2
2025.08.18	02:49:15.023	1.35547	1.35550			6
2025.08.18	02:49:16.873	1.35548	1.35551			6
2025.08.18	02:49:17.800	1.35547	1.35550			6
2025.08.18	02:49:18.726	1.35548	1.35551			6
2025.08.18	02:49:26.744	1.35547	1.35550			6
2025.08.18	02:49:35.428	1.35548	1.35551			6
2025.08.18	02:49:41.912	1.35550				2
2025.08.18	02:49:42.217	1.35548				2
2025.08.18	02:49:42.833	1.35547	1.35550			6
2025.08.18	02:49:44.671	1.35550	1.35551			6
2025.08.18	02:49:44.974	1.35547	1.35550			6
2025.08.18	02:49:58.534		1.35549			4
2025.08.18	02:49:59.776		1.35550			4
2025.08.18	02:50:00.083	1.35547				2
2025.08.18	02:50:00.387		1.35549			4
2025.08.18	02:50:01.622	1.35548	1.35551			6
2025.08.18	02:50:08.118	1.35550	1.35553			6
2025.08.18	02:50:10.296	1.35552	1.35555			6
2025.08.18	02:50:10.615	1.35550	1.35553			6
2025.08.18	02:50:22.057	1.35549	1.35552			6
2025.08.18	02:50:23.288	1.35550	1.35553			6
2025.08.18	02:50:24.523	1.35549	1.35552			6
2025.08.18	02:50:28.858	1.35550	1.35553			6
2025.08.18	02:50:46.170	1.35555	1.35558			6
2025.08.18	02:50:46.479	1.35554	1.35557			6
2025.08.18	02:50:46.794	1.35555	1.35558			6
2025.08.18	02:50:47.723	1.35556	1.35559			6
2025.08.18	02:50:52.359	1.35555	1.35558			6
2025.08.18	02:50:52.666	1.35556	1.35559			6
2025.08.18	02:50:56.382	1.35555	1.35558			6
2025.08.18	02:50:57.008	1.35556	1.35559			6
2025.08.18	02:51:00.116	1.35556				2
2025.08.18	02:51:01.363	1.35555	1.35558			6
2025.08.18	02:51:02.289	1.35556	1.35559			6
2025.08.18	02:51:04.774	1.35555	1.35558			6
2025.08.18	02:51:06.021	1.35556	1.35559			6
2025.08.18	02:51:07.886	1.35558				2
2025.08.18	02:51:08.200	1.35556				2
2025.08.18	02:51:15.355	1.35555	1.35558			6
2025.08.18	02:51:15.674	1.35556	1.35559			6
2025.08.18	02:51:20.337	1.35555	1.35558			6
2025.08.18	02:51:21.281	1.35556	1.35559			6
2025.08.18	02:51:27.171	1.35555	1.35558			6
2025.08.18	02:51:27.480	1.35552	1.35555			6
2025.08.18	02:51:40.851	1.35553	1.35556			6
2025.08.18	02:51:43.013	1.35552	1.35555			6
2025.08.18	02:51:46.125	1.35553	1.35556			6
2025.08.18	02:51:52.330	1.35552	1.35555			6
2025.08.18	02:51:53.271	1.35553	1.35556			6
2025.08.18	02:51:56.987	1.35556	1.35559			6
2025.08.18	02:51:57.296	1.35557				2
2025.08.18	02:51:57.604		1.35560			4
2025.08.18	02:51:58.225	1.35559	1.35562			6
2025.08.18	02:51:58.845	1.35560				2
2025.08.18	02:51:59.152	1.35559				2
2025.08.18	02:52:00.081	1.35559				2
2025.08.18	02:52:00.398	1.35560	1.35563			6
2025.08.18	02:52:10.637	1.35559	1.35562			6
2025.08.18	02:52:13.405	1.35558	1.35559			6
2025.08.18	02:52:13.720	1.35559	1.35562			6
2025.08.18	02:52:26.413	1.35560	1.35563			6
2025.08.18	02:52:31.375	1.35557	1.35560			6
