<DATE>	<TIME>	<BID>	<ASK>	<LAST>	<VOLUME>	<FLAGS>
2025.05.14	00:03:31.454	1.33021	1.33131			6
2025.05.14	00:03:32.667	1.33014				2
2025.05.14	00:03:42.075	1.33016				2
2025.05.14	00:03:57.816	1.33021				2
2025.05.14	00:04:00.276	1.33021				2
2025.05.14	00:04:31.615		1.33131			4
2025.05.14	00:05:00.209	1.33021				2
2025.05.14	00:05:05.134	1.33029				2
2025.05.14	00:05:07.900	1.33035				2
2025.05.14	00:05:31.829		1.33131			4
2025.05.14	00:06:00.285	1.33035				2
2025.05.14	00:06:00.894	1.33026				2
2025.05.14	00:06:01.202	1.33024				2
2025.05.14	00:06:22.007	1.33026				2
2025.05.14	00:06:27.216	1.33035				2
2025.05.14	00:06:32.107		1.33131			4
2025.05.14	00:06:47.948		1.33143			4
2025.05.14	00:07:00.270	1.33035				2
2025.05.14	00:07:07.364	1.33026	1.33144			6
2025.05.14	00:07:12.304	1.33024				2
2025.05.14	00:07:14.151	1.33025				2
2025.05.14	00:07:21.248	1.33036				2
2025.05.14	00:08:00.068	1.33036				2
2025.05.14	00:08:06.841	1.33052	1.33114			6
2025.05.14	00:08:12.731	1.33036	1.33144			6
2025.05.14	00:09:00.207	1.33036				2
2025.05.14	00:09:12.836		1.33144			4
2025.05.14	00:10:00.246	1.33036				2
2025.05.14	00:10:02.094	1.33028				2
2025.05.14	00:10:02.407	1.33027				2
2025.05.14	00:10:07.628	1.33028				2
2025.05.14	00:10:12.859		1.33144			4
2025.05.14	00:11:00.301	1.33028				2
2025.05.14	00:11:12.941		1.33144			4
2025.05.14	00:11:50.204	1.33037				2
2025.05.14	00:12:00.055	1.33037				2
2025.05.14	00:12:12.990		1.33144			4
2025.05.14	00:12:46.265	1.33044				2
2025.05.14	00:12:47.487	1.33037				2
2025.05.14	00:13:00.130	1.33037				2
2025.05.14	00:13:13.061		1.33144			4
2025.05.14	00:13:49.423	1.33033				2
2025.05.14	00:13:59.592	1.33032				2
2025.05.14	00:14:00.207	1.33032				2
2025.05.14	00:14:13.146		1.33144			4
2025.05.14	00:15:00.271	1.33032				2
2025.05.14	00:15:13.209		1.33144			4
2025.05.14	00:15:18.140	1.33035				2
2025.05.14	00:15:23.373	1.33044				2
2025.05.14	00:15:40.002		1.33145			4
2025.05.14	00:15:57.242	1.33034	1.33146			6
2025.05.14	00:16:00.013	1.33034				2
2025.05.14	00:16:04.343	1.33032				2
2025.05.14	00:16:15.794	1.33031				2
2025.05.14	00:16:17.340	1.33027				2
2025.05.14	00:16:29.683	1.33019				2
2025.05.14	00:16:30.607		1.33139			4
2025.05.14	00:16:30.914		1.33136			4
2025.05.14	00:16:31.223		1.33139			4
2025.05.14	00:16:34.619		1.33143			4
2025.05.14	00:16:36.468	1.33022				2
2025.05.14	00:16:36.774	1.33029				2
2025.05.14	00:16:37.699		1.33146			4
2025.05.14	00:16:38.621		1.33143			4
2025.05.14	00:16:40.773		1.33146			4
2025.05.14	00:16:45.705		1.33144			4
2025.05.14	00:16:53.095	1.33030				2
2025.05.14	00:16:53.711		1.33146			4
2025.05.14	00:16:54.947	1.33031				2
2025.05.14	00:17:00.178	1.33031				2
2025.05.14	00:17:12.804		1.33144			4
2025.05.14	00:17:17.736		1.33146			4
2025.05.14	00:17:19.276		1.33144			4
2025.05.14	00:17:19.889		1.33146			4
2025.05.14	00:17:22.041		1.33149			4
2025.05.14	00:17:22.348		1.33144			4
2025.05.14	00:17:31.283	1.33032				2
2025.05.14	00:17:32.826	1.33031	1.33130			6
2025.05.14	00:17:33.126	1.33043	1.33133			6
2025.05.14	00:17:37.389	1.33035	1.33129			6
2025.05.14	00:17:40.146	1.33037				2
2025.05.14	00:17:44.094	1.33043	1.33133			6
2025.05.14	00:17:47.132		1.33131			4
2025.05.14	00:17:49.582	1.33039	1.33129			6
2025.05.14	00:17:49.889		1.33131			4
2025.05.14	00:17:52.678		1.33128			4
2025.05.14	00:17:55.764		1.33131			4
2025.05.14	00:17:58.233	1.33040				2
2025.05.14	00:18:00.087	1.33040				2
2025.05.14	00:18:01.628		1.33125			4
2025.05.14	00:18:14.548		1.33128			4
2025.05.14	00:18:18.529	1.33046				2
2025.05.14	00:18:30.203	1.33036				2
2025.05.14	00:18:32.670	1.33030				2
2025.05.14	00:18:40.065	1.33020				2
2025.05.14	00:18:40.677	1.33030				2
2025.05.14	00:18:42.841	1.33031				2
2025.05.14	00:18:44.072	1.33032				2
2025.05.14	00:18:49.611	1.33031				2
2025.05.14	00:18:52.073	1.33030				2
2025.05.14	00:18:59.484	1.33031				2
2025.05.14	00:19:00.104	1.33031				2
2025.05.14	00:19:00.410	1.33030				2
2025.05.14	00:19:00.717	1.33029				2
2025.05.14	00:19:01.642	1.33028				2
2025.05.14	00:19:10.879	1.33029				2
2025.05.14	00:19:12.420	1.33030				2
2025.05.14	00:19:14.578		1.33128			4
2025.05.14	00:19:16.420	1.33028				2
2025.05.14	00:19:20.737		1.33127			4
2025.05.14	00:19:30.567		1.33122			4
2025.05.14	00:19:33.620	1.33029				2
2025.05.14	00:19:50.540	1.33030				2
2025.05.14	00:20:00.084	1.33030				2
2025.05.14	00:20:16.691	1.33031				2
2025.05.14	00:20:26.870	1.33024				2
2025.05.14	00:20:30.873		1.33122			4
2025.05.14	00:20:38.869	1.33025				2
2025.05.14	00:21:00.070	1.33025				2
2025.05.14	00:21:08.068	1.33026				2
2025.05.14	00:21:19.431	1.33027				2
2025.05.14	00:21:30.518	1.33028				2
2025.05.14	00:21:31.133		1.33122			4
2025.05.14	00:21:38.489	1.33029				2
2025.05.14	00:21:57.431	1.33020				2
2025.05.14	00:21:57.738	1.33029				2
2025.05.14	00:22:00.195	1.33029				2
2025.05.14	00:22:07.566	1.33031				2
2025.05.14	00:22:07.876	1.33041				2
2025.05.14	00:22:11.567	1.33040				2
2025.05.14	00:22:12.496	1.33039				2
2025.05.14	00:22:13.416	1.33041				2
2025.05.14	00:22:13.727	1.33037				2
2025.05.14	00:22:18.979	1.33036				2
2025.05.14	00:22:19.287	1.33035				2
2025.05.14	00:22:19.596	1.33036				2
2025.05.14	00:22:23.299	1.33035				2
2025.05.14	00:22:24.533	1.33036				2
2025.05.14	00:22:24.842	1.33037				2
2025.05.14	00:22:26.379	1.33038				2
2025.05.14	00:22:30.068	1.33036				2
2025.05.14	00:22:31.297		1.33122			4
2025.05.14	00:22:49.448	1.33033				2
2025.05.14	00:23:00.217	1.33033				2
2025.05.14	00:23:00.834	1.33032				2
2025.05.14	00:23:31.345		1.33122			4
2025.05.14	00:24:00.263	1.33032				2
2025.05.14	00:24:31.607		1.33122			4
2025.05.14	00:24:56.214	1.33035				2
2025.05.14	00:25:00.222	1.33034				2
2025.05.14	00:25:04.535	1.33035				2
2025.05.14	00:25:07.610		1.33121			4
2025.05.14	00:25:38.367	1.33024				2
2025.05.14	00:25:51.936	1.33037	1.33112			6
2025.05.14	00:25:52.242	1.33035				2
2025.05.14	00:25:52.543	1.33038				2
2025.05.14	00:25:54.997	1.33039				2
2025.05.14	00:26:00.222	1.33039				2
2025.05.14	00:26:01.454	1.33038				2
2025.05.14	00:26:05.777	1.33036				2
2025.05.14	00:26:11.322	1.33037				2
2025.05.14	00:26:12.555	1.33036				2
2025.05.14	00:26:20.266	1.33037				2
2025.05.14	00:26:51.976		1.33112			4
2025.05.14	00:27:00.277	1.33037				2
2025.05.14	00:27:41.504	1.33038				2
2025.05.14	00:27:47.350	1.33039				2
2025.05.14	00:27:51.980		1.33112			4
2025.05.14	00:27:54.450	1.33037				2
2025.05.14	00:27:59.401	1.33039				2
2025.05.14	00:28:00.020	1.33039				2
2025.05.14	00:28:08.655	1.33038				2
2025.05.14	00:28:10.808	1.33040				2
2025.05.14	00:28:16.653	1.33039				2
2025.05.14	00:28:22.502	1.33041				2
2025.05.14	00:28:24.046	1.33038				2
2025.05.14	00:28:30.216	1.33020				2
2025.05.14	00:28:30.519	1.33021				2
2025.05.14	00:28:32.371	1.33020				2
2025.05.14	00:28:41.299	1.33021				2
2025.05.14	00:28:52.088	1.33023	1.33112			6
2025.05.14	00:29:00.097	1.33023				2
2025.05.14	00:29:24.281	1.33024				2
2025.05.14	00:29:52.219		1.33112			4
2025.05.14	00:29:53.447	1.33022				2
2025.05.14	00:29:57.142	1.33021				2
2025.05.14	00:29:57.446	1.33019				2
2025.05.14	00:30:00.409	1.33019				2
2025.05.14	00:30:55.744		1.33112			4
2025.05.14	00:31:02.756	1.33020				2
2025.05.14	00:31:13.225	1.33021				2
2025.05.14	00:31:17.228	1.33022				2
2025.05.14	00:31:23.087	1.33023	1.33109			6
2025.05.14	00:31:24.931	1.33019	1.33107			6
2025.05.14	00:31:31.100		1.33106			4
2025.05.14	00:31:31.410		1.33107			4
2025.05.14	00:31:32.635		1.33106			4
2025.05.14	00:32:00.057	1.33019				2
2025.05.14	00:32:00.367		1.33107			4
2025.05.14	00:32:13.958		1.33106			4
2025.05.14	00:32:17.348		1.33107			4
2025.05.14	00:32:30.950		1.33106			4
2025.05.14	00:32:32.501		1.33105			4
2025.05.14	00:32:37.737		1.33106			4
2025.05.14	00:33:00.214	1.33019				2
2025.05.14	00:33:19.045		1.33105			4
2025.05.14	00:34:00.033	1.33019				2
2025.05.14	00:34:16.011		1.33109			4
2025.05.14	00:34:50.544		1.33108			4
2025.05.14	00:35:00.094	1.33019				2
2025.05.14	00:35:10.579		1.33110			4
2025.05.14	00:35:11.188		1.33112			4
2025.05.14	00:35:13.042		1.33114			4
2025.05.14	00:35:13.967		1.33113			4
2025.05.14	00:35:15.498		1.33112			4
2025.05.14	00:35:23.804		1.33101			4
2025.05.14	00:35:33.960		1.33102			4
2025.05.14	00:35:36.427		1.33103			4
2025.05.14	00:35:49.976		1.33102			4
2025.05.14	00:35:54.291	1.33012	1.33101			6
2025.05.14	00:35:54.598		1.33099			4
2025.05.14	00:35:58.611		1.33098			4
2025.05.14	00:35:59.834		1.33099			4
2025.05.14	00:36:00.140	1.33012				2
2025.05.14	00:36:00.452		1.33100			4
2025.05.14	00:36:02.603		1.33099			4
2025.05.14	00:36:04.148		1.33100			4
2025.05.14	00:36:08.767		1.33099			4
2025.05.14	00:36:19.534		1.33098			4
2025.05.14	00:36:22.308		1.33099			4
2025.05.14	00:36:22.617		1.33098			4
2025.05.14	00:36:33.703		1.33097			4
2025.05.14	00:36:35.246		1.33098			4
2025.05.14	00:36:54.652	1.33017	1.33097			6
2025.05.14	00:36:55.894	1.33019				2
2025.05.14	00:37:00.212	1.33019				2
2025.05.14	00:37:10.042	1.33017	1.33098			6
2025.05.14	00:37:26.040	1.33019	1.33097			6
2025.05.14	00:37:36.187	1.33017				2
2025.05.14	00:37:46.364	1.33019				2
2025.05.14	00:37:51.285		1.33096			4
2025.05.14	00:38:00.217	1.33019				2
2025.05.14	00:38:01.452		1.33097			4
2025.05.14	00:38:11.613		1.33098			4
2025.05.14	00:38:13.157		1.33097			4
2025.05.14	00:38:32.829		1.33095			4
2025.05.14	00:38:40.201		1.33094			4
2025.05.14	00:38:40.504		1.33095			4
2025.05.14	00:38:46.956	1.33017				2
2025.05.14	00:38:48.796	1.33019				2
2025.05.14	00:39:00.172	1.33019				2
2025.05.14	00:39:12.482		1.33094			4
2025.05.14	00:39:20.500		1.33095			4
2025.05.14	00:39:23.276		1.33094			4
2025.05.14	00:39:27.596		1.33095			4
2025.05.14	00:39:28.828		1.33094			4
2025.05.14	00:39:43.951	1.33017	1.33093			6
2025.05.14	00:40:00.284	1.33017				2
2025.05.14	00:40:07.367	1.33016				2
2025.05.14	00:40:18.777	1.33015	1.33091			6
2025.05.14	00:40:19.085		1.33093			4
2025.05.14	00:40:19.391		1.33090			4
2025.05.14	00:40:21.236		1.33091			4
2025.05.14	00:40:21.547		1.33090			4
2025.05.14	00:40:28.934		1.33091			4
2025.05.14	00:40:29.249		1.33092			4
2025.05.14	00:40:29.863		1.33091			4
2025.05.14	00:40:32.330		1.33090			4
2025.05.14	00:40:33.871		1.33091			4
2025.05.14	00:40:35.414		1.33090			4
2025.05.14	00:40:41.256		1.33089			4
2025.05.14	00:41:00.055	1.33015				2
2025.05.14	00:41:06.224		1.33088			4
2025.05.14	00:41:18.998		1.33089			4
2025.05.14	00:41:19.608		1.33088			4
2025.05.14	00:41:26.997		1.33089			4
2025.05.14	00:41:27.305		1.33088			4
2025.05.14	00:41:33.778	1.33016				2
2025.05.14	00:41:43.033		1.33089			4
2025.05.14	00:41:44.261	1.33013	1.33090			6
2025.05.14	00:41:50.728		1.33089			4
2025.05.14	00:41:52.267		1.33090			4
2025.05.14	00:41:56.896		1.33089			4
2025.05.14	00:42:00.288	1.33013				2
2025.05.14	00:42:00.601		1.33094			4
2025.05.14	00:42:05.842		1.33093			4
2025.05.14	00:42:06.466		1.33092			4
2025.05.14	00:42:11.387		1.33091			4
2025.05.14	00:42:18.472		1.33092			4
2025.05.14	00:42:20.017		1.33093			4
2025.05.14	00:42:21.250		1.33092			4
2025.05.14	00:42:25.872		1.33091			4
2025.05.14	00:42:28.033		1.33090			4
2025.05.14	00:42:32.659		1.33089			4
2025.05.14	00:42:35.126		1.33088			4
2025.05.14	00:42:40.065		1.33089			4
2025.05.14	00:42:43.142		1.33086			4
2025.05.14	00:42:46.838		1.33087			4
2025.05.14	00:43:00.084	1.33013				2
2025.05.14	00:43:06.870		1.33088			4
2025.05.14	00:43:11.188		1.33089			4
2025.05.14	00:43:14.583		1.33088			4
2025.05.14	00:43:18.592		1.33090			4
2025.05.14	00:43:18.899		1.33089			4
2025.05.14	00:43:19.207		1.33088			4
2025.05.14	00:43:22.912		1.33089			4
2025.05.14	00:43:24.458		1.33088			4
2025.05.14	00:43:26.925		1.33087			4
2025.05.14	00:43:32.467		1.33086			4
2025.05.14	00:43:34.918		1.33087			4
2025.05.14	00:43:40.454		1.33086			4
2025.05.14	00:43:44.454		1.33089			4
2025.05.14	00:43:44.762		1.33088			4
2025.05.14	00:43:46.300		1.33087			4
2025.05.14	00:43:48.460		1.33088			4
2025.05.14	00:44:00.169	1.33013				2
2025.05.14	00:44:03.566		1.33089			4
2025.05.14	00:44:08.215		1.33088			4
2025.05.14	00:44:10.364		1.33089			4
2025.05.14	00:44:10.675		1.33088			4
2025.05.14	00:44:13.147		1.33090			4
2025.05.14	00:44:13.455		1.33091			4
2025.05.14	00:44:16.226		1.33089			4
2025.05.14	00:44:27.950		1.33088			4
2025.05.14	00:44:28.256		1.33087			4
2025.05.14	00:44:32.877		1.33088			4
2025.05.14	00:44:35.651		1.33089			4
2025.05.14	00:44:39.036		1.33090			4
2025.05.14	00:45:00.296	1.33013				2
2025.05.14	00:45:02.151	1.33000				2
2025.05.14	00:45:04.612	1.33013				2
2025.05.14	00:45:08.684	1.33029	1.33074			6
2025.05.14	00:45:10.172	1.33030				2
2025.05.14	00:45:10.486		1.33075			4
2025.05.14	00:45:16.340		1.33074			4
2025.05.14	00:45:57.634		1.33075			4
2025.05.14	00:46:00.097	1.33030				2
2025.05.14	00:46:32.432		1.33074			4
2025.05.14	00:46:37.671		1.33076			4
2025.05.14	00:46:38.287		1.33075			4
2025.05.14	00:46:49.698		1.33078			4
2025.05.14	00:46:51.246		1.33079			4
2025.05.14	00:46:51.549		1.33078			4
2025.05.14	00:46:59.563		1.33077			4
2025.05.14	00:47:00.183	1.33030				2
2025.05.14	00:47:02.030	1.33019				2
2025.05.14	00:47:04.809	1.33030				2
2025.05.14	00:47:10.355		1.33091			4
2025.05.14	00:47:10.664		1.33093			4
2025.05.14	00:47:10.972		1.33094			4
2025.05.14	00:47:11.279		1.33092			4
2025.05.14	00:47:11.899		1.33089			4
2025.05.14	00:47:12.516		1.33088			4
2025.05.14	00:47:14.982		1.33090			4
2025.05.14	00:47:15.598		1.33092			4
2025.05.14	00:47:15.914		1.33085			4
2025.05.14	00:47:17.141		1.33084			4
2025.05.14	00:47:22.377		1.33097			4
2025.05.14	00:47:24.229		1.33090			4
2025.05.14	00:47:24.543		1.33092			4
2025.05.14	00:47:25.153		1.33090			4
2025.05.14	00:47:25.456		1.33092			4
2025.05.14	00:47:28.552		1.33097			4
2025.05.14	00:47:29.166		1.33098			4
2025.05.14	00:47:39.655		1.33092			4
2025.05.14	00:47:40.589		1.33090			4
2025.05.14	00:47:41.521		1.33089			4
2025.05.14	00:47:41.826		1.33092			4
2025.05.14	00:47:42.133		1.33088			4
2025.05.14	00:47:42.444		1.33087			4
2025.05.14	00:47:43.372		1.33086			4
2025.05.14	00:47:43.673		1.33084			4
2025.05.14	00:47:43.985		1.33086			4
2025.05.14	00:47:44.606		1.33085			4
2025.05.14	00:47:45.837		1.33102			4
2025.05.14	00:47:46.145		1.33076			4
2025.05.14	00:47:47.378		1.33101			4
2025.05.14	00:47:47.998	1.33020	1.33088			6
2025.05.14	00:47:48.308	1.33019	1.33077			6
2025.05.14	00:47:48.615	1.33018	1.33076			6
2025.05.14	00:47:49.226		1.33075			4
2025.05.14	00:47:50.460		1.33074			4
2025.05.14	00:47:54.162	1.33019	1.33077			6
2025.05.14	00:47:55.385	1.33018	1.33076			6
2025.05.14	00:48:00.021	1.33018				2
2025.05.14	00:48:00.639	1.33019	1.33077			6
2025.05.14	00:48:00.940	1.33018	1.33076			6
2025.05.14	00:48:04.653	1.33020	1.33078			6
2025.05.14	00:48:11.093	1.33024	1.33091			6
2025.05.14	00:48:11.394	1.33027	1.33085			6
2025.05.14	00:48:13.255	1.33024	1.33088			6
2025.05.14	00:48:14.483		1.33089			4
2025.05.14	00:48:21.578	1.33030				2
2025.05.14	00:48:36.399		1.33082			4
2025.05.14	00:48:37.318		1.33080			4
2025.05.14	00:48:37.934		1.33075			4
2025.05.14	00:48:39.472		1.33084			4
2025.05.14	00:48:46.865		1.33085			4
2025.05.14	00:48:48.413		1.33086			4
2025.05.14	00:48:51.499		1.33089			4
2025.05.14	00:48:54.574		1.33091			4
2025.05.14	00:49:00.118	1.33030				2
2025.05.14	00:49:01.351		1.33090			4
2025.05.14	00:49:03.811		1.33093			4
2025.05.14	00:49:04.439		1.33092			4
2025.05.14	00:49:08.744		1.33086			4
2025.05.14	00:49:11.216		1.33092			4
2025.05.14	00:49:46.654		1.33089			4
2025.05.14	00:50:00.206	1.33030				2
2025.05.14	00:50:06.067		1.33087			4
2025.05.14	00:50:11.620	1.33027				2
2025.05.14	00:50:28.568	1.33028	1.33090			6
2025.05.14	00:50:39.960	1.33027	1.33088			6
2025.05.14	00:50:43.649		1.33086			4
2025.05.14	00:50:44.572		1.33084			4
2025.05.14	00:50:47.342		1.33085			4
2025.05.14	00:50:49.501		1.33094			4
2025.05.14	00:50:49.808		1.33093			4
2025.05.14	00:50:50.116		1.33087			4
2025.05.14	00:50:50.424		1.33086			4
2025.05.14	00:50:50.733		1.33085			4
2025.05.14	00:50:51.048		1.33087			4
2025.05.14	00:50:56.286		1.33095			4
2025.05.14	00:50:56.594	1.33028	1.33086			6
2025.05.14	00:51:00.279	1.33028				2
2025.05.14	00:51:00.582		1.33089			4
2025.05.14	00:51:02.730		1.33090			4
2025.05.14	00:51:04.572		1.33089			4
2025.05.14	00:51:06.408	1.33030				2
2025.05.14	00:51:07.935		1.33091			4
2025.05.14	00:51:25.182		1.33088			4
2025.05.14	00:51:29.470		1.33090			4
2025.05.14	00:51:32.213		1.33088			4
2025.05.14	00:51:35.276		1.33089			4
2025.05.14	00:51:36.196		1.33088			4
2025.05.14	00:51:36.502		1.33087			4
2025.05.14	00:51:41.415		1.33094			4
2025.05.14	00:51:41.723		1.33089			4
2025.05.14	00:51:46.321		1.33087			4
2025.05.14	00:51:46.627		1.33088			4
2025.05.14	00:51:46.936		1.33089			4
2025.05.14	00:52:00.214	1.33030				2
2025.05.14	00:52:06.676		1.33090			4
2025.05.14	00:52:08.529		1.33085			4
2025.05.14	00:52:11.609		1.33087			4
2025.05.14	00:52:18.379		1.33088			4
2025.05.14	00:52:40.282		1.33086			4
2025.05.14	00:52:46.454		1.33088			4
2025.05.14	00:52:54.156		1.33089			4
2025.05.14	00:52:54.460		1.33098			4
2025.05.14	00:52:54.775		1.33093			4
2025.05.14	00:52:55.077		1.33087			4
2025.05.14	00:52:56.324		1.33085			4
2025.05.14	00:53:00.020	1.33030				2
2025.05.14	00:53:03.099		1.33086			4
2025.05.14	00:53:06.798		1.33089			4
2025.05.14	00:53:11.108		1.33086			4
2025.05.14	00:53:12.036		1.33085			4
2025.05.14	00:53:12.342		1.33086			4
2025.05.14	00:53:12.645		1.33084			4
2025.05.14	00:53:21.269		1.33085			4
2025.05.14	00:53:22.187		1.33088			4
2025.05.14	00:53:25.275		1.33090			4
2025.05.14	00:53:25.582		1.33085			4
2025.05.14	00:53:30.518		1.33086			4
2025.05.14	00:53:30.826		1.33085			4
2025.05.14	00:53:32.368		1.33083			4
2025.05.14	00:53:35.136		1.33082			4
2025.05.14	00:53:57.608		1.33081			4
2025.05.14	00:53:59.763		1.33083			4
2025.05.14	00:54:00.068	1.33030				2
2025.05.14	00:54:01.611		1.33085			4
2025.05.14	00:54:02.538		1.33084			4
2025.05.14	00:54:08.089		1.33085			4
2025.05.14	00:54:11.477		1.33084			4
2025.05.14	00:54:11.790		1.33086			4
2025.05.14	00:54:12.100		1.33084			4
2025.05.14	00:54:14.252		1.33086			4
2025.05.14	00:54:14.553		1.33084			4
2025.05.14	00:54:15.171		1.33086			4
2025.05.14	00:54:15.480		1.33084			4
2025.05.14	00:54:19.785		1.33085			4
2025.05.14	00:54:20.093		1.33083			4
2025.05.14	00:54:20.407		1.33085			4
2025.05.14	00:54:25.330		1.33082			4
2025.05.14	00:54:25.645		1.33083			4
2025.05.14	00:54:27.483		1.33082			4
2025.05.14	00:54:30.872		1.33083			4
2025.05.14	00:54:34.255		1.33082			4
2025.05.14	00:54:37.028		1.33083			4
2025.05.14	00:54:46.884		1.33082			4
2025.05.14	00:54:47.187		1.33084			4
2025.05.14	00:54:48.118		1.33080			4
2025.05.14	00:54:48.729		1.33083			4
2025.05.14	00:55:00.122	1.33030	1.33081			6
2025.05.14	00:55:04.441		1.33080			4
2025.05.14	00:55:12.154		1.33081			4
2025.05.14	00:55:15.937		1.33080			4
2025.05.14	00:55:21.178		1.33081			4
2025.05.14	00:55:23.949		1.33082			4
2025.05.14	00:55:24.265	1.33023	1.33081			6
2025.05.14	00:55:25.180	1.33020	1.33078			6
2025.05.14	00:55:25.483	1.33030	1.33077			6
2025.05.14	00:55:32.576		1.33081			4
2025.05.14	00:55:33.188	1.33023				2
2025.05.14	00:55:35.043	1.33030				2
2025.05.14	00:55:38.734		1.33075			4
2025.05.14	00:55:41.519		1.33078			4
2025.05.14	00:55:41.824		1.33077			4
2025.05.14	00:55:42.135		1.33076			4
2025.05.14	00:55:49.513		1.33075			4
2025.05.14	00:55:49.817	1.33017				2
2025.05.14	00:55:50.434	1.33030	1.33092			6
2025.05.14	00:55:51.351		1.33083			4
2025.05.14	00:55:53.813	1.33026	1.33084			6
2025.05.14	00:55:54.117	1.33030				2
2025.05.14	00:55:58.737		1.33078			4
2025.05.14	00:55:59.051		1.33079			4
2025.05.14	00:55:59.353		1.33078			4
2025.05.14	00:55:59.662		1.33079			4
2025.05.14	00:55:59.978		1.33078			4
2025.05.14	00:56:00.278	1.33030				2
2025.05.14	00:56:02.438		1.33079			4
2025.05.14	00:56:02.748		1.33081			4
2025.05.14	00:56:03.054		1.33080			4
2025.05.14	00:56:06.134		1.33078			4
2025.05.14	00:56:08.288	1.33026	1.33084			6
2025.05.14	00:56:08.595	1.33027	1.33085			6
2025.05.14	00:56:09.212		1.33084			4
2025.05.14	00:56:12.292	1.33030	1.33088			6
2025.05.14	00:56:12.910	1.33028	1.33086			6
2025.05.14	00:56:13.224	1.33030	1.33088			6
2025.05.14	00:56:15.373	1.33028	1.33086			6
2025.05.14	00:56:22.456	1.33030	1.33088			6
2025.05.14	00:56:28.297	1.33029	1.33087			6
2025.05.14	00:56:30.148	1.33031	1.33089			6
2025.05.14	00:56:31.065	1.33027	1.33085			6
2025.05.14	00:56:31.375		1.33083			4
2025.05.14	00:56:32.294		1.33084			4
2025.05.14	00:56:34.449	1.33028	1.33086			6
2025.05.14	00:56:42.461	1.33031	1.33089			6
2025.05.14	00:56:44.924	1.33029	1.33092			6
2025.05.14	00:56:45.537	1.33027				2
2025.05.14	00:56:45.847		1.33088			4
2025.05.14	00:56:46.464		1.33092			4
2025.05.14	00:56:47.076	1.33028	1.33086			6
2025.05.14	00:56:48.316	1.33027	1.33085			6
2025.05.14	00:56:48.618		1.33084			4
2025.05.14	00:56:48.925	1.33029	1.33107			6
2025.05.14	00:56:49.232	1.33033	1.33111			6
2025.05.14	00:56:49.543	1.33027	1.33112			6
2025.05.14	00:56:50.159	1.33030	1.33117			6
2025.05.14	00:56:50.467	1.33032				2
2025.05.14	00:56:51.080	1.33027				2
2025.05.14	00:56:51.391	1.33028				2
2025.05.14	00:56:51.699	1.33029				2
2025.05.14	00:56:53.235	1.33030				2
2025.05.14	00:56:53.858	1.33032				2
2025.05.14	00:56:55.706	1.33036				2
2025.05.14	00:56:56.620	1.33032				2
2025.05.14	00:56:57.548	1.33033				2
2025.05.14	00:56:59.691	1.33038				2
2025.05.14	00:57:00.308	1.33038				2
2025.05.14	00:57:03.691	1.33035				2
2025.05.14	00:57:04.300		1.33114			4
2025.05.14	00:57:06.452	1.33036				2
2025.05.14	00:57:07.370	1.33035				2
2025.05.14	00:57:08.295	1.33036				2
2025.05.14	00:57:09.531		1.33117			4
2025.05.14	00:57:09.834	1.33035				2
2025.05.14	00:57:10.757	1.33034				2
2025.05.14	00:57:13.528	1.33035				2
2025.05.14	00:57:14.149	1.33036				2
2025.05.14	00:57:15.069	1.33037				2
2025.05.14	00:57:15.377	1.33036				2
2025.05.14	00:57:16.000	1.33038				2
2025.05.14	00:57:16.305	1.33036				2
2025.05.14	00:57:16.923	1.33038				2
2025.05.14	00:57:17.533	1.33042				2
2025.05.14	00:57:18.149	1.33039				2
2025.05.14	00:57:18.455	1.33038				2
2025.05.14	00:57:19.075	1.33042				2
2025.05.14	00:57:19.383	1.33038				2
2025.05.14	00:57:21.223	1.33044				2
2025.05.14	00:57:21.533	1.33039				2
2025.05.14	00:57:22.150	1.33044				2
2025.05.14	00:57:22.458	1.33038				2
2025.05.14	00:57:22.773	1.33044				2
2025.05.14	00:57:24.308	1.33046				2
2025.05.14	00:57:25.231	1.33039				2
2025.05.14	00:57:25.536	1.33048				2
2025.05.14	00:57:26.458	1.33039				2
2025.05.14	00:57:27.689	1.33049				2
2025.05.14	00:57:28.308	1.33053	1.33120			6
2025.05.14	00:57:28.613	1.33040				2
2025.05.14	00:57:29.846	1.33034				2
2025.05.14	00:57:34.150	1.33044				2
2025.05.14	00:57:35.684		1.33114			4
2025.05.14	00:57:36.001	1.33035				2
2025.05.14	00:57:40.927	1.33043				2
2025.05.14	00:57:41.541	1.33048				2
2025.05.14	00:57:41.847	1.33047				2
2025.05.14	00:57:42.152	1.33036	1.33120			6
2025.05.14	00:57:42.461	1.33046				2
2025.05.14	00:57:50.466	1.33034				2
2025.05.14	00:57:50.771	1.33036				2
2025.05.14	00:57:52.013	1.33046				2
2025.05.14	00:57:56.026	1.33045				2
2025.05.14	00:57:57.870	1.33037				2
2025.05.14	00:57:59.717	1.33038				2
2025.05.14	00:58:00.026	1.33038				2
2025.05.14	00:58:01.263	1.33047				2
2025.05.14	00:58:02.186	1.33050				2
2025.05.14	00:58:08.345		1.33114			4
2025.05.14	00:58:10.508	1.33051				2
2025.05.14	00:58:12.969	1.33046				2
2025.05.14	00:58:13.277	1.33047				2
2025.05.14	00:58:13.588		1.33120			4
2025.05.14	00:58:16.351	1.33043				2
2025.05.14	00:58:16.969	1.33034				2
2025.05.14	00:58:17.588	1.33044				2
2025.05.14	00:58:18.213	1.33034				2
2025.05.14	00:58:19.745	1.33044				2
2025.05.14	00:58:24.363	1.33043				2
2025.05.14	00:58:26.523	1.33042				2
2025.05.14	00:58:32.989	1.33043				2
2025.05.14	00:58:33.911		1.33114			4
2025.05.14	00:58:35.447	1.33042				2
2025.05.14	00:58:39.147		1.33120			4
2025.05.14	00:58:41.915	1.33043				2
2025.05.14	00:58:42.840	1.33044				2
2025.05.14	00:58:44.996	1.33043				2
2025.05.14	00:58:50.554	1.33041				2
2025.05.14	00:58:56.096	1.33048				2
2025.05.14	00:58:57.950	1.33041				2
2025.05.14	00:59:00.106	1.33041	1.33114			6
2025.05.14	00:59:03.801	1.33042				2
2025.05.14	00:59:05.650		1.33120			4
2025.05.14	00:59:09.031	1.33048				2
2025.05.14	00:59:09.340	1.33050				2
2025.05.14	00:59:11.193	1.33049				2
2025.05.14	00:59:11.804	1.33042				2
2025.05.14	00:59:13.037	1.33047				2
2025.05.14	00:59:13.352	1.33046				2
2025.05.14	00:59:13.969	1.33047				2
2025.05.14	00:59:14.281	1.33046				2
2025.05.14	00:59:14.900	1.33047				2
2025.05.14	00:59:15.822	1.33049				2
2025.05.14	00:59:17.361	1.33047				2
2025.05.14	00:59:20.743	1.33050				2
2025.05.14	00:59:21.366	1.33051				2
2025.05.14	00:59:25.360	1.33049				2
2025.05.14	00:59:25.672	1.33043				2
2025.05.14	00:59:25.975	1.33047				2
2025.05.14	00:59:28.133		1.33114			4
2025.05.14	00:59:31.837	1.33050				2
2025.05.14	00:59:32.756	1.33048				2
2025.05.14	00:59:34.601	1.33049	1.33120			6
2025.05.14	00:59:36.449	1.33050				2
2025.05.14	00:59:37.988	1.33048				2
2025.05.14	00:59:39.537	1.33050				2
2025.05.14	00:59:40.772	1.33049				2
2025.05.14	00:59:44.156	1.33050				2
2025.05.14	00:59:44.774	1.33047				2
2025.05.14	00:59:45.080	1.33050				2
2025.05.14	00:59:45.382	1.33049				2
2025.05.14	00:59:50.008	1.33050				2
2025.05.14	00:59:50.320	1.33047				2
2025.05.14	00:59:50.625	1.33050				2
2025.05.14	00:59:56.181	1.33051				2
2025.05.14	00:59:56.492	1.33049				2
2025.05.14	00:59:58.954		1.33114			4
2025.05.14	01:00:00.178	1.33040	1.33102			6
2025.05.14	01:00:00.485	1.33043				2
2025.05.14	01:00:00.789	1.33045				2
2025.05.14	01:00:02.024	1.33046				2
2025.05.14	01:00:02.331	1.33045	1.33123			6
2025.05.14	01:00:03.279	1.33044				2
2025.05.14	01:00:03.590	1.33043				2
2025.05.14	01:00:03.898	1.33042				2
2025.05.14	01:00:04.204	1.33041				2
2025.05.14	01:00:04.511	1.33043				2
2025.05.14	01:00:05.120		1.33115			4
2025.05.14	01:00:05.431	1.33044				2
2025.05.14	01:00:06.044	1.33043				2
2025.05.14	01:00:06.351	1.33042				2
2025.05.14	01:00:07.274	1.33043				2
2025.05.14	01:00:07.582	1.33042	1.33102			6
2025.05.14	01:00:07.890	1.33044	1.33100			6
2025.05.14	01:00:08.515	1.33047				2
2025.05.14	01:00:08.821	1.33046				2
2025.05.14	01:00:09.135	1.33047				2
2025.05.14	01:00:10.058	1.33048	1.33097			6
2025.05.14	01:00:10.368	1.33049				2
2025.05.14	01:00:10.676	1.33051				2
2025.05.14	01:00:11.295	1.33047	1.33096			6
2025.05.14	01:00:11.604		1.33097			4
2025.05.14	01:00:12.217		1.33080			4
2025.05.14	01:00:12.837	1.33048	1.33078			6
2025.05.14	01:00:13.144		1.33079			4
2025.05.14	01:00:14.369	1.33049	1.33078			6
2025.05.14	01:00:15.301	1.33052				2
2025.05.14	01:00:15.610	1.33054				2
2025.05.14	01:00:16.222	1.33051	1.33080			6
2025.05.14	01:00:16.827	1.33049	1.33087			6
2025.05.14	01:00:17.142	1.33046				2
2025.05.14	01:00:17.449	1.33047	1.33084			6
2025.05.14	01:00:17.762	1.33046	1.33085			6
2025.05.14	01:00:18.374		1.33086			4
2025.05.14	01:00:18.680	1.33049	1.33085			6
2025.05.14	01:00:18.988	1.33050				2
2025.05.14	01:00:19.300	1.33049				2
2025.05.14	01:00:19.608	1.33048	1.33089			6
2025.05.14	01:00:21.145	1.33051				2
2025.05.14	01:00:21.452	1.33052				2
2025.05.14	01:00:23.600	1.33053	1.33094			6
2025.05.14	01:00:26.376	1.33051	1.33090			6
2025.05.14	01:00:26.695		1.33091			4
2025.05.14	01:00:27.003	1.33050	1.33093			6
2025.05.14	01:00:27.310	1.33051				2
2025.05.14	01:00:28.243	1.33049	1.33088			6
2025.05.14	01:00:28.862	1.33050				2
2025.05.14	01:00:29.473	1.33047				2
2025.05.14	01:00:30.705	1.33048				2
2025.05.14	01:00:31.328	1.33047				2
2025.05.14	01:00:31.632	1.33048				2
2025.05.14	01:00:33.793	1.33053	1.33084			6
2025.05.14	01:00:34.097	1.33054	1.33089			6
2025.05.14	01:00:34.409	1.33053	1.33086			6
2025.05.14	01:00:35.024		1.33089			4
2025.05.14	01:00:35.327	1.33052				2
2025.05.14	01:00:36.252	1.33053				2
2025.05.14	01:00:36.870	1.33052				2
2025.05.14	01:00:37.172	1.33054				2
2025.05.14	01:00:37.474	1.33053				2
2025.05.14	01:00:38.715	1.33062	1.33101			6
2025.05.14	01:00:39.019	1.33061	1.33100			6
2025.05.14	01:00:39.635	1.33059	1.33098			6
2025.05.14	01:00:40.244	1.33057				2
2025.05.14	01:00:40.547	1.33058				2
2025.05.14	01:00:41.155	1.33059				2
2025.05.14	01:00:42.389		1.33100			4
2025.05.14	01:00:42.694		1.33098			4
2025.05.14	01:00:43.298	1.33060				2
2025.05.14	01:00:43.914	1.33062	1.33101			6
2025.05.14	01:00:45.439	1.33059	1.33098			6
2025.05.14	01:00:48.494		1.33095			4
2025.05.14	01:00:48.799	1.33077	1.33081			6
2025.05.14	01:00:49.104	1.33076	1.33080			6
2025.05.14	01:00:50.956	1.33059	1.33091			6
2025.05.14	01:00:51.262	1.33076	1.33080			6
2025.05.14	01:00:51.568	1.33075	1.33079			6
2025.05.14	01:00:51.883	1.33058	1.33092			6
2025.05.14	01:00:54.323	1.33059	1.33095			6
2025.05.14	01:00:54.931	1.33057	1.33096			6
2025.05.14	01:00:55.234	1.33058	1.33094			6
2025.05.14	01:00:55.547	1.33059				2
2025.05.14	01:00:56.162	1.33076	1.33080			6
2025.05.14	01:00:56.780	1.33075	1.33079			6
2025.05.14	01:00:57.386	1.33057	1.33093			6
2025.05.14	01:00:58.004	1.33058				2
2025.05.14	01:00:58.313	1.33076	1.33080			6
2025.05.14	01:00:59.551	1.33075	1.33079			6
2025.05.14	01:01:00.160	1.33075				2
2025.05.14	01:01:00.462	1.33053	1.33080			6
2025.05.14	01:01:00.771		1.33079			4
2025.05.14	01:01:02.013	1.33054	1.33081			6
2025.05.14	01:01:02.622	1.33053				2
2025.05.14	01:01:03.232		1.33083			4
2025.05.14	01:01:04.150	1.33052				2
2025.05.14	01:01:04.456		1.33081			4
2025.05.14	01:01:04.762		1.33083			4
2025.05.14	01:01:05.073		1.33084			4
2025.05.14	01:01:05.380		1.33082			4
2025.05.14	01:01:05.685		1.33081			4
2025.05.14	01:01:06.303	1.33053				2
2025.05.14	01:01:06.617		1.33083			4
2025.05.14	01:01:07.552	1.33055				2
2025.05.14	01:01:08.167	1.33054				2
2025.05.14	01:01:08.486	1.33055				2
2025.05.14	01:01:09.096	1.33054				2
2025.05.14	01:01:09.398	1.33053				2
2025.05.14	01:01:10.321	1.33054				2
2025.05.14	01:01:13.085	1.33055				2
2025.05.14	01:01:13.388	1.33071	1.33076			6
2025.05.14	01:01:14.318	1.33066	1.33071			6
2025.05.14	01:01:14.619	1.33068	1.33073			6
2025.05.14	01:01:15.224	1.33070	1.33075			6
2025.05.14	01:01:16.140	1.33071	1.33076			6
2025.05.14	01:01:16.755		1.33072			4
2025.05.14	01:01:18.291	1.33070	1.33071			6
2025.05.14	01:01:18.597	1.33063	1.33064			6
2025.05.14	01:01:18.900	1.33061	1.33062			6
2025.05.14	01:01:46.482	1.33060	1.33061			6
2025.05.14	01:01:55.067	1.33059	1.33060			6
2025.05.14	01:01:55.375	1.33051	1.33052			6
2025.05.14	01:01:56.296	1.33050				2
2025.05.14	01:02:00.261	1.33050				2
2025.05.14	01:02:00.570	1.33049				2
2025.05.14	01:02:03.322	1.33048				2
2025.05.14	01:02:05.480	1.33044	1.33050			6
2025.05.14	01:02:16.817		1.33049			4
2025.05.14	01:02:18.953		1.33047			4
2025.05.14	01:02:20.176	1.33048	1.33049			6
2025.05.14	01:02:20.481	1.33052	1.33057			6
2025.05.14	01:02:21.093	1.33058	1.33065			6
2025.05.14	01:02:21.408	1.33059				2
2025.05.14	01:02:21.720		1.33066			4
2025.05.14	01:02:23.559	1.33060				2
2025.05.14	01:02:28.135	1.33061	1.33068			6
2025.05.14	01:02:29.364	1.33062	1.33069			6
2025.05.14	01:02:30.283	1.33061	1.33068			6
2025.05.14	01:02:38.287	1.33060	1.33067			6
2025.05.14	01:02:39.205	1.33062	1.33069			6
2025.05.14	01:02:40.126	1.33060	1.33067			6
2025.05.14	01:02:41.346	1.33061	1.33068			6
2025.05.14	01:02:49.297	1.33060	1.33066			6
2025.05.14	01:02:50.814	1.33061	1.33067			6
2025.05.14	01:02:51.118	1.33060	1.33066			6
2025.05.14	01:02:58.170	1.33061	1.33067			6
2025.05.14	01:03:00.004	1.33061				2
2025.05.14	01:03:00.312	1.33062	1.33068			6
2025.05.14	01:03:03.672	1.33061	1.33067			6
2025.05.14	01:03:07.979	1.33062	1.33068			6
2025.05.14	01:03:08.284	1.33060	1.33066			6
2025.05.14	01:03:11.656	1.33063	1.33069			6
2025.05.14	01:03:12.572	1.33062	1.33068			6
2025.05.14	01:03:16.225		1.33067			4
2025.05.14	01:03:20.469	1.33061	1.33066			6
2025.05.14	01:03:20.771		1.33065			4
2025.05.14	01:03:21.377	1.33060				2
2025.05.14	01:03:25.344	1.33061	1.33066			6
2025.05.14	01:03:30.575	1.33062	1.33067			6
2025.05.14	01:03:30.882	1.33061	1.33066			6
2025.05.14	01:03:33.316	1.33062	1.33067			6
2025.05.14	01:03:33.622	1.33061	1.33066			6
2025.05.14	01:03:34.545	1.33062	1.33067			6
2025.05.14	01:03:39.738	1.33061	1.33066			6
2025.05.14	01:03:41.261		1.33065			4
2025.05.14	01:03:42.485	1.33062	1.33066			6
2025.05.14	01:03:50.451	1.33063	1.33067			6
2025.05.14	01:03:51.681	1.33062	1.33066			6
2025.05.14	01:03:52.293	1.33063	1.33067			6
2025.05.14	01:03:53.525	1.33062	1.33066			6
2025.05.14	01:04:00.284	1.33062				2
2025.05.14	01:04:03.659		1.33063			4
2025.05.14	01:04:07.328	1.33063	1.33064			6
2025.05.14	01:04:11.922	1.33062	1.33063			6
2025.05.14	01:04:15.590	1.33063	1.33064			6
2025.05.14	01:04:33.976	1.33062	1.33063			6
2025.05.14	01:04:37.631	1.33063	1.33064			6
2025.05.14	01:05:00.232	1.33063				2
2025.05.14	01:05:05.429	1.33072	1.33073			6
2025.05.14	01:05:05.734	1.33074	1.33076			6
2025.05.14	01:05:06.037		1.33077			4
2025.05.14	01:05:07.276		1.33079			4
2025.05.14	01:05:10.051		1.33077			4
2025.05.14	01:05:13.137		1.33078			4
2025.05.14	01:05:14.676	1.33063	1.33068			6
2025.05.14	01:05:15.294		1.33067			4
2025.05.14	01:05:16.219		1.33068			4
2025.05.14	01:05:21.162		1.33067			4
2025.05.14	01:05:22.086	1.33061				2
2025.05.14	01:05:22.707	1.33062				2
2025.05.14	01:05:26.426		1.33066			4
2025.05.14	01:05:32.288		1.33067			4
2025.05.14	01:05:36.296		1.33068			4
2025.05.14	01:05:37.220		1.33067			4
2025.05.14	01:05:38.456		1.33066			4
2025.05.14	01:05:42.178		1.33065			4
2025.05.14	01:05:43.402	1.33061				2
2025.05.14	01:05:46.495		1.33064			4
2025.05.14	01:05:54.223		1.33063			4
2025.05.14	01:05:55.148		1.33064			4
2025.05.14	01:05:56.995	1.33062	1.33065			6
2025.05.14	01:05:58.542	1.33061				2
2025.05.14	01:05:58.856	1.33062				2
2025.05.14	01:06:00.091	1.33062				2
2025.05.14	01:06:00.711		1.33066			4
2025.05.14	01:06:01.935	1.33061	1.33064			6
2025.05.14	01:06:03.785	1.33058	1.33062			6
2025.05.14	01:06:04.090	1.33055	1.33058			6
2025.05.14	01:06:04.715		1.33059			4
2025.05.14	01:06:05.333		1.33058			4
2025.05.14	01:06:09.038		1.33059			4
2025.05.14	01:06:11.197		1.33060			4
2025.05.14	01:06:11.813		1.33059			4
2025.05.14	01:06:13.354		1.33060			4
2025.05.14	01:06:14.276		1.33059			4
2025.05.14	01:06:22.285		1.33057			4
2025.05.14	01:06:32.187		1.33059			4
2025.05.14	01:06:37.118		1.33058			4
2025.05.14	01:06:43.557		1.33056			4
2025.05.14	01:06:43.863		1.33057			4
2025.05.14	01:06:52.734	1.33054	1.33058			6
2025.05.14	01:06:55.490		1.33057			4
2025.05.14	01:07:00.082	1.33054				2
2025.05.14	01:07:10.182		1.33056			4
2025.05.14	01:07:10.490		1.33057			4
2025.05.14	01:07:14.202		1.33056			4
2025.05.14	01:07:25.187	1.33053				2
2025.05.14	01:07:25.488	1.33049	1.33052			6
2025.05.14	01:07:26.099	1.33048				2
2025.05.14	01:07:32.878	1.33047	1.33051			6
2025.05.14	01:07:38.122		1.33050			4
2025.05.14	01:07:49.143	1.33048	1.33051			6
2025.05.14	01:07:50.677	1.33047	1.33050			6
2025.05.14	01:07:51.285	1.33046	1.33049			6
2025.05.14	01:07:52.205	1.33048	1.33051			6
2025.05.14	01:07:52.818	1.33046	1.33049			6
2025.05.14	01:07:55.268	1.33047	1.33050			6
2025.05.14	01:07:55.576	1.33045	1.33048			6
2025.05.14	01:07:58.316	1.33046	1.33049			6
2025.05.14	01:08:00.140	1.33045	1.33048			6
2025.05.14	01:08:02.901	1.33044	1.33047			6
2025.05.14	01:08:10.245	1.33045	1.33048			6
2025.05.14	01:08:11.166	1.33044	1.33047			6
2025.05.14	01:08:12.386	1.33043	1.33046			6
2025.05.14	01:08:12.693	1.33044	1.33047			6
2025.05.14	01:08:30.588	1.33049	1.33052			6
2025.05.14	01:08:31.204		1.33053			4
2025.05.14	01:08:32.122	1.33050	1.33054			6
2025.05.14	01:08:32.431	1.33049	1.33053			6
2025.05.14	01:08:33.357	1.33050	1.33054			6
2025.05.14	01:08:37.688	1.33049	1.33053			6
2025.05.14	01:08:38.619	1.33050	1.33054			6
2025.05.14	01:08:46.326		1.33053			4
2025.05.14	01:08:47.255	1.33051	1.33054			6
2025.05.14	01:09:00.248	1.33051				2
2025.05.14	01:09:01.175	1.33050	1.33053			6
2025.05.14	01:09:06.419	1.33051	1.33054			6
2025.05.14	01:09:07.033	1.33050	1.33053			6
2025.05.14	01:09:07.963	1.33051	1.33054			6
2025.05.14	01:09:14.117	1.33053	1.33056			6
2025.05.14	01:10:00.310	1.33053				2
2025.05.14	01:10:04.637	1.33052	1.33055			6
2025.05.14	01:10:06.185	1.33053	1.33056			6
2025.05.14	01:10:14.837	1.33052	1.33055			6
2025.05.14	01:10:27.724	1.33053	1.33056			6
2025.05.14	01:10:30.478	1.33052	1.33055			6
2025.05.14	01:10:34.154	1.33053	1.33056			6
2025.05.14	01:10:55.100	1.33054	1.33057			6
2025.05.14	01:11:00.052	1.33054				2
2025.05.14	01:11:05.610	1.33053	1.33056			6
2025.05.14	01:11:12.407	1.33052	1.33055			6
2025.05.14	01:11:12.717	1.33053	1.33056			6
2025.05.14	01:11:24.176	1.33052	1.33055			6
2025.05.14	01:11:29.110	1.33053	1.33056			6
2025.05.14	01:11:37.749	1.33054	1.33057			6
2025.05.14	01:12:00.050	1.33054				2
2025.05.14	01:12:01.904	1.33053	1.33056			6
2025.05.14	01:12:07.465	1.33052	1.33055			6
2025.05.14	01:12:07.774	1.33053	1.33056			6
2025.05.14	01:13:00.278	1.33053				2
2025.05.14	01:13:08.014		1.33056			4
2025.05.14	01:13:13.578	1.33052	1.33055			6
2025.05.14	01:13:15.736	1.33053	1.33056			6
2025.05.14	01:13:17.918	1.33052	1.33055			6
2025.05.14	01:13:19.457	1.33050	1.33053			6
2025.05.14	01:13:21.927	1.33045	1.33048			6
2025.05.14	01:13:22.231	1.33040	1.33043			6
2025.05.14	01:13:23.169	1.33038	1.33044			6
2025.05.14	01:13:28.419	1.33037	1.33043			6
2025.05.14	01:13:29.665	1.33042	1.33048			6
2025.05.14	01:13:30.269		1.33047			4
2025.05.14	01:13:30.883		1.33048			4
2025.05.14	01:13:35.200		1.33047			4
2025.05.14	01:13:35.506		1.33048			4
2025.05.14	01:13:36.433	1.33041	1.33047			6
2025.05.14	01:13:43.852	1.33042	1.33048			6
2025.05.14	01:13:44.161	1.33041	1.33047			6
2025.05.14	01:13:51.271	1.33052	1.33057			6
2025.05.14	01:13:52.200		1.33058			4
2025.05.14	01:13:56.832		1.33059			4
2025.05.14	01:13:58.992		1.33058			4
2025.05.14	01:14:00.220	1.33052				2
2025.05.14	01:14:01.457		1.33059			4
2025.05.14	01:14:06.428	1.33053	1.33060			6
2025.05.14	01:14:08.308	1.33052	1.33059			6
2025.05.14	01:14:17.283		1.33058			4
2025.05.14	01:14:18.213	1.33053	1.33059			6
2025.05.14	01:14:21.593	1.33052	1.33058			6
2025.05.14	01:14:27.454	1.33061	1.33065			6
2025.05.14	01:14:27.774		1.33066			4
2025.05.14	01:14:28.078	1.33062	1.33067			6
2025.05.14	01:14:28.388		1.33068			4
2025.05.14	01:14:29.316		1.33067			4
2025.05.14	01:14:32.720		1.33068			4
2025.05.14	01:14:34.569		1.33067			4
2025.05.14	01:14:39.202	1.33061	1.33064			6
2025.05.14	01:14:41.367	1.33047	1.33054			6
2025.05.14	01:14:47.231	1.33046	1.33052			6
2025.05.14	01:14:48.164		1.33053			4
2025.05.14	01:14:48.471		1.33052			4
2025.05.14	01:14:54.649		1.33051			4
2025.05.14	01:14:59.269		1.33052			4
2025.05.14	01:14:59.580		1.33053			4
2025.05.14	01:14:59.888		1.33052			4
2025.05.14	01:15:00.197	1.33046				2
2025.05.14	01:15:00.513	1.33047	1.33054			6
2025.05.14	01:15:01.131	1.33051	1.33056			6
2025.05.14	01:15:03.306		1.33057			4
2025.05.14	01:15:03.613		1.33056			4
2025.05.14	01:15:04.235		1.33057			4
2025.05.14	01:15:04.547		1.33056			4
2025.05.14	01:15:05.474		1.33057			4
2025.05.14	01:15:05.790		1.33056			4
2025.05.14	01:15:06.403		1.33057			4
2025.05.14	01:15:06.720		1.33056			4
2025.05.14	01:15:12.882		1.33055			4
2025.05.14	01:15:13.797		1.33056			4
2025.05.14	01:15:14.103		1.33055			4
2025.05.14	01:15:14.720		1.33056			4
2025.05.14	01:15:15.029		1.33055			4
2025.05.14	01:15:15.946		1.33056			4
2025.05.14	01:15:16.563	1.33054	1.33057			6
2025.05.14	01:15:16.865	1.33055	1.33060			6
2025.05.14	01:15:17.175		1.33059			4
2025.05.14	01:15:17.797		1.33060			4
2025.05.14	01:15:18.409		1.33061			4
2025.05.14	01:15:18.720		1.33062			4
2025.05.14	01:15:19.028		1.33060			4
2025.05.14	01:15:19.333		1.33061			4
2025.05.14	01:15:19.948	1.33053	1.33057			6
2025.05.14	01:15:20.871		1.33058			4
2025.05.14	01:15:27.065		1.33057			4
2025.05.14	01:15:39.336		1.33058			4
2025.05.14	01:15:39.640	1.33050	1.33055			6
2025.05.14	01:15:45.812	1.33054				2
2025.05.14	01:15:46.123	1.33053	1.33056			6
2025.05.14	01:15:46.739	1.33050	1.33055			6
2025.05.14	01:15:47.671		1.33056			4
2025.05.14	01:15:47.985		1.33055			4
2025.05.14	01:15:48.916	1.33051				2
2025.05.14	01:15:49.228	1.33050				2
2025.05.14	01:15:50.456	1.33052	1.33056			6
2025.05.14	01:15:51.068	1.33050	1.33055			6
2025.05.14	01:15:51.390		1.33056			4
2025.05.14	01:15:52.312	1.33051				2
2025.05.14	01:15:53.221	1.33050	1.33055			6
2025.05.14	01:15:53.522	1.33052				2
2025.05.14	01:15:55.378	1.33053	1.33057			6
2025.05.14	01:16:00.023	1.33053				2
2025.05.14	01:16:00.334	1.33054	1.33056			6
2025.05.14	01:16:00.645	1.33053				2
2025.05.14	01:16:02.512		1.33057			4
2025.05.14	01:16:06.566		1.33056			4
2025.05.14	01:16:09.360	1.33061	1.33064			6
2025.05.14	01:16:09.662		1.33065			4
2025.05.14	01:16:09.964		1.33064			4
2025.05.14	01:16:10.266		1.33065			4
2025.05.14	01:16:22.630		1.33064			4
2025.05.14	01:16:23.242		1.33065			4
2025.05.14	01:16:26.642		1.33066			4
2025.05.14	01:16:27.270		1.33065			4
2025.05.14	01:16:27.890		1.33064			4
2025.05.14	01:16:28.820		1.33065			4
2025.05.14	01:16:29.754		1.33064			4
2025.05.14	01:16:30.660	1.33059	1.33063			6
2025.05.14	01:16:31.273	1.33061				2
2025.05.14	01:16:31.577		1.33064			4
2025.05.14	01:16:32.505		1.33065			4
2025.05.14	01:16:32.827		1.33066			4
2025.05.14	01:16:33.756	1.33063	1.33067			6
2025.05.14	01:16:34.070		1.33066			4
2025.05.14	01:16:34.999	1.33062	1.33065			6
2025.05.14	01:16:37.167		1.33066			4
2025.05.14	01:16:41.799	1.33060	1.33065			6
2025.05.14	01:16:42.110	1.33059	1.33064			6
2025.05.14	01:16:42.424	1.33061	1.33066			6
2025.05.14	01:16:42.730	1.33062	1.33067			6
2025.05.14	01:16:43.048	1.33061	1.33066			6
2025.05.14	01:16:46.143	1.33062				2
2025.05.14	01:16:49.196	1.33061	1.33065			6
2025.05.14	01:16:51.043		1.33064			4
2025.05.14	01:16:51.963		1.33065			4
2025.05.14	01:16:52.570	1.33062				2
2025.05.14	01:16:52.875		1.33066			4
2025.05.14	01:16:57.468	1.33063	1.33067			6
2025.05.14	01:16:57.766	1.33062	1.33065			6
2025.05.14	01:16:58.374		1.33066			4
2025.05.14	01:16:58.680		1.33065			4
2025.05.14	01:17:00.214	1.33062				2
2025.05.14	01:17:00.526		1.33066			4
2025.05.14	01:17:00.833		1.33065			4
2025.05.14	01:17:02.675		1.33066			4
2025.05.14	01:17:02.979		1.33065			4
2025.05.14	01:17:03.590		1.33066			4
2025.05.14	01:17:03.894		1.33065			4
2025.05.14	01:17:06.017		1.33066			4
2025.05.14	01:17:06.621	1.33061	1.33065			6
2025.05.14	01:17:17.280	1.33062				2
2025.05.14	01:17:22.190	1.33063	1.33066			6
2025.05.14	01:17:25.228	1.33064	1.33067			6
2025.05.14	01:17:26.755	1.33063	1.33066			6
2025.05.14	01:17:27.068	1.33064	1.33067			6
2025.05.14	01:17:27.368	1.33063	1.33066			6
2025.05.14	01:17:29.812	1.33062	1.33065			6
2025.05.14	01:17:30.118	1.33063	1.33066			6
2025.05.14	01:17:31.032	1.33062	1.33065			6
2025.05.14	01:17:33.157	1.33063	1.33066			6
2025.05.14	01:17:34.070	1.33062	1.33065			6
2025.05.14	01:17:41.966	1.33063	1.33066			6
2025.05.14	01:17:42.274	1.33062	1.33065			6
2025.05.14	01:17:42.582	1.33063	1.33066			6
2025.05.14	01:17:44.100	1.33064	1.33067			6
2025.05.14	01:17:44.403	1.33063	1.33066			6
2025.05.14	01:17:45.317	1.33062	1.33065			6
2025.05.14	01:17:47.459	1.33063	1.33066			6
2025.05.14	01:17:48.682	1.33062	1.33065			6
2025.05.14	01:17:49.294	1.33063	1.33066			6
2025.05.14	01:17:49.595	1.33062	1.33065			6
2025.05.14	01:17:51.436	1.33063	1.33066			6
2025.05.14	01:17:53.572	1.33062	1.33065			6
2025.05.14	01:17:53.875	1.33063	1.33066			6
2025.05.14	01:17:56.328	1.33062	1.33065			6
2025.05.14	01:17:58.183	1.33063	1.33066			6
2025.05.14	01:17:59.087	1.33062	1.33065			6
2025.05.14	01:17:59.395	1.33063	1.33066			6
2025.05.14	01:18:00.000	1.33063				2
2025.05.14	01:18:11.893	1.33062	1.33065			6
2025.05.14	01:18:22.045	1.33063	1.33066			6
2025.05.14	01:18:26.696	1.33062	1.33065			6
2025.05.14	01:18:34.127	1.33063	1.33066			6
2025.05.14	01:18:35.051	1.33062	1.33065			6
2025.05.14	01:18:35.979	1.33063	1.33066			6
2025.05.14	01:18:36.287	1.33062	1.33065			6
2025.05.14	01:18:36.901	1.33063	1.33066			6
2025.05.14	01:18:37.520	1.33062	1.33065			6
2025.05.14	01:18:38.758	1.33063	1.33066			6
2025.05.14	01:18:40.295	1.33062	1.33065			6
2025.05.14	01:18:46.145	1.33063	1.33066			6
2025.05.14	01:18:46.458	1.33062	1.33065			6
2025.05.14	01:18:47.066	1.33063	1.33066			6
2025.05.14	01:18:57.200		1.33065			4
2025.05.14	01:18:58.124		1.33066			4
2025.05.14	01:18:58.430		1.33065			4
2025.05.14	01:19:00.287	1.33063				2
2025.05.14	01:19:00.592	1.33060	1.33063			6
2025.05.14	01:19:00.905	1.33057	1.33060			6
2025.05.14	01:19:01.523	1.33062	1.33065			6
2025.05.14	01:19:02.755	1.33063	1.33066			6
2025.05.14	01:19:10.153	1.33062	1.33065			6
2025.05.14	01:19:15.721	1.33063	1.33066			6
2025.05.14	01:19:18.497	1.33062	1.33065			6
2025.05.14	01:19:20.352	1.33063	1.33066			6
2025.05.14	01:19:28.985	1.33062	1.33065			6
2025.05.14	01:19:41.669	1.33063	1.33066			6
2025.05.14	01:19:41.972	1.33062	1.33065			6
2025.05.14	01:19:43.209	1.33063	1.33066			6
2025.05.14	01:19:47.521	1.33055	1.33057			6
2025.05.14	01:19:48.132		1.33060			4
2025.05.14	01:19:48.749	1.33054				2
2025.05.14	01:20:00.160	1.33054				2
2025.05.14	01:20:00.461	1.33062	1.33067			6
2025.05.14	01:20:00.777		1.33068			4
2025.05.14	01:20:01.391	1.33061				2
2025.05.14	01:20:01.698	1.33062				2
2025.05.14	01:20:02.007	1.33061				2
2025.05.14	01:20:03.240	1.33063				2
2025.05.14	01:20:03.550		1.33067			4
2025.05.14	01:20:04.784	1.33062	1.33066			6
2025.05.14	01:20:05.399		1.33067			4
2025.05.14	01:20:06.019	1.33061				2
2025.05.14	01:20:07.877		1.33066			4
2025.05.14	01:20:08.182	1.33062	1.33067			6
2025.05.14	01:20:10.040		1.33068			4
2025.05.14	01:20:10.347		1.33067			4
2025.05.14	01:20:12.200		1.33068			4
2025.05.14	01:20:16.214	1.33061				2
2025.05.14	01:20:16.521	1.33062				2
2025.05.14	01:20:17.136		1.33067			4
2025.05.14	01:20:31.333		1.33066			4
2025.05.14	01:20:37.497		1.33067			4
2025.05.14	01:20:39.044	1.33063	1.33066			6
2025.05.14	01:20:39.361		1.33067			4
2025.05.14	01:21:00.024	1.33063				2
2025.05.14	01:21:03.399		1.33066			4
2025.05.14	01:21:04.628		1.33067			4
2025.05.14	01:21:07.383	1.33068	1.33071			6
2025.05.14	01:21:08.005	1.33067				2
2025.05.14	01:21:08.308		1.33072			4
2025.05.14	01:21:09.854		1.33071			4
2025.05.14	01:21:10.780		1.33072			4
2025.05.14	01:21:11.711	1.33066	1.33071			6
2025.05.14	01:21:14.482	1.33067	1.33072			6
2025.05.14	01:21:18.179	1.33066	1.33071			6
2025.05.14	01:21:19.105	1.33067				2
2025.05.14	01:21:20.641	1.33068	1.33072			6
2025.05.14	01:21:22.189	1.33067	1.33071			6
2025.05.14	01:21:22.504	1.33068	1.33072			6
2025.05.14	01:21:23.437	1.33067	1.33071			6
2025.05.14	01:21:24.360	1.33068	1.33072			6
2025.05.14	01:21:24.974	1.33073	1.33076			6
2025.05.14	01:21:25.281		1.33077			4
2025.05.14	01:21:26.204		1.33078			4
2025.05.14	01:21:28.352		1.33077			4
2025.05.14	01:21:28.972	1.33075	1.33080			6
2025.05.14	01:21:29.280	1.33074				2
2025.05.14	01:21:30.196	1.33075				2
2025.05.14	01:21:32.045	1.33074	1.33079			6
2025.05.14	01:21:33.275	1.33075	1.33080			6
2025.05.14	01:21:33.580		1.33079			4
2025.05.14	01:21:38.790	1.33074				2
2025.05.14	01:21:44.349		1.33078			4
2025.05.14	01:21:57.019	1.33071	1.33075			6
2025.05.14	01:21:57.637	1.33070	1.33074			6
2025.05.14	01:21:58.253	1.33069				2
2025.05.14	01:21:58.559	1.33070	1.33075			6
2025.05.14	01:21:59.798	1.33069	1.33074			6
2025.05.14	01:22:00.105	1.33069				2
2025.05.14	01:22:01.339	1.33070	1.33075			6
2025.05.14	01:22:02.267		1.33074			4
2025.05.14	01:22:03.499	1.33074	1.33078			6
2025.05.14	01:22:04.113		1.33079			4
2025.05.14	01:22:16.163		1.33078			4
2025.05.14	01:22:41.117	1.33075				2
2025.05.14	01:22:44.811	1.33080	1.33083			6
2025.05.14	01:22:45.120		1.33085			4
2025.05.14	01:22:46.669	1.33081	1.33086			6
2025.05.14	01:22:50.366		1.33085			4
2025.05.14	01:22:53.140	1.33080	1.33084			6
2025.05.14	01:22:54.387	1.33081	1.33085			6
2025.05.14	01:22:56.853	1.33084	1.33088			6
2025.05.14	01:22:57.170		1.33089			4
2025.05.14	01:23:00.262	1.33084				2
2025.05.14	01:23:02.110		1.33088			4
2025.05.14	01:23:10.778	1.33083	1.33087			6
2025.05.14	01:23:11.708	1.33084	1.33088			6
2025.05.14	01:23:18.165	1.33083	1.33087			6
2025.05.14	01:23:22.149	1.33084	1.33088			6
2025.05.14	01:23:27.068	1.33083	1.33087			6
2025.05.14	01:23:27.379	1.33084	1.33088			6
2025.05.14	01:23:30.139		1.33087			4
2025.05.14	01:23:34.421	1.33083	1.33086			6
2025.05.14	01:23:35.336	1.33084	1.33087			6
2025.05.14	01:23:40.216	1.33083	1.33086			6
2025.05.14	01:23:51.515	1.33079	1.33082			6
2025.05.14	01:23:52.134	1.33078	1.33081			6
2025.05.14	01:23:52.747	1.33079	1.33082			6
2025.05.14	01:23:53.355	1.33078	1.33083			6
2025.05.14	01:23:53.975	1.33077	1.33082			6
2025.05.14	01:23:59.220	1.33078	1.33083			6
2025.05.14	01:23:59.528	1.33077	1.33082			6
2025.05.14	01:24:00.148	1.33077				2
2025.05.14	01:24:02.316	1.33078				2
2025.05.14	01:24:03.864	1.33074	1.33078			6
2025.05.14	01:24:05.100	1.33073				2
2025.05.14	01:24:10.044	1.33072	1.33077			6
2025.05.14	01:24:11.590	1.33070	1.33075			6
2025.05.14	01:24:11.906	1.33071	1.33076			6
2025.05.14	01:24:13.444		1.33075			4
2025.05.14	01:24:13.751	1.33073	1.33078			6
2025.05.14	01:24:15.296		1.33079			4
2025.05.14	01:24:16.537	1.33072	1.33078			6
2025.05.14	01:24:18.388		1.33077			4
2025.05.14	01:24:32.928	1.33073				2
2025.05.14	01:24:33.551	1.33074	1.33079			6
2025.05.14	01:24:34.168		1.33078			4
2025.05.14	01:24:36.975	1.33078	1.33082			6
2025.05.14	01:24:37.280	1.33079	1.33083			6
2025.05.14	01:24:38.205	1.33078	1.33084			6
2025.05.14	01:24:44.089	1.33079	1.33085			6
2025.05.14	01:24:44.397	1.33078	1.33084			6
2025.05.14	01:24:50.271		1.33083			4
2025.05.14	01:24:57.385	1.33080	1.33085			6
2025.05.14	01:25:00.163	1.33080				2
2025.05.14	01:25:00.787	1.33078	1.33083			6
2025.05.14	01:25:06.360	1.33080	1.33085			6
2025.05.14	01:25:06.981	1.33079	1.33084			6
2025.05.14	01:25:11.301	1.33078	1.33083			6
2025.05.14	01:25:11.604	1.33079	1.33084			6
2025.05.14	01:25:14.393	1.33078	1.33082			6
2025.05.14	01:25:15.323	1.33077				2
2025.05.14	01:25:16.254	1.33078				2
2025.05.14	01:25:26.762	1.33079	1.33083			6
2025.05.14	01:25:27.073	1.33078	1.33082			6
2025.05.14	01:25:27.994	1.33077	1.33081			6
2025.05.14	01:25:28.919	1.33076	1.33080			6
2025.05.14	01:25:30.482	1.33077	1.33081			6
2025.05.14	01:25:30.782	1.33076	1.33080			6
2025.05.14	01:25:36.959	1.33077	1.33081			6
2025.05.14	01:25:38.185	1.33078	1.33082			6
2025.05.14	01:25:39.427	1.33077	1.33081			6
2025.05.14	01:25:44.977	1.33076	1.33080			6
2025.05.14	01:25:47.148	1.33077				2
2025.05.14	01:25:56.614	1.33078	1.33081			6
2025.05.14	01:26:00.278	1.33078				2
2025.05.14	01:26:00.887	1.33077	1.33080			6
2025.05.14	01:26:02.725	1.33073	1.33076			6
2025.05.14	01:26:04.256	1.33072				2
2025.05.14	01:26:08.263	1.33069	1.33073			6
2025.05.14	01:26:09.186	1.33068				2
2025.05.14	01:26:15.995	1.33069	1.33074			6
2025.05.14	01:26:16.305		1.33073			4
2025.05.14	01:26:25.270	1.33070	1.33074			6
2025.05.14	01:26:26.198	1.33069	1.33073			6
2025.05.14	01:26:32.387	1.33072	1.33076			6
2025.05.14	01:26:33.315		1.33077			4
2025.05.14	01:26:33.920	1.33069	1.33074			6
2025.05.14	01:26:46.290		1.33073			4
2025.05.14	01:26:53.086	1.33070	1.33074			6
2025.05.14	01:27:00.187	1.33070				2
2025.05.14	01:27:01.737	1.33069	1.33073			6
2025.05.14	01:27:07.896	1.33070	1.33074			6
2025.05.14	01:27:12.212		1.33073			4
2025.05.14	01:27:16.814		1.33072			4
2025.05.14	01:27:17.124	1.33065	1.33068			6
2025.05.14	01:27:18.364	1.33064	1.33069			6
2025.05.14	01:27:22.372	1.33065	1.33070			6
2025.05.14	01:27:22.679	1.33069	1.33074			6
2025.05.14	01:27:23.297	1.33068	1.33075			6
2025.05.14	01:27:24.217	1.33069				2
2025.05.14	01:27:26.370	1.33068	1.33074			6
2025.05.14	01:27:29.437	1.33069	1.33075			6
2025.05.14	01:27:29.740	1.33068	1.33074			6
2025.05.14	01:27:31.274	1.33069	1.33075			6
2025.05.14	01:27:41.142		1.33074			4
2025.05.14	01:27:45.165	1.33068	1.33073			6
2025.05.14	01:27:47.627	1.33069	1.33074			6
2025.05.14	01:27:53.515	1.33068	1.33073			6
2025.05.14	01:27:56.906	1.33069	1.33074			6
2025.05.14	01:27:57.213	1.33068	1.33073			6
2025.05.14	01:27:58.446	1.33069	1.33074			6
2025.05.14	01:27:58.758	1.33068	1.33073			6
2025.05.14	01:27:59.371		1.33072			4
2025.05.14	01:28:00.292	1.33068				2
2025.05.14	01:28:00.908	1.33069	1.33073			6
2025.05.14	01:28:01.212	1.33068	1.33072			6
2025.05.14	01:28:02.147	1.33069	1.33073			6
2025.05.14	01:28:02.451	1.33068	1.33072			6
2025.05.14	01:28:03.689	1.33069	1.33073			6
2025.05.14	01:28:03.994	1.33068	1.33072			6
2025.05.14	01:28:08.004	1.33069	1.33073			6
2025.05.14	01:28:11.711	1.33070	1.33074			6
2025.05.14	01:28:27.150	1.33069	1.33073			6
2025.05.14	01:28:27.453	1.33070	1.33074			6
2025.05.14	01:28:29.302		1.33073			4
2025.05.14	01:28:54.040	1.33069	1.33072			6
2025.05.14	01:29:00.125	1.33069				2
2025.05.14	01:29:10.823	1.33068	1.33071			6
2025.05.14	01:29:12.977	1.33069	1.33072			6
2025.05.14	01:29:14.817	1.33068	1.33071			6
2025.05.14	01:29:15.123	1.33069	1.33072			6
2025.05.14	01:29:20.343	1.33068	1.33071			6
2025.05.14	01:29:24.023	1.33069	1.33072			6
2025.05.14	01:29:29.239	1.33070	1.33073			6
2025.05.14	01:29:39.053	1.33067	1.33070			6
2025.05.14	01:29:39.359	1.33068	1.33071			6
2025.05.14	01:29:43.359	1.33067	1.33070			6
2025.05.14	01:29:43.666	1.33068	1.33071			6
2025.05.14	01:29:45.206	1.33067	1.33070			6
2025.05.14	01:29:45.513	1.33068	1.33071			6
2025.05.14	01:29:46.127	1.33067	1.33070			6
2025.05.14	01:29:50.114	1.33068	1.33071			6
2025.05.14	01:29:55.335	1.33069	1.33072			6
2025.05.14	01:29:55.643	1.33067	1.33070			6
2025.05.14	01:29:55.950	1.33070	1.33073			6
2025.05.14	01:29:56.260	1.33068	1.33071			6
2025.05.14	01:30:00.250	1.33070	1.33073			6
2025.05.14	01:30:01.820	1.33069	1.33072			6
2025.05.14	01:30:02.133	1.33068	1.33071			6
2025.05.14	01:30:02.436	1.33069	1.33072			6
2025.05.14	01:30:02.743	1.33068	1.33071			6
2025.05.14	01:30:03.359	1.33069	1.33072			6
2025.05.14	01:30:05.840	1.33074	1.33077			6
2025.05.14	01:30:06.149	1.33073	1.33079			6
2025.05.14	01:30:07.391		1.33078			4
2025.05.14	01:30:20.363	1.33072	1.33077			6
2025.05.14	01:30:22.501	1.33073				2
2025.05.14	01:30:22.804	1.33077	1.33082			6
2025.05.14	01:30:23.116		1.33083			4
2025.05.14	01:30:24.044	1.33076	1.33082			6
2025.05.14	01:30:26.816	1.33077	1.33083			6
2025.05.14	01:30:27.133	1.33076	1.33082			6
2025.05.14	01:30:41.317	1.33077				2
2025.05.14	01:30:44.708	1.33081	1.33086			6
2025.05.14	01:30:45.015	1.33079	1.33084			6
2025.05.14	01:30:54.287	1.33081	1.33086			6
2025.05.14	01:31:00.170	1.33081				2
2025.05.14	01:31:06.355		1.33085			4
2025.05.14	01:31:14.075	1.33078	1.33082			6
2025.05.14	01:31:14.691	1.33077	1.33081			6
2025.05.14	01:31:14.998	1.33078	1.33082			6
2025.05.14	01:31:15.303	1.33076	1.33081			6
2025.05.14	01:31:15.608	1.33077	1.33082			6
2025.05.14	01:31:26.977	1.33074	1.33078			6
2025.05.14	01:31:27.281	1.33072	1.33077			6
2025.05.14	01:31:28.209		1.33078			4
2025.05.14	01:31:39.267		1.33077			4
2025.05.14	01:31:39.885	1.33073				2
2025.05.14	01:31:40.501	1.33072				2
2025.05.14	01:31:41.114	1.33073				2
2025.05.14	01:31:42.655		1.33078			4
2025.05.14	01:31:42.970		1.33077			4
2025.05.14	01:31:43.282		1.33078			4
2025.05.14	01:31:44.520	1.33076	1.33081			6
2025.05.14	01:31:45.131	1.33077	1.33082			6
2025.05.14	01:31:46.362	1.33076				2
2025.05.14	01:31:51.882	1.33077	1.33083			6
2025.05.14	01:31:52.188	1.33076	1.33082			6
2025.05.14	01:31:56.168		1.33081			4
2025.05.14	01:31:56.475		1.33082			4
2025.05.14	01:31:56.780		1.33081			4
2025.05.14	01:31:57.396		1.33082			4
2025.05.14	01:31:57.704	1.33077	1.33083			6
2025.05.14	01:31:58.620	1.33076	1.33082			6
2025.05.14	01:31:59.230	1.33075	1.33081			6
2025.05.14	01:31:59.851	1.33076	1.33080			6
2025.05.14	01:32:00.153	1.33076	1.33079			6
2025.05.14	01:32:02.305		1.33081			4
2025.05.14	01:32:03.238		1.33082			4
2025.05.14	01:32:05.392		1.33081			4
2025.05.14	01:32:05.999		1.33082			4
2025.05.14	01:32:10.593	1.33077	1.33083			6
2025.05.14	01:32:11.210		1.33082			4
2025.05.14	01:32:11.516	1.33072	1.33077			6
2025.05.14	01:32:13.371	1.33071	1.33078			6
2025.05.14	01:32:15.226	1.33072				2
2025.05.14	01:32:22.938	1.33073				2
2025.05.14	01:32:26.633	1.33072				2
2025.05.14	01:32:29.719	1.33077	1.33083			6
2025.05.14	01:32:30.027		1.33082			4
2025.05.14	01:32:30.336		1.33083			4
2025.05.14	01:32:31.260	1.33076				2
2025.05.14	01:32:35.246		1.33082			4
2025.05.14	01:32:35.862	1.33077	1.33083			6
2025.05.14	01:32:36.781	1.33078	1.33084			6
2025.05.14	01:32:44.766	1.33077	1.33083			6
2025.05.14	01:32:49.367	1.33078	1.33084			6
2025.05.14	01:32:50.902	1.33077	1.33083			6
2025.05.14	01:32:51.212	1.33078	1.33084			6
2025.05.14	01:32:51.522	1.33077	1.33083			6
2025.05.14	01:32:52.138	1.33078	1.33084			6
2025.05.14	01:32:53.052	1.33077	1.33083			6
2025.05.14	01:32:56.125	1.33078				2
2025.05.14	01:33:00.123	1.33078				2
2025.05.14	01:33:06.561	1.33077	1.33082			6
2025.05.14	01:33:06.866	1.33078	1.33083			6
2025.05.14	01:33:10.554	1.33077	1.33082			6
2025.05.14	01:33:12.387	1.33078	1.33083			6
2025.05.14	01:33:13.311	1.33077	1.33082			6
2025.05.14	01:33:15.150	1.33078				2
2025.05.14	01:33:22.496	1.33077	1.33081			6
2025.05.14	01:33:22.797	1.33078	1.33082			6
2025.05.14	01:33:46.117		1.33081			4
2025.05.14	01:33:52.211	1.33079	1.33082			6
2025.05.14	01:34:00.117	1.33079				2
2025.05.14	01:34:00.727	1.33082	1.33085			6
2025.05.14	01:34:01.029	1.33083	1.33086			6
2025.05.14	01:34:01.946	1.33082	1.33085			6
2025.05.14	01:34:02.253		1.33086			4
2025.05.14	01:34:04.105	1.33081	1.33085			6
2025.05.14	01:34:04.716	1.33082	1.33086			6
2025.05.14	01:34:11.801		1.33085			4
2025.05.14	01:34:12.117		1.33084			4
2025.05.14	01:34:14.902		1.33085			4
2025.05.14	01:34:31.270		1.33084			4
2025.05.14	01:34:40.405		1.33085			4
2025.05.14	01:34:45.599		1.33084			4
2025.05.14	01:34:55.740		1.33085			4
2025.05.14	01:34:59.405		1.33084			4
2025.05.14	01:35:00.007	1.33082				2
2025.05.14	01:35:01.537	1.33081				2
2025.05.14	01:35:01.841	1.33082	1.33085			6
2025.05.14	01:35:06.444		1.33084			4
2025.05.14	01:35:07.990		1.33085			4
2025.05.14	01:35:50.557		1.33084			4
2025.05.14	01:35:51.173	1.33081				2
2025.05.14	01:35:55.799	1.33082				2
2025.05.14	01:35:56.112	1.33081				2
2025.05.14	01:35:57.028		1.33083			4
2025.05.14	01:35:58.886	1.33082				2
2025.05.14	01:35:59.191	1.33081				2
2025.05.14	01:36:00.122	1.33081				2
2025.05.14	01:36:00.742		1.33084			4
2025.05.14	01:36:04.137	1.33082				2
2025.05.14	01:36:04.447		1.33085			4
2025.05.14	01:36:06.291		1.33084			4
2025.05.14	01:36:06.597		1.33085			4
2025.05.14	01:36:06.905		1.33084			4
2025.05.14	01:36:10.308	1.33081				2
2025.05.14	01:36:12.156	1.33082	1.33085			6
2025.05.14	01:36:12.467	1.33083	1.33086			6
2025.05.14	01:36:17.102	1.33082	1.33085			6
2025.05.14	01:36:18.335	1.33083	1.33086			6
2025.05.14	01:36:22.659	1.33082	1.33085			6
2025.05.14	01:36:23.585	1.33083	1.33086			6
2025.05.14	01:36:43.029	1.33084	1.33087			6
2025.05.14	01:36:43.340	1.33083	1.33086			6
2025.05.14	01:36:48.277	1.33084	1.33087			6
2025.05.14	01:36:48.580	1.33083	1.33086			6
2025.05.14	01:36:49.507	1.33084	1.33087			6
2025.05.14	01:36:50.434	1.33083	1.33086			6
2025.05.14	01:36:52.281	1.33081	1.33084			6
2025.05.14	01:36:54.443	1.33082				2
2025.05.14	01:36:54.752	1.33081				2
2025.05.14	01:36:55.987	1.33083	1.33086			6
2025.05.14	01:36:56.917		1.33085			4
2025.05.14	01:36:57.225	1.33082				2
2025.05.14	01:36:59.085	1.33083				2
2025.05.14	01:36:59.701	1.33082				2
2025.05.14	01:37:00.007	1.33082				2
2025.05.14	01:37:01.550		1.33084			4
2025.05.14	01:37:03.407		1.33085			4
2025.05.14	01:37:03.709		1.33084			4
2025.05.14	01:37:08.335	1.33081				2
2025.05.14	01:37:09.880		1.33085			4
2025.05.14	01:37:12.355		1.33084			4
2025.05.14	01:37:14.819		1.33085			4
2025.05.14	01:37:28.393	1.33082				2
2025.05.14	01:37:31.166	1.33081	1.33084			6
2025.05.14	01:37:31.471	1.33082	1.33085			6
2025.05.14	01:37:31.783	1.33081	1.33084			6
2025.05.14	01:37:35.774	1.33082	1.33085			6
2025.05.14	01:37:39.482	1.33081	1.33084			6
2025.05.14	01:38:00.151	1.33081				2
2025.05.14	01:38:12.194	1.33082	1.33085			6
2025.05.14	01:38:12.817	1.33081	1.33084			6
2025.05.14	01:38:14.052	1.33082	1.33085			6
2025.05.14	01:38:18.356	1.33080	1.33083			6
2025.05.14	01:38:18.659	1.33078	1.33081			6
2025.05.14	01:38:19.284	1.33077	1.33082			6
2025.05.14	01:38:21.125		1.33081			4
2025.05.14	01:38:27.601		1.33082			4
2025.05.14	01:38:28.825		1.33081			4
2025.05.14	01:38:30.367		1.33082			4
2025.05.14	01:38:31.606	1.33078	1.33083			6
2025.05.14	01:38:31.907	1.33077	1.33082			6
2025.05.14	01:38:35.923		1.33081			4
2025.05.14	01:38:39.313		1.33080			4
2025.05.14	01:38:43.322		1.33081			4
2025.05.14	01:38:43.632	1.33072	1.33076			6
2025.05.14	01:38:43.942	1.33071	1.33075			6
2025.05.14	01:38:44.251		1.33076			4
2025.05.14	01:38:54.118		1.33077			4
2025.05.14	01:38:55.657		1.33076			4
2025.05.14	01:39:00.281	1.33071				2
2025.05.14	01:39:04.589		1.33075			4
2025.05.14	01:39:09.216	1.33072	1.33076			6
2025.05.14	01:39:09.524		1.33075			4
2025.05.14	01:39:23.423		1.33074			4
2025.05.14	01:39:34.231		1.33075			4
2025.05.14	01:39:36.082	1.33069	1.33072			6
2025.05.14	01:39:44.709	1.33072	1.33074			6
2025.05.14	01:39:45.016		1.33075			4
2025.05.14	01:39:45.325		1.33076			4
2025.05.14	01:39:48.096	1.33073				2
2025.05.14	01:39:48.404	1.33072				2
2025.05.14	01:39:48.711		1.33075			4
2025.05.14	01:40:00.124	1.33072				2
2025.05.14	01:40:05.380		1.33074			4
2025.05.14	01:40:15.856		1.33075			4
2025.05.14	01:40:20.485		1.33076			4
2025.05.14	01:40:20.788	1.33073	1.33077			6
2025.05.14	01:40:21.398	1.33072	1.33076			6
2025.05.14	01:40:22.019	1.33073				2
2025.05.14	01:40:26.924	1.33072	1.33075			6
2025.05.14	01:40:27.230	1.33071	1.33076			6
2025.05.14	01:40:32.148		1.33075			4
2025.05.14	01:40:34.311	1.33069	1.33073			6
2025.05.14	01:40:34.622		1.33072			4
2025.05.14	01:40:36.168		1.33073			4
2025.05.14	01:40:38.020	1.33071				2
2025.05.14	01:40:38.326		1.33076			4
2025.05.14	01:40:57.159		1.33075			4
2025.05.14	01:41:00.220	1.33071				2
2025.05.14	01:41:10.965	1.33072				2
2025.05.14	01:41:11.273	1.33071				2
2025.05.14	01:41:14.973	1.33072	1.33076			6
2025.05.14	01:41:17.756	1.33071	1.33075			6
2025.05.14	01:41:21.146		1.33074			4
2025.05.14	01:41:21.449	1.33069	1.33073			6
2025.05.14	01:41:21.756	1.33067	1.33071			6
2025.05.14	01:41:28.250	1.33066				2
2025.05.14	01:41:31.028	1.33067	1.33072			6
2025.05.14	01:41:36.587	1.33066	1.33071			6
2025.05.14	01:41:37.209	1.33067	1.33072			6
2025.05.14	01:41:37.821		1.33071			4
2025.05.14	01:41:38.130	1.33066				2
2025.05.14	01:41:39.061	1.33067				2
2025.05.14	01:41:41.221	1.33066				2
2025.05.14	01:41:44.300		1.33070			4
2025.05.14	01:41:44.606	1.33063	1.33065			6
2025.05.14	01:41:46.151		1.33066			4
2025.05.14	01:41:49.860		1.33065			4
2025.05.14	01:41:56.633	1.33059				2
2025.05.14	01:41:59.411	1.33060				2
2025.05.14	01:41:59.722	1.33062				2
2025.05.14	01:42:00.026	1.33062				2
2025.05.14	01:42:01.567		1.33066			4
2025.05.14	01:42:02.505		1.33065			4
2025.05.14	01:42:17.003		1.33064			4
2025.05.14	01:42:17.310	1.33071	1.33075			6
2025.05.14	01:42:17.610		1.33076			4
2025.05.14	01:42:25.323	1.33072				2
2025.05.14	01:42:45.378	1.33068	1.33073			6
2025.05.14	01:42:50.919		1.33074			4
2025.05.14	01:42:52.479	1.33072	1.33076			6
2025.05.14	01:42:57.732		1.33075			4
2025.05.14	01:43:00.216	1.33072				2
2025.05.14	01:43:03.313		1.33077			4
2025.05.14	01:43:03.619		1.33078			4
2025.05.14	01:43:16.926		1.33076			4
2025.05.14	01:43:35.180		1.33075			4
2025.05.14	01:43:47.192		1.33076			4
2025.05.14	01:43:51.208		1.33075			4
2025.05.14	01:44:00.015	1.33072				2
2025.05.14	01:44:03.355		1.33076			4
2025.05.14	01:44:09.145		1.33075			4
2025.05.14	01:44:44.225		1.33074			4
2025.05.14	01:44:44.532		1.33075			4
2025.05.14	01:44:45.456	1.33074	1.33077			6
2025.05.14	01:44:46.378	1.33073	1.33075			6
2025.05.14	01:44:47.300		1.33076			4
2025.05.14	01:44:50.360		1.33075			4
2025.05.14	01:44:51.588		1.33076			4
2025.05.14	01:44:55.264		1.33075			4
2025.05.14	01:44:56.803	1.33072				2
2025.05.14	01:44:57.417	1.33073				2
2025.05.14	01:45:00.180	1.33073				2
2025.05.14	01:45:04.472	1.33072				2
2025.05.14	01:45:08.446	1.33074	1.33076			6
2025.05.14	01:45:09.062	1.33081	1.33084			6
2025.05.14	01:45:10.287		1.33086			4
2025.05.14	01:45:11.209		1.33087			4
2025.05.14	01:45:26.999		1.33086			4
2025.05.14	01:45:32.552		1.33087			4
2025.05.14	01:45:32.856	1.33076	1.33083			6
2025.05.14	01:45:34.707		1.33081			4
2025.05.14	01:46:00.067	1.33076				2
2025.05.14	01:46:09.322	1.33077				2
2025.05.14	01:46:11.477	1.33076				2
2025.05.14	01:46:17.633	1.33077				2
2025.05.14	01:46:25.947	1.33076				2
2025.05.14	01:46:28.707	1.33077				2
2025.05.14	01:46:29.323	1.33076				2
2025.05.14	01:46:29.929	1.33077				2
2025.05.14	01:46:34.533		1.33080			4
2025.05.14	01:46:34.837		1.33079			4
2025.05.14	01:46:35.454		1.33081			4
2025.05.14	01:46:36.368		1.33080			4
2025.05.14	01:46:37.290		1.33081			4
2025.05.14	01:46:42.508		1.33080			4
2025.05.14	01:46:47.704		1.33081			4
2025.05.14	01:46:52.923	1.33076	1.33080			6
2025.05.14	01:46:53.230		1.33079			4
2025.05.14	01:46:53.841		1.33080			4
2025.05.14	01:46:54.145		1.33079			4
2025.05.14	01:46:54.446		1.33080			4
2025.05.14	01:47:00.287	1.33076				2
2025.05.14	01:47:00.897		1.33079			4
2025.05.14	01:47:01.821		1.33080			4
2025.05.14	01:47:08.580	1.33077	1.33081			6
2025.05.14	01:47:13.829	1.33076	1.33080			6
2025.05.14	01:47:14.751	1.33077	1.33081			6
2025.05.14	01:47:22.423	1.33076	1.33080			6
2025.05.14	01:47:22.724	1.33077	1.33081			6
2025.05.14	01:47:24.564	1.33076	1.33080			6
2025.05.14	01:47:28.864	1.33077	1.33081			6
2025.05.14	01:47:29.783	1.33076	1.33080			6
2025.05.14	01:47:31.620	1.33077	1.33081			6
2025.05.14	01:47:32.232	1.33075	1.33077			6
2025.05.14	01:47:33.149		1.33079			4
2025.05.14	01:47:34.378		1.33078			4
2025.05.14	01:47:34.684		1.33079			4
2025.05.14	01:47:40.212		1.33078			4
2025.05.14	01:47:40.826		1.33079			4
2025.05.14	01:47:46.960		1.33080			4
2025.05.14	01:47:47.267		1.33079			4
2025.05.14	01:47:49.432		1.33080			4
2025.05.14	01:47:51.271		1.33079			4
2025.05.14	01:47:52.502		1.33080			4
2025.05.14	01:47:53.729	1.33076	1.33081			6
2025.05.14	01:48:00.207	1.33076				2
2025.05.14	01:48:01.142		1.33080			4
2025.05.14	01:48:01.444	1.33075	1.33078			6
2025.05.14	01:48:01.745	1.33072	1.33076			6
2025.05.14	01:48:02.055		1.33077			4
2025.05.14	01:48:02.358		1.33078			4
2025.05.14	01:48:02.986	1.33076	1.33079			6
2025.05.14	01:48:07.934	1.33075				2
2025.05.14	01:48:11.026		1.33078			4
2025.05.14	01:48:13.498		1.33079			4
2025.05.14	01:48:19.377	1.33072	1.33075			6
2025.05.14	01:48:52.766	1.33064	1.33068			6
2025.05.14	01:48:53.389		1.33069			4
2025.05.14	01:48:53.697	1.33066	1.33070			6
2025.05.14	01:48:54.629		1.33072			4
2025.05.14	01:49:00.194	1.33066				2
2025.05.14	01:49:04.216		1.33070			4
2025.05.14	01:49:05.144		1.33069			4
2025.05.14	01:49:05.759	1.33063	1.33067			6
2025.05.14	01:49:14.107		1.33066			4
2025.05.14	01:49:43.846	1.33052	1.33056			6
2025.05.14	01:49:44.467	1.33054				2
2025.05.14	01:49:45.708	1.33052				2
2025.05.14	01:49:53.425	1.33063	1.33065			6
2025.05.14	01:49:53.729		1.33067			4
2025.05.14	01:49:54.036		1.33066			4
2025.05.14	01:50:00.231	1.33063				2
2025.05.14	01:50:03.329	1.33071	1.33076			6
2025.05.14	01:50:03.631	1.33072				2
2025.05.14	01:50:10.793	1.33077	1.33079			6
2025.05.14	01:50:11.100	1.33075				2
2025.05.14	01:50:16.371	1.33076				2
2025.05.14	01:50:16.987	1.33073	1.33077			6
2025.05.14	01:50:22.905	1.33076	1.33078			6
2025.05.14	01:50:25.396		1.33079			4
2025.05.14	01:50:37.769	1.33090	1.33094			6
2025.05.14	01:50:38.079	1.33087	1.33091			6
2025.05.14	01:50:38.385	1.33085				2
2025.05.14	01:50:39.316	1.33086				2
2025.05.14	01:50:40.851	1.33085	1.33089			6
2025.05.14	01:50:41.161	1.33086	1.33091			6
2025.05.14	01:50:42.702		1.33092			4
2025.05.14	01:50:43.007		1.33091			4
2025.05.14	01:50:46.401		1.33090			4
2025.05.14	01:50:47.638		1.33091			4
2025.05.14	01:50:48.873		1.33090			4
2025.05.14	01:50:51.038		1.33091			4
2025.05.14	01:50:52.897		1.33090			4
2025.05.14	01:50:53.205		1.33091			4
2025.05.14	01:50:54.758	1.33087				2
2025.05.14	01:50:57.233		1.33092			4
2025.05.14	01:50:57.540		1.33091			4
2025.05.14	01:50:57.855		1.33090			4
2025.05.14	01:50:59.713		1.33091			4
2025.05.14	01:51:00.020	1.33087				2
2025.05.14	01:51:11.764	1.33086				2
2025.05.14	01:51:17.621	1.33087				2
2025.05.14	01:51:30.609	1.33091	1.33092			6
2025.05.14	01:51:31.539	1.33096	1.33098			6
2025.05.14	01:51:31.846	1.33095				2
2025.05.14	01:51:47.880	1.33097	1.33101			6
2025.05.14	01:51:51.595		1.33099			4
2025.05.14	01:52:00.251	1.33096	1.33098			6
2025.05.14	01:52:03.339		1.33099			4
2025.05.14	01:52:07.044	1.33095	1.33097			6
2025.05.14	01:52:18.762		1.33098			4
2025.05.14	01:52:26.112	1.33105	1.33106			6
2025.05.14	01:52:27.037	1.33104				2
2025.05.14	01:52:27.347		1.33107			4
2025.05.14	01:52:30.726	1.33103				2
2025.05.14	01:52:33.510	1.33104				2
2025.05.14	01:52:33.823	1.33110	1.33112			6
2025.05.14	01:52:34.740	1.33109	1.33111			6
2025.05.14	01:52:35.043		1.33112			4
2025.05.14	01:52:36.281		1.33111			4
2025.05.14	01:52:36.593		1.33112			4
2025.05.14	01:52:36.904		1.33111			4
2025.05.14	01:52:37.513		1.33113			4
2025.05.14	01:52:37.821		1.33111			4
2025.05.14	01:52:41.832		1.33112			4
2025.05.14	01:52:42.144		1.33113			4
2025.05.14	01:52:42.451		1.33112			4
2025.05.14	01:52:44.605	1.33114	1.33115			6
2025.05.14	01:52:44.927		1.33116			4
2025.05.14	01:52:45.231		1.33117			4
2025.05.14	01:52:49.856	1.33104	1.33107			6
2025.05.14	01:52:51.088	1.33109	1.33113			6
2025.05.14	01:53:00.030	1.33109				2
2025.05.14	01:53:00.960		1.33112			4
2025.05.14	01:53:01.583		1.33113			4
2025.05.14	01:53:03.118	1.33113	1.33115			6
2025.05.14	01:53:03.436		1.33116			4
2025.05.14	01:53:06.206	1.33116	1.33119			6
2025.05.14	01:53:06.515	1.33118	1.33122			6
2025.05.14	01:53:07.126		1.33121			4
2025.05.14	01:53:08.988		1.33122			4
2025.05.14	01:53:12.073	1.33119	1.33123			6
2025.05.14	01:53:14.845	1.33113	1.33117			6
2025.05.14	01:53:22.541	1.33114	1.33119			6
2025.05.14	01:53:22.843	1.33113	1.33118			6
2025.05.14	01:53:23.452		1.33117			4
2025.05.14	01:53:23.758		1.33118			4
2025.05.14	01:53:32.433		1.33117			4
2025.05.14	01:53:32.749		1.33118			4
2025.05.14	01:53:36.145		1.33117			4
2025.05.14	01:53:41.387		1.33116			4
2025.05.14	01:53:41.694		1.33117			4
2025.05.14	01:54:00.211	1.33113				2
2025.05.14	01:54:02.364	1.33112	1.33116			6
2025.05.14	01:54:04.810	1.33109	1.33113			6
2025.05.14	01:54:05.122	1.33112	1.33115			6
2025.05.14	01:54:05.741	1.33111	1.33116			6
2025.05.14	01:54:10.383	1.33112	1.33115			6
2025.05.14	01:54:10.695		1.33116			4
2025.05.14	01:54:11.311	1.33111	1.33115			6
2025.05.14	01:54:12.237		1.33116			4
2025.05.14	01:54:13.780	1.33113	1.33117			6
2025.05.14	01:54:29.145	1.33117	1.33120			6
2025.05.14	01:54:29.447		1.33121			4
2025.05.14	01:54:29.761	1.33122	1.33125			6
2025.05.14	01:54:30.062		1.33126			4
2025.05.14	01:54:30.366		1.33127			4
2025.05.14	01:54:31.903	1.33120	1.33126			6
2025.05.14	01:54:32.207		1.33127			4
2025.05.14	01:54:33.135		1.33126			4
2025.05.14	01:54:33.440	1.33121				2
2025.05.14	01:54:33.744	1.33120				2
2025.05.14	01:54:34.049	1.33121				2
2025.05.14	01:54:34.373	1.33120				2
2025.05.14	01:54:34.978	1.33122	1.33127			6
2025.05.14	01:54:36.529	1.33123				2
2025.05.14	01:54:37.443	1.33122				2
2025.05.14	01:54:47.254	1.33128	1.33132			6
2025.05.14	01:54:50.644	1.33123	1.33128			6
2025.05.14	01:54:51.580	1.33122				2
2025.05.14	01:54:52.490		1.33129			4
2025.05.14	01:54:53.114		1.33128			4
2025.05.14	01:54:54.970		1.33127			4
2025.05.14	01:55:00.235	1.33122				2
2025.05.14	01:55:00.538		1.33128			4
2025.05.14	01:55:01.164		1.33127			4
2025.05.14	01:55:02.397	1.33121				2
2025.05.14	01:55:02.701	1.33127	1.33132			6
2025.05.14	01:55:03.328		1.33133			4
2025.05.14	01:55:05.173		1.33132			4
2025.05.14	01:55:06.097		1.33133			4
2025.05.14	01:55:13.821		1.33132			4
2025.05.14	01:55:15.367		1.33133			4
2025.05.14	01:55:15.675	1.33123	1.33128			6
2025.05.14	01:55:15.983	1.33122				2
2025.05.14	01:55:17.840	1.33123	1.33129			6
2025.05.14	01:55:18.144	1.33122	1.33128			6
2025.05.14	01:55:18.452	1.33123	1.33129			6
2025.05.14	01:55:18.763	1.33122	1.33128			6
2025.05.14	01:55:19.072	1.33123	1.33129			6
2025.05.14	01:55:19.385	1.33122	1.33128			6
2025.05.14	01:55:22.154	1.33127	1.33133			6
2025.05.14	01:55:22.773	1.33128				2
2025.05.14	01:55:23.391		1.33134			4
2025.05.14	01:55:24.003		1.33133			4
2025.05.14	01:55:26.474		1.33134			4
2025.05.14	01:55:26.783	1.33124	1.33128			6
2025.05.14	01:55:27.085		1.33129			4
2025.05.14	01:55:33.254	1.33123				2
2025.05.14	01:55:33.560	1.33122	1.33127			6
2025.05.14	01:55:38.501	1.33123				2
2025.05.14	01:55:50.536	1.33122				2
2025.05.14	01:55:52.380		1.33126			4
2025.05.14	01:56:00.082	1.33122				2
2025.05.14	01:56:07.143		1.33127			4
2025.05.14	01:56:10.827		1.33126			4
2025.05.14	01:56:11.137		1.33127			4
2025.05.14	01:56:12.382		1.33126			4
2025.05.14	01:56:17.559	1.33123	1.33127			6
2025.05.14	01:56:17.859	1.33128	1.33131			6
2025.05.14	01:56:18.161	1.33127				2
2025.05.14	01:56:18.769	1.33128	1.33132			6
2025.05.14	01:56:19.381	1.33127				2
2025.05.14	01:56:19.990		1.33131			4
2025.05.14	01:56:20.296	1.33124	1.33129			6
2025.05.14	01:56:24.618	1.33123	1.33128			6
2025.05.14	01:56:26.167	1.33121	1.33126			6
2025.05.14	01:56:27.406	1.33122	1.33127			6
2025.05.14	01:56:42.236		1.33126			4
2025.05.14	01:56:50.487	1.33120	1.33124			6
2025.05.14	01:56:50.794	1.33122	1.33126			6
2025.05.14	01:57:00.278	1.33122				2
2025.05.14	01:57:04.570	1.33123	1.33127			6
2025.05.14	01:57:10.407	1.33122	1.33126			6
2025.05.14	01:57:15.000	1.33123	1.33127			6
2025.05.14	01:57:18.379		1.33126			4
2025.05.14	01:57:18.681	1.33124	1.33127			6
2025.05.14	01:57:19.597	1.33122	1.33125			6
2025.05.14	01:57:19.903	1.33124	1.33126			6
2025.05.14	01:57:20.207		1.33125			4
2025.05.14	01:57:25.740	1.33127	1.33128			6
2025.05.14	01:57:26.042	1.33128	1.33129			6
2025.05.14	01:57:27.257		1.33130			4
2025.05.14	01:57:28.187		1.33129			4
2025.05.14	01:57:28.809		1.33130			4
2025.05.14	01:57:31.273		1.33129			4
2025.05.14	01:57:36.473		1.33130			4
2025.05.14	01:57:40.768		1.33129			4
2025.05.14	01:57:44.480		1.33130			4
2025.05.14	01:57:48.180		1.33131			4
2025.05.14	01:57:48.490		1.33130			4
2025.05.14	01:57:53.702		1.33129			4
2025.05.14	01:57:56.143		1.33130			4
2025.05.14	01:58:00.105	1.33128	1.33129			6
2025.05.14	01:58:01.336		1.33130			4
2025.05.14	01:58:04.404		1.33129			4
2025.05.14	01:58:04.712	1.33125	1.33127			6
2025.05.14	01:58:05.019		1.33128			4
2025.05.14	01:58:05.324	1.33126	1.33127			6
2025.05.14	01:58:06.232	1.33123	1.33126			6
2025.05.14	01:58:06.537	1.33127	1.33128			6
2025.05.14	01:58:08.369		1.33129			4
2025.05.14	01:58:10.209		1.33128			4
2025.05.14	01:58:16.331		1.33130			4
2025.05.14	01:58:17.550		1.33129			4
2025.05.14	01:58:20.301		1.33128			4
2025.05.14	01:58:23.973		1.33129			4
2025.05.14	01:58:25.805		1.33130			4
2025.05.14	01:58:30.104	1.33128	1.33131			6
2025.05.14	01:58:30.720		1.33130			4
2025.05.14	01:58:31.950		1.33129			4
2025.05.14	01:58:45.220	1.33130	1.33132			6
2025.05.14	01:58:45.534	1.33129	1.33131			6
2025.05.14	01:58:48.000		1.33130			4
2025.05.14	01:58:53.253	1.33130	1.33131			6
2025.05.14	01:58:53.563	1.33137	1.33138			6
2025.05.14	01:58:54.175		1.33139			4
2025.05.14	01:58:54.481		1.33141			4
2025.05.14	01:58:55.714		1.33142			4
2025.05.14	01:58:56.641		1.33143			4
2025.05.14	01:58:58.788	1.33138				2
2025.05.14	01:58:59.716		1.33142			4
2025.05.14	01:59:00.025	1.33138				2
2025.05.14	01:59:00.635		1.33143			4
2025.05.14	01:59:01.254		1.33142			4
2025.05.14	01:59:02.185	1.33133	1.33137			6
2025.05.14	01:59:02.487		1.33136			4
2025.05.14	01:59:02.797	1.33137	1.33138			6
2025.05.14	01:59:03.097	1.33136				2
2025.05.14	01:59:03.706		1.33137			4
2025.05.14	01:59:04.332		1.33138			4
2025.05.14	01:59:04.635	1.33135				2
2025.05.14	01:59:07.409	1.33136	1.33139			6
2025.05.14	01:59:08.636	1.33137	1.33141			6
2025.05.14	01:59:08.947		1.33142			4
2025.05.14	01:59:09.258	1.33138				2
2025.05.14	01:59:09.561		1.33143			4
2025.05.14	01:59:10.491	1.33137	1.33142			6
2025.05.14	01:59:10.800		1.33143			4
2025.05.14	01:59:12.344	1.33136	1.33139			6
2025.05.14	01:59:12.650		1.33138			4
2025.05.14	01:59:15.116		1.33142			4
2025.05.14	01:59:15.431		1.33141			4
2025.05.14	01:59:15.744		1.33142			4
2025.05.14	01:59:16.356	1.33137	1.33143			6
2025.05.14	01:59:17.586		1.33142			4
2025.05.14	01:59:17.893		1.33143			4
2025.05.14	01:59:19.121	1.33138	1.33144			6
2025.05.14	01:59:21.591	1.33137	1.33143			6
2025.05.14	01:59:22.212	1.33136	1.33142			6
2025.05.14	01:59:25.924	1.33137	1.33143			6
2025.05.14	01:59:26.236	1.33136	1.33142			6
2025.05.14	01:59:29.316	1.33133	1.33139			6
2025.05.14	01:59:39.214		1.33138			4
2025.05.14	01:59:41.382	1.33136				2
2025.05.14	01:59:41.686	1.33138	1.33143			6
2025.05.14	01:59:42.309		1.33144			4
2025.05.14	01:59:42.614	1.33137	1.33143			6
2025.05.14	01:59:44.766	1.33136	1.33141			6
2025.05.14	01:59:46.933	1.33137	1.33142			6
2025.05.14	01:59:48.480	1.33136				2
2025.05.14	01:59:49.095	1.33137				2
2025.05.14	01:59:49.708	1.33136				2
2025.05.14	01:59:50.019	1.33138	1.33144			6
2025.05.14	01:59:50.328	1.33137	1.33143			6
2025.05.14	01:59:50.633	1.33136	1.33142			6
2025.05.14	01:59:54.339	1.33137				2
2025.05.14	01:59:56.510	1.33139	1.33144			6
2025.05.14	02:00:00.211	1.33139				2
2025.05.14	02:00:02.373	1.33138	1.33142			6
2025.05.14	02:00:03.611		1.33143			4
2025.05.14	02:00:04.839	1.33137	1.33142			6
2025.05.14	02:00:06.383	1.33132	1.33137			6
2025.05.14	02:00:08.236		1.33136			4
2025.05.14	02:00:09.169	1.33129	1.33135			6
2025.05.14	02:00:09.472		1.33134			4
2025.05.14	02:00:10.096	1.33128				2
2025.05.14	02:00:10.405		1.33131			4
2025.05.14	02:00:11.639		1.33130			4
2025.05.14	02:00:11.944		1.33129			4
2025.05.14	02:00:12.567	1.33126				2
2025.05.14	02:00:12.871		1.33128			4
2025.05.14	02:00:13.488		1.33129			4
2025.05.14	02:00:15.042		1.33127			4
2025.05.14	02:00:15.350		1.33128			4
2025.05.14	02:00:16.278	1.33120	1.33124			6
2025.05.14	02:00:17.208	1.33121	1.33126			6
2025.05.14	02:00:20.927	1.33119	1.33124			6
2025.05.14	02:00:21.235	1.33115	1.33119			6
2025.05.14	02:00:21.540	1.33121	1.33126			6
2025.05.14	02:00:22.168	1.33116	1.33123			6
2025.05.14	02:00:22.470	1.33117				2
2025.05.14	02:00:26.201	1.33118				2
2025.05.14	02:00:28.055	1.33117				2
2025.05.14	02:00:29.603	1.33118				2
2025.05.14	02:00:30.229	1.33117				2
2025.05.14	02:00:31.159	1.33122	1.33126			6
2025.05.14	02:00:31.469	1.33121				2
2025.05.14	02:00:31.786	1.33122				2
2025.05.14	02:00:32.094		1.33127			4
2025.05.14	02:00:32.406	1.33123				2
2025.05.14	02:00:32.712		1.33128			4
2025.05.14	02:00:33.328		1.33127			4
2025.05.14	02:00:36.421	1.33120	1.33126			6
2025.05.14	02:00:36.725	1.33118	1.33124			6
2025.05.14	02:00:37.352	1.33117				2
2025.05.14	02:00:38.275	1.33118				2
2025.05.14	02:00:49.070	1.33114	1.33119			6
2025.05.14	02:00:49.382		1.33118			4
2025.05.14	02:00:49.999	1.33112	1.33117			6
2025.05.14	02:00:50.300		1.33118			4
2025.05.14	02:00:52.158	1.33113				2
2025.05.14	02:00:52.460	1.33112				2
2025.05.14	02:00:55.249	1.33111	1.33117			6
2025.05.14	02:00:55.553	1.33108	1.33113			6
2025.05.14	02:00:55.858	1.33111	1.33115			6
2025.05.14	02:00:56.163		1.33116			4
2025.05.14	02:00:58.018	1.33110				2
2025.05.14	02:00:58.946	1.33111				2
2025.05.14	02:00:59.250	1.33110				2
2025.05.14	02:01:00.173	1.33110	1.33115			6
2025.05.14	02:01:00.488	1.33112				2
2025.05.14	02:01:00.797	1.33111				2
2025.05.14	02:01:06.052		1.33116			4
2025.05.14	02:01:07.282	1.33106	1.33111			6
2025.05.14	02:01:08.520		1.33112			4
2025.05.14	02:01:08.825		1.33111			4
2025.05.14	02:01:10.366		1.33110			4
2025.05.14	02:01:10.672	1.33105	1.33109			6
2025.05.14	02:01:10.985	1.33106	1.33110			6
2025.05.14	02:01:12.218		1.33109			4
2025.05.14	02:01:12.523	1.33107	1.33111			6
2025.05.14	02:01:12.837	1.33106				2
2025.05.14	02:01:13.144		1.33110			4
2025.05.14	02:01:13.763	1.33107				2
2025.05.14	02:01:14.075	1.33106				2
2025.05.14	02:01:14.384	1.33105				2
2025.05.14	02:01:16.237		1.33109			4
2025.05.14	02:01:16.842	1.33103	1.33108			6
2025.05.14	02:01:17.144	1.33102	1.33106			6
2025.05.14	02:01:18.370	1.33101	1.33105			6
2025.05.14	02:01:18.681	1.33102				2
2025.05.14	02:01:21.470		1.33106			4
2025.05.14	02:01:23.636		1.33105			4
2025.05.14	02:01:23.939		1.33106			4
2025.05.14	02:01:25.475	1.33101				2
2025.05.14	02:01:28.250		1.33105			4
2025.05.14	02:01:29.802		1.33106			4
2025.05.14	02:01:31.346	1.33102				2
2025.05.14	02:01:33.196		1.33105			4
2025.05.14	02:01:36.282		1.33106			4
2025.05.14	02:01:36.592	1.33101				2
2025.05.14	02:01:37.515	1.33102				2
2025.05.14	02:01:41.525		1.33107			4
2025.05.14	02:01:51.728	1.33101	1.33106			6
2025.05.14	02:01:52.346		1.33105			4
2025.05.14	02:01:55.998	1.33102	1.33106			6
2025.05.14	02:01:56.302	1.33103				2
2025.05.14	02:01:57.216	1.33102	1.33105			6
2025.05.14	02:01:57.519		1.33106			4
2025.05.14	02:01:58.738		1.33105			4
2025.05.14	02:01:59.970	1.33103	1.33106			6
2025.05.14	02:02:00.271	1.33102	1.33105			6
2025.05.14	02:02:01.500		1.33106			4
2025.05.14	02:02:01.807		1.33105			4
2025.05.14	02:02:20.477	1.33103				2
2025.05.14	02:02:21.081	1.33102				2
2025.05.14	02:02:25.669	1.33101	1.33104			6
2025.05.14	02:02:25.972	1.33102	1.33105			6
2025.05.14	02:02:26.277	1.33101	1.33104			6
2025.05.14	02:02:31.782	1.33102	1.33105			6
2025.05.14	02:02:41.212	1.33101	1.33104			6
2025.05.14	02:02:41.516	1.33102	1.33105			6
2025.05.14	02:02:46.422	1.33103	1.33106			6
2025.05.14	02:02:47.035	1.33102	1.33105			6
2025.05.14	02:02:48.881	1.33104	1.33106			6
2025.05.14	02:02:50.413	1.33103				2
2025.05.14	02:02:50.717		1.33105			4
2025.05.14	02:02:51.626	1.33102				2
2025.05.14	02:02:51.927	1.33103	1.33106			6
2025.05.14	02:02:54.988	1.33102	1.33105			6
2025.05.14	02:02:55.297	1.33101	1.33104			6
2025.05.14	02:02:58.987	1.33102	1.33105			6
2025.05.14	02:03:00.200	1.33102				2
2025.05.14	02:03:00.506	1.33101	1.33104			6
2025.05.14	02:03:01.417	1.33102	1.33105			6
2025.05.14	02:03:02.335	1.33101	1.33104			6
2025.05.14	02:03:06.930		1.33103			4
2025.05.14	02:03:07.235		1.33104			4
2025.05.14	02:03:07.536		1.33103			4
2025.05.14	02:03:10.920		1.33104			4
2025.05.14	02:03:18.224	1.33100	1.33103			6
2025.05.14	02:03:18.525	1.33098	1.33101			6
2025.05.14	02:03:20.347	1.33099	1.33102			6
2025.05.14	02:03:28.334	1.33100	1.33103			6
2025.05.14	02:03:28.644	1.33099	1.33102			6
2025.05.14	02:03:31.418	1.33100	1.33103			6
2025.05.14	02:03:34.497	1.33099	1.33102			6
2025.05.14	02:03:39.708	1.33098	1.33101			6
2025.05.14	02:03:42.160	1.33099	1.33102			6
2025.05.14	02:03:45.541	1.33100	1.33103			6
2025.05.14	02:03:46.771	1.33099	1.33102			6
2025.05.14	02:03:49.239	1.33098	1.33101			6
2025.05.14	02:03:50.464	1.33099	1.33102			6
2025.05.14	02:03:51.078	1.33098	1.33101			6
2025.05.14	02:03:52.315	1.33099	1.33102			6
2025.05.14	02:04:00.303	1.33099				2
2025.05.14	02:04:03.058	1.33100	1.33103			6
2025.05.14	02:04:05.507	1.33099	1.33102			6
2025.05.14	02:04:19.321		1.33101			4
2025.05.14	02:04:20.556		1.33102			4
2025.05.14	02:04:20.867		1.33101			4
2025.05.14	02:04:22.401	1.33098				2
2025.05.14	02:04:23.325	1.33096	1.33098			6
2025.05.14	02:04:24.244	1.33099	1.33101			6
2025.05.14	02:04:24.552	1.33091	1.33094			6
2025.05.14	02:04:24.860	1.33092	1.33095			6
2025.05.14	02:04:25.166		1.33096			4
2025.05.14	02:04:26.388	1.33088	1.33092			6
2025.05.14	02:04:26.700		1.33091			4
2025.05.14	02:04:27.319		1.33093			4
2025.05.14	02:04:27.625		1.33092			4
2025.05.14	02:04:28.256		1.33093			4
2025.05.14	02:04:30.401	1.33089				2
2025.05.14	02:04:34.112	1.33088	1.33092			6
2025.05.14	02:04:35.040		1.33091			4
2025.05.14	02:04:35.966	1.33095	1.33096			6
2025.05.14	02:04:36.275	1.33094				2
2025.05.14	02:04:36.593		1.33097			4
2025.05.14	02:04:37.216		1.33099			4
2025.05.14	02:04:41.232		1.33098			4
2025.05.14	02:04:42.781	1.33092	1.33097			6
2025.05.14	02:04:43.085	1.33091	1.33096			6
2025.05.14	02:04:44.640	1.33088	1.33094			6
2025.05.14	02:04:44.945		1.33093			4
2025.05.14	02:04:47.417		1.33092			4
2025.05.14	02:04:48.973		1.33093			4
2025.05.14	02:04:50.828		1.33092			4
2025.05.14	02:04:51.134		1.33093			4
2025.05.14	02:04:52.367	1.33085	1.33089			6
2025.05.14	02:04:53.283		1.33090			4
2025.05.14	02:04:56.355	1.33088	1.33092			6
2025.05.14	02:04:57.579		1.33093			4
2025.05.14	02:05:00.042	1.33088				2
2025.05.14	02:05:05.251		1.33092			4
2025.05.14	02:05:06.172		1.33093			4
2025.05.14	02:05:06.474		1.33091			4
2025.05.14	02:05:07.097		1.33092			4
2025.05.14	02:05:16.064	1.33086	1.33090			6
2025.05.14	02:05:16.366		1.33089			4
2025.05.14	02:05:18.822	1.33079	1.33084			6
2025.05.14	02:05:19.124		1.33082			4
2025.05.14	02:05:20.369	1.33075	1.33078			6
2025.05.14	02:05:22.824	1.33066	1.33069			6
2025.05.14	02:05:23.127		1.33068			4
2025.05.14	02:05:23.758	1.33064	1.33069			6
2025.05.14	02:05:24.064		1.33068			4
2025.05.14	02:05:27.764	1.33063				2
2025.05.14	02:05:28.691		1.33067			4
2025.05.14	02:05:28.997	1.33061				2
2025.05.14	02:05:29.309	1.33062				2
2025.05.14	02:05:29.618	1.33061				2
2025.05.14	02:05:29.928	1.33062				2
2025.05.14	02:05:30.245	1.33061				2
2025.05.14	02:05:32.725	1.33059	1.33064			6
2025.05.14	02:05:35.502	1.33063	1.33067			6
2025.05.14	02:05:37.668	1.33064	1.33068			6
2025.05.14	02:05:37.978	1.33065	1.33069			6
2025.05.14	02:05:38.291		1.33068			4
2025.05.14	02:05:38.598		1.33069			4
2025.05.14	02:05:40.154	1.33064	1.33068			6
2025.05.14	02:05:41.082		1.33069			4
2025.05.14	02:05:42.330		1.33068			4
2025.05.14	02:05:45.721		1.33069			4
2025.05.14	02:05:49.436		1.33068			4
2025.05.14	02:05:54.377		1.33069			4
2025.05.14	02:05:54.997		1.33068			4
2025.05.14	02:05:55.308		1.33069			4
2025.05.14	02:05:55.623		1.33068			4
2025.05.14	02:05:56.236		1.33069			4
2025.05.14	02:05:56.545		1.33068			4
2025.05.14	02:05:56.854		1.33069			4
2025.05.14	02:05:57.175		1.33068			4
2025.05.14	02:05:58.121		1.33069			4
2025.05.14	02:05:58.426		1.33067			4
2025.05.14	02:05:59.363		1.33068			4
2025.05.14	02:06:00.287	1.33064				2
2025.05.14	02:06:01.527		1.33069			4
2025.05.14	02:06:01.838		1.33068			4
2025.05.14	02:06:02.145	1.33065				2
2025.05.14	02:06:02.446		1.33070			4
2025.05.14	02:06:03.670		1.33071			4
2025.05.14	02:06:07.383		1.33070			4
2025.05.14	02:06:08.615		1.33071			4
2025.05.14	02:06:09.239		1.33070			4
2025.05.14	02:06:09.861		1.33071			4
2025.05.14	02:06:10.168		1.33070			4
2025.05.14	02:06:11.102		1.33071			4
2025.05.14	02:06:11.406		1.33070			4
2025.05.14	02:06:11.723		1.33071			4
2025.05.14	02:06:13.891		1.33070			4
2025.05.14	02:06:14.506		1.33071			4
2025.05.14	02:06:14.817		1.33070			4
2025.05.14	02:06:15.125		1.33071			4
2025.05.14	02:06:15.431	1.33066				2
2025.05.14	02:06:15.736	1.33065				2
2025.05.14	02:06:17.892	1.33067	1.33072			6
2025.05.14	02:06:18.200		1.33071			4
2025.05.14	02:06:19.743		1.33070			4
2025.05.14	02:06:21.613		1.33071			4
2025.05.14	02:06:21.919		1.33072			4
2025.05.14	02:06:22.219		1.33070			4
2025.05.14	02:06:24.080		1.33071			4
2025.05.14	02:06:25.000		1.33070			4
2025.05.14	02:06:25.315		1.33071			4
2025.05.14	02:06:26.250		1.33072			4
2025.05.14	02:06:29.027		1.33071			4
2025.05.14	02:06:31.213		1.33070			4
2025.05.14	02:06:31.837		1.33071			4
2025.05.14	02:06:32.143		1.33070			4
2025.05.14	02:06:32.454		1.33071			4
2025.05.14	02:06:36.463		1.33070			4
2025.05.14	02:06:36.774		1.33071			4
2025.05.14	02:06:37.079		1.33070			4
2025.05.14	02:06:37.691		1.33071			4
2025.05.14	02:06:38.305		1.33070			4
2025.05.14	02:06:38.619		1.33071			4
2025.05.14	02:06:40.162		1.33070			4
2025.05.14	02:06:40.468		1.33071			4
2025.05.14	02:06:41.091		1.33070			4
2025.05.14	02:06:42.321	1.33065				2
2025.05.14	02:06:47.256	1.33066				2
2025.05.14	02:06:48.171	1.33065	1.33069			6
2025.05.14	02:06:48.791	1.33066	1.33070			6
2025.05.14	02:07:00.094	1.33065	1.33068			6
2025.05.14	02:07:01.013		1.33069			4
2025.05.14	02:07:06.226	1.33062	1.33066			6
2025.05.14	02:07:06.528	1.33061	1.33065			6
2025.05.14	02:07:06.830		1.33064			4
2025.05.14	02:07:07.134		1.33065			4
2025.05.14	02:07:08.988	1.33060	1.33064			6
2025.05.14	02:07:09.607		1.33065			4
2025.05.14	02:07:10.831	1.33061	1.33066			6
2025.05.14	02:07:11.133		1.33065			4
2025.05.14	02:07:12.363		1.33066			4
2025.05.14	02:07:12.976		1.33065			4
2025.05.14	02:07:13.279		1.33066			4
2025.05.14	02:07:15.124	1.33062				2
2025.05.14	02:07:17.867	1.33061	1.33064			6
2025.05.14	02:07:18.174		1.33065			4
2025.05.14	02:07:30.435		1.33064			4
2025.05.14	02:07:30.742		1.33065			4
2025.05.14	02:07:31.049		1.33064			4
2025.05.14	02:07:31.663	1.33060				2
2025.05.14	02:07:31.972	1.33061	1.33065			6
2025.05.14	02:07:33.816	1.33060	1.33064			6
2025.05.14	02:07:34.423	1.33053	1.33056			6
2025.05.14	02:07:35.038		1.33057			4
2025.05.14	02:07:50.478	1.33052				2
2025.05.14	02:07:52.632		1.33056			4
2025.05.14	02:07:55.086		1.33057			4
2025.05.14	02:07:56.314		1.33056			4
2025.05.14	02:07:57.840		1.33057			4
2025.05.14	02:08:00.290	1.33052	1.33056			6
2025.05.14	02:08:04.280	1.33046	1.33049			6
2025.05.14	02:08:04.894		1.33048			4
2025.05.14	02:08:05.199		1.33050			4
2025.05.14	02:08:09.836	1.33040	1.33046			6
2025.05.14	02:08:11.688	1.33045	1.33048			6
2025.05.14	02:08:12.305		1.33047			4
2025.05.14	02:08:12.617		1.33048			4
2025.05.14	02:08:17.570	1.33044				2
2025.05.14	02:08:18.497	1.33046	1.33051			6
2025.05.14	02:08:18.804		1.33050			4
2025.05.14	02:08:20.354		1.33051			4
2025.05.14	02:08:20.657		1.33050			4
2025.05.14	02:08:22.205		1.33051			4
2025.05.14	02:08:23.130	1.33044	1.33048			6
2025.05.14	02:08:23.441		1.33047			4
2025.05.14	02:08:24.374		1.33048			4
2025.05.14	02:08:24.983		1.33049			4
2025.05.14	02:08:25.296		1.33047			4
2025.05.14	02:08:26.521		1.33048			4
2025.05.14	02:08:29.934	1.33043				2
2025.05.14	02:08:32.410	1.33042				2
2025.05.14	02:08:34.564	1.33043	1.33049			6
2025.05.14	02:08:37.049	1.33042	1.33048			6
2025.05.14	02:08:37.358		1.33047			4
2025.05.14	02:08:38.288		1.33048			4
2025.05.14	02:08:39.216		1.33047			4
2025.05.14	02:08:42.925	1.33051	1.33055			6
2025.05.14	02:08:45.392	1.33047	1.33050			6
2025.05.14	02:08:45.705	1.33046	1.33049			6
2025.05.14	02:08:50.027	1.33045				2
2025.05.14	02:08:50.329	1.33051	1.33054			6
2025.05.14	02:08:55.899	1.33048	1.33052			6
2025.05.14	02:08:56.205	1.33047	1.33051			6
2025.05.14	02:08:56.515		1.33050			4
2025.05.14	02:09:00.224	1.33047				2
2025.05.14	02:09:08.861	1.33046	1.33049			6
2025.05.14	02:09:11.954		1.33050			4
2025.05.14	02:09:16.573		1.33049			4
2025.05.14	02:09:19.349		1.33050			4
2025.05.14	02:09:22.435	1.33051	1.33054			6
2025.05.14	02:09:23.986	1.33050				2
2025.05.14	02:09:29.221	1.33051				2
2025.05.14	02:09:30.761	1.33053	1.33056			6
2025.05.14	02:09:31.069		1.33057			4
2025.05.14	02:09:31.992		1.33058			4
2025.05.14	02:09:34.140		1.33057			4
2025.05.14	02:09:34.444		1.33058			4
2025.05.14	02:09:36.284		1.33057			4
2025.05.14	02:09:39.046		1.33058			4
2025.05.14	02:09:40.573		1.33059			4
2025.05.14	02:09:40.879		1.33056			4
2025.05.14	02:09:41.189		1.33057			4
2025.05.14	02:09:46.412	1.33052	1.33056			6
2025.05.14	02:09:46.716	1.33053				2
2025.05.14	02:09:58.046	1.33052				2
2025.05.14	02:09:58.364		1.33055			4
2025.05.14	02:09:58.978		1.33056			4
2025.05.14	02:10:00.206	1.33052				2
2025.05.14	02:10:00.506		1.33055			4
2025.05.14	02:10:01.121		1.33056			4
2025.05.14	02:10:02.054		1.33055			4
2025.05.14	02:10:02.665	1.33046	1.33047			6
2025.05.14	02:10:03.273		1.33048			4
2025.05.14	02:10:05.417	1.33039	1.33043			6
2025.05.14	02:10:05.721	1.33038	1.33041			6
2025.05.14	02:10:10.331	1.33036	1.33039			6
2025.05.14	02:10:12.490		1.33040			4
2025.05.14	02:10:13.719		1.33039			4
2025.05.14	02:10:15.558		1.33040			4
2025.05.14	02:10:23.529		1.33039			4
2025.05.14	02:10:24.757		1.33040			4
2025.05.14	02:10:26.288		1.33039			4
2025.05.14	02:10:28.434	1.33033	1.33036			6
2025.05.14	02:10:28.749	1.33034				2
2025.05.14	02:10:30.284		1.33037			4
2025.05.14	02:10:31.213		1.33036			4
2025.05.14	02:10:31.527		1.33037			4
2025.05.14	02:10:32.444		1.33036			4
2025.05.14	02:10:33.984		1.33037			4
2025.05.14	02:10:35.215		1.33039			4
2025.05.14	02:10:35.519		1.33037			4
2025.05.14	02:10:38.906		1.33036			4
2025.05.14	02:10:42.293	1.33033	1.33035			6
2025.05.14	02:10:42.611		1.33036			4
2025.05.14	02:10:50.891		1.33035			4
2025.05.14	02:10:52.119		1.33036			4
2025.05.14	02:10:53.045		1.33037			4
2025.05.14	02:10:53.656	1.33034				2
2025.05.14	02:11:00.126	1.33034				2
2025.05.14	02:11:01.641		1.33038			4
2025.05.14	02:11:02.248	1.33035	1.33039			6
2025.05.14	02:11:03.163	1.33036				2
2025.05.14	02:11:06.215		1.33038			4
2025.05.14	02:11:06.520		1.33039			4
2025.05.14	02:11:08.354		1.33038			4
2025.05.14	02:11:08.970		1.33039			4
2025.05.14	02:11:11.408		1.33038			4
2025.05.14	02:11:12.327		1.33039			4
2025.05.14	02:11:13.872		1.33038			4
2025.05.14	02:11:23.659		1.33037			4
2025.05.14	02:11:24.273		1.33038			4
2025.05.14	02:11:28.554		1.33039			4
2025.05.14	02:11:29.169		1.33038			4
2025.05.14	02:11:31.594	1.33038	1.33039			6
2025.05.14	02:11:32.816	1.33037	1.33038			6
2025.05.14	02:11:34.348	1.33036				2
2025.05.14	02:11:34.651		1.33037			4
2025.05.14	02:11:34.957		1.33038			4
2025.05.14	02:11:35.879		1.33039			4
2025.05.14	02:11:36.181		1.33038			4
2025.05.14	02:11:36.492		1.33039			4
2025.05.14	02:11:37.402		1.33038			4
2025.05.14	02:11:37.713		1.33039			4
2025.05.14	02:11:38.931		1.33038			4
2025.05.14	02:11:39.240		1.33039			4
2025.05.14	02:11:39.849		1.33038			4
2025.05.14	02:11:41.374		1.33039			4
2025.05.14	02:11:41.679		1.33038			4
2025.05.14	02:11:47.759		1.33039			4
2025.05.14	02:11:49.577	1.33037	1.33040			6
2025.05.14	02:11:50.487	1.33043	1.33044			6
2025.05.14	02:11:51.098		1.33045			4
2025.05.14	02:11:52.031		1.33047			4
2025.05.14	02:11:52.336	1.33045				2
2025.05.14	02:11:56.053		1.33046			4
2025.05.14	02:11:57.279		1.33047			4
2025.05.14	02:12:00.050	1.33045				2
2025.05.14	02:12:01.591	1.33043	1.33045			6
2025.05.14	02:12:03.136		1.33046			4
2025.05.14	02:12:05.307		1.33045			4
2025.05.14	02:12:13.529		1.33046			4
2025.05.14	02:12:16.902		1.33045			4
2025.05.14	02:12:17.206		1.33046			4
2025.05.14	02:12:17.512		1.33045			4
2025.05.14	02:12:19.351		1.33046			4
2025.05.14	02:12:20.269	1.33044	1.33047			6
2025.05.14	02:12:21.493	1.33043	1.33046			6
2025.05.14	02:12:23.018	1.33044	1.33047			6
2025.05.14	02:12:23.638	1.33043	1.33046			6
2025.05.14	02:12:24.250		1.33045			4
2025.05.14	02:12:26.384		1.33046			4
2025.05.14	02:12:26.696		1.33045			4
2025.05.14	02:12:27.310		1.33046			4
2025.05.14	02:12:28.230	1.33042	1.33045			6
2025.05.14	02:12:31.295	1.33043	1.33044			6
2025.05.14	02:12:31.598		1.33045			4
2025.05.14	02:12:32.216		1.33046			4
2025.05.14	02:12:32.521		1.33045			4
2025.05.14	02:12:38.631		1.33044			4
2025.05.14	02:12:41.394		1.33045			4
2025.05.14	02:12:41.695		1.33044			4
2025.05.14	02:12:42.315		1.33046			4
2025.05.14	02:12:45.091	1.33045				2
2025.05.14	02:12:48.502	1.33042	1.33044			6
2025.05.14	02:12:48.823		1.33045			4
2025.05.14	02:12:50.362		1.33044			4
2025.05.14	02:12:50.667		1.33045			4
2025.05.14	02:12:54.972		1.33044			4
2025.05.14	02:12:55.286		1.33045			4
2025.05.14	02:13:00.208	1.33042				2
2025.05.14	02:13:02.062	1.33043	1.33046			6
2025.05.14	02:13:05.776	1.33044				2
2025.05.14	02:13:07.637		1.33045			4
2025.05.14	02:13:18.445	1.33048	1.33049			6
2025.05.14	02:13:18.747	1.33053	1.33054			6
2025.05.14	02:13:19.051		1.33055			4
2025.05.14	02:13:19.982		1.33056			4
2025.05.14	02:13:20.289		1.33057			4
2025.05.14	02:13:32.335	1.33043	1.33047			6
2025.05.14	02:13:32.640		1.33046			4
2025.05.14	02:13:33.262		1.33048			4
2025.05.14	02:13:34.499	1.33044				2
2025.05.14	02:13:37.277		1.33049			4
2025.05.14	02:13:37.584		1.33048			4
2025.05.14	02:13:39.744		1.33047			4
2025.05.14	02:13:40.047	1.33043				2
2025.05.14	02:13:45.898	1.33044				2
2025.05.14	02:13:51.759		1.33048			4
2025.05.14	02:13:58.554	1.33046				2
2025.05.14	02:13:59.802		1.33049			4
2025.05.14	02:14:00.103	1.33046				2
2025.05.14	02:14:01.038	1.33051	1.33055			6
2025.05.14	02:14:01.971	1.33045	1.33047			6
2025.05.14	02:14:02.283	1.33044				2
2025.05.14	02:14:06.916	1.33043				2
2025.05.14	02:14:18.702	1.33044				2
2025.05.14	02:14:21.807	1.33043				2
2025.05.14	02:14:23.669	1.33044				2
2025.05.14	02:14:38.842	1.33045				2
2025.05.14	02:14:48.400		1.33048			4
2025.05.14	02:14:49.324		1.33047			4
2025.05.14	02:14:49.636		1.33048			4
2025.05.14	02:14:51.180		1.33047			4
2025.05.14	02:14:57.356		1.33046			4
2025.05.14	02:14:58.885		1.33047			4
2025.05.14	02:15:00.112	1.33045				2
2025.05.14	02:15:01.033		1.33046			4
2025.05.14	02:15:06.532		1.33047			4
2025.05.14	02:15:13.261		1.33046			4
2025.05.14	02:15:14.477		1.33047			4
2025.05.14	02:15:14.781	1.33051	1.33053			6
2025.05.14	02:15:15.084	1.33045	1.33046			6
2025.05.14	02:15:18.740	1.33046	1.33047			6
2025.05.14	02:15:21.504	1.33045	1.33046			6
2025.05.14	02:15:22.417	1.33046	1.33047			6
2025.05.14	02:15:32.503	1.33045	1.33046			6
2025.05.14	02:15:34.347	1.33044	1.33045			6
2025.05.14	02:15:53.012	1.33042				2
2025.05.14	02:15:54.222		1.33044			4
2025.05.14	02:15:56.664		1.33045			4
2025.05.14	02:15:56.965		1.33044			4
2025.05.14	02:16:00.029	1.33042				2
2025.05.14	02:16:05.545		1.33045			4
2025.05.14	02:16:06.461	1.33036	1.33037			6
2025.05.14	02:16:06.764	1.33035	1.33036			6
2025.05.14	02:16:18.481		1.33037			4
2025.05.14	02:16:21.267		1.33036			4
2025.05.14	02:16:22.188	1.33034				2
2025.05.14	02:16:28.072	1.33038	1.33039			6
2025.05.14	02:16:28.377	1.33037	1.33038			6
2025.05.14	02:16:28.996		1.33039			4
2025.05.14	02:16:29.609		1.33038			4
2025.05.14	02:16:36.735		1.33039			4
2025.05.14	02:16:40.448	1.33035	1.33037			6
2025.05.14	02:16:42.613		1.33036			4
