<DATE>	<TIME>	<BID>	<ASK>	<LAST>	<VOLUME>	<FLAGS>
2025.03.14	00:00:00.225	1.29399	1.29570			6
2025.03.14	00:00:00.542	1.29442	1.29634			6
2025.03.14	00:00:00.851	1.29399	1.29586			6
2025.03.14	00:00:31.531	1.29438				2
2025.03.14	00:00:34.594	1.29443				2
2025.03.14	00:00:46.233	1.29447				2
2025.03.14	00:01:00.101	1.29447				2
2025.03.14	00:01:01.027		1.29586			4
2025.03.14	00:01:30.902	1.29453				2
2025.03.14	00:02:00.178	1.29453				2
2025.03.14	00:02:01.093		1.29586			4
2025.03.14	00:03:00.176	1.29453				2
2025.03.14	00:03:01.101		1.29586			4
2025.03.14	00:04:00.231	1.29453				2
2025.03.14	00:04:01.147		1.29586			4
2025.03.14	00:05:00.189	1.29453				2
2025.03.14	00:05:01.421		1.29586			4
2025.03.14	00:05:01.732	1.29467				2
2025.03.14	00:05:02.358	1.29470				2
2025.03.14	00:05:05.398	1.29471				2
2025.03.14	00:05:10.251	1.29470				2
2025.03.14	00:05:22.828		1.29595			4
2025.03.14	00:05:23.438		1.29586			4
2025.03.14	00:05:55.303	1.29471				2
2025.03.14	00:06:00.209	1.29471				2
2025.03.14	00:06:01.756	1.29472				2
2025.03.14	00:06:05.140	1.29474				2
2025.03.14	00:06:15.572	1.29475				2
2025.03.14	00:06:15.876	1.29474				2
2025.03.14	00:06:23.523		1.29586			4
2025.03.14	00:07:00.262	1.29474				2
2025.03.14	00:07:00.876	1.29470				2
2025.03.14	00:07:04.857	1.29468				2
2025.03.14	00:07:08.841	1.29469				2
2025.03.14	00:07:13.725	1.29471				2
2025.03.14	00:07:23.821		1.29586			4
2025.03.14	00:07:25.040	1.29472				2
2025.03.14	00:07:28.099	1.29471				2
2025.03.14	00:07:42.011	1.29472				2
2025.03.14	00:08:00.134	1.29472				2
2025.03.14	00:08:01.666	1.29468				2
2025.03.14	00:08:06.279	1.29469				2
2025.03.14	00:08:06.588	1.29468				2
2025.03.14	00:08:08.431	1.29469				2
2025.03.14	00:08:18.592	1.29470				2
2025.03.14	00:08:19.822	1.29469				2
2025.03.14	00:08:23.815	1.29471				2
2025.03.14	00:08:24.129		1.29586			4
2025.03.14	00:08:28.753	1.29470				2
2025.03.14	00:08:38.604	1.29469				2
2025.03.14	00:08:56.495	1.29465				2
2025.03.14	00:09:00.190	1.29465				2
2025.03.14	00:09:01.736	1.29469				2
2025.03.14	00:09:06.350	1.29470				2
2025.03.14	00:09:12.509	1.29466				2
2025.03.14	00:09:22.360	1.29467				2
2025.03.14	00:09:24.210		1.29586			4
2025.03.14	00:09:32.227	1.29468				2
2025.03.14	00:09:44.246	1.29469				2
2025.03.14	00:09:51.336	1.29470				2
2025.03.14	00:10:00.268	1.29470				2
2025.03.14	00:10:01.497	1.29465				2
2025.03.14	00:10:24.304		1.29586			4
2025.03.14	00:11:00.285	1.29465				2
2025.03.14	00:11:11.660	1.29464				2
2025.03.14	00:11:24.596		1.29586			4
2025.03.14	00:12:00.311	1.29464				2
2025.03.14	00:12:01.847	1.29463				2
2025.03.14	00:12:07.707	1.29460				2
2025.03.14	00:12:24.655		1.29586			4
2025.03.14	00:12:47.447		1.29583			4
2025.03.14	00:12:48.994		1.29584			4
2025.03.14	00:12:49.297		1.29583			4
2025.03.14	00:12:49.912		1.29586			4
2025.03.14	00:12:55.137		1.29585			4
2025.03.14	00:12:55.446		1.29586			4
2025.03.14	00:13:00.065	1.29460				2
2025.03.14	00:13:07.768	1.29454				2
2025.03.14	00:13:25.626		1.29585			4
2025.03.14	00:13:29.015		1.29586			4
2025.03.14	00:13:29.315		1.29585			4
2025.03.14	00:13:29.926		1.29586			4
2025.03.14	00:13:49.618		1.29585			4
2025.03.14	00:13:50.236		1.29586			4
2025.03.14	00:13:50.543		1.29585			4
2025.03.14	00:13:51.150		1.29586			4
2025.03.14	00:13:51.458		1.29585			4
2025.03.14	00:13:52.693		1.29586			4
2025.03.14	00:13:52.999		1.29585			4
2025.03.14	00:13:58.550		1.29583			4
2025.03.14	00:14:00.086	1.29454				2
2025.03.14	00:14:07.782	1.29460				2
2025.03.14	00:14:08.701		1.29582			4
2025.03.14	00:14:16.395	1.29454	1.29581			6
2025.03.14	00:15:00.122	1.29454				2
2025.03.14	00:15:00.429	1.29456	1.29579			6
2025.03.14	00:15:00.737		1.29581			4
2025.03.14	00:15:01.657		1.29580			4
2025.03.14	00:15:03.196		1.29581			4
2025.03.14	00:15:04.428		1.29579			4
2025.03.14	00:15:05.659		1.29580			4
2025.03.14	00:15:07.506	1.29454				2
2025.03.14	00:15:08.429	1.29456				2
2025.03.14	00:15:11.504		1.29581			4
2025.03.14	00:16:40.396	1.29460	1.29573			6
2025.03.14	00:16:42.923	1.29453	1.29578			6
2025.03.14	00:16:43.230		1.29580			4
2025.03.14	00:16:43.541		1.29581			4
2025.03.14	00:16:46.000	1.29454				2
2025.03.14	00:16:49.379	1.29456				2
2025.03.14	00:16:53.993	1.29457				2
2025.03.14	00:16:54.303	1.29456				2
2025.03.14	00:16:56.764	1.29455				2
2025.03.14	00:17:00.147	1.29455				2
2025.03.14	00:17:08.156	1.29454				2
2025.03.14	00:17:13.393	1.29453				2
2025.03.14	00:17:25.671		1.29579			4
2025.03.14	00:17:27.209		1.29581			4
2025.03.14	00:17:27.823		1.29579			4
2025.03.14	00:17:29.961		1.29581			4
2025.03.14	00:17:40.666		1.29580			4
2025.03.14	00:17:42.816	1.29459				2
2025.03.14	00:17:48.014		1.29581			4
2025.03.14	00:17:57.520		1.29576			4
2025.03.14	00:17:57.824		1.29581			4
2025.03.14	00:17:58.128		1.29580			4
2025.03.14	00:18:00.265	1.29459				2
2025.03.14	00:18:00.568		1.29581			4
2025.03.14	00:18:16.483		1.29580			4
2025.03.14	00:19:00.203	1.29459				2
2025.03.14	00:19:16.709		1.29580			4
2025.03.14	00:19:42.995	1.29455				2
2025.03.14	00:20:00.218	1.29455				2
2025.03.14	00:20:13.473	1.29460				2
2025.03.14	00:20:13.780	1.29465				2
2025.03.14	00:20:14.088	1.29469				2
2025.03.14	00:20:16.856		1.29580			4
2025.03.14	00:20:21.479		1.29579			4
2025.03.14	00:20:22.402	1.29463	1.29580			6
2025.03.14	00:20:24.859		1.29579			4
2025.03.14	00:20:26.709		1.29580			4
2025.03.14	00:20:27.326	1.29459	1.29578			6
2025.03.14	00:20:27.630		1.29577			4
2025.03.14	00:20:28.559		1.29576			4
2025.03.14	00:20:29.482	1.29455	1.29578			6
2025.03.14	00:20:29.783		1.29574			4
2025.03.14	00:20:30.402		1.29572			4
2025.03.14	00:20:31.329		1.29573			4
2025.03.14	00:20:31.639		1.29570			4
2025.03.14	00:20:31.945		1.29573			4
2025.03.14	00:20:32.252		1.29570			4
2025.03.14	00:20:32.562		1.29569			4
2025.03.14	00:20:32.874		1.29568			4
2025.03.14	00:20:33.794		1.29567			4
2025.03.14	00:20:35.336		1.29565			4
2025.03.14	00:20:38.730		1.29564			4
2025.03.14	00:20:40.882		1.29563			4
2025.03.14	00:20:43.335		1.29567			4
2025.03.14	00:20:43.949		1.29566			4
2025.03.14	00:20:45.179		1.29565			4
2025.03.14	00:20:48.259	1.29453	1.29563			6
2025.03.14	00:20:49.480		1.29562			4
2025.03.14	00:20:50.708		1.29561			4
2025.03.14	00:20:51.015		1.29559			4
2025.03.14	00:20:51.630		1.29560			4
2025.03.14	00:20:52.551		1.29557			4
2025.03.14	00:20:57.467		1.29555			4
2025.03.14	00:21:00.230	1.29453				2
2025.03.14	00:21:00.842		1.29554			4
2025.03.14	00:21:08.528		1.29560			4
2025.03.14	00:21:10.067		1.29558			4
2025.03.14	00:21:23.572		1.29557			4
2025.03.14	00:21:26.020		1.29553			4
2025.03.14	00:21:37.093		1.29555			4
2025.03.14	00:21:37.401		1.29552			4
2025.03.14	00:21:39.551		1.29550			4
2025.03.14	00:21:40.469		1.29552			4
2025.03.14	00:21:43.549		1.29553			4
2025.03.14	00:21:44.771		1.29554			4
2025.03.14	00:21:49.073		1.29549			4
2025.03.14	00:21:50.611		1.29543			4
2025.03.14	00:21:53.373		1.29541			4
2025.03.14	00:21:56.426		1.29543			4
2025.03.14	00:21:59.810		1.29542			4
2025.03.14	00:22:00.123	1.29453				2
2025.03.14	00:22:37.339		1.29548			4
2025.03.14	00:22:48.426		1.29549			4
2025.03.14	00:23:00.093	1.29453				2
2025.03.14	00:23:19.430		1.29547			4
2025.03.14	00:23:33.596		1.29552			4
2025.03.14	00:23:37.295		1.29554			4
2025.03.14	00:23:37.910		1.29556			4
2025.03.14	00:23:42.838		1.29555			4
2025.03.14	00:23:44.381		1.29553			4
2025.03.14	00:23:49.312		1.29555			4
2025.03.14	00:23:57.003		1.29553			4
2025.03.14	00:24:00.078	1.29453				2
2025.03.14	00:24:00.993		1.29551			4
2025.03.14	00:24:01.301		1.29555			4
2025.03.14	00:24:01.922		1.29553			4
2025.03.14	00:24:02.227		1.29552			4
2025.03.14	00:24:13.309		1.29555			4
2025.03.14	00:24:15.465		1.29554			4
2025.03.14	00:24:21.316		1.29553			4
2025.03.14	00:24:23.781		1.29552			4
2025.03.14	00:24:37.304		1.29556			4
2025.03.14	00:24:38.226		1.29557			4
2025.03.14	00:24:59.139		1.29556			4
2025.03.14	00:25:00.057	1.29453				2
2025.03.14	00:25:23.370		1.29554			4
2025.03.14	00:25:41.795		1.29551			4
2025.03.14	00:25:45.171		1.29550			4
2025.03.14	00:25:46.705		1.29549			4
2025.03.14	00:25:50.392		1.29548			4
2025.03.14	00:25:59.031		1.29547			4
2025.03.14	00:26:00.260	1.29453				2
2025.03.14	00:26:02.106		1.29552			4
2025.03.14	00:26:31.977		1.29549			4
2025.03.14	00:26:32.597		1.29553			4
2025.03.14	00:26:32.904		1.29552			4
2025.03.14	00:26:38.114		1.29554			4
2025.03.14	00:26:50.064		1.29551			4
2025.03.14	00:26:54.352		1.29550			4
2025.03.14	00:27:00.169	1.29453				2
2025.03.14	00:27:01.095		1.29551			4
2025.03.14	00:27:02.017		1.29552			4
2025.03.14	00:27:02.329		1.29554			4
2025.03.14	00:27:12.199		1.29553			4
2025.03.14	00:27:14.660		1.29568			4
2025.03.14	00:27:18.366		1.29567			4
2025.03.14	00:27:28.866		1.29565			4
2025.03.14	00:27:42.448		1.29567			4
2025.03.14	00:27:47.058		1.29566			4
2025.03.14	00:27:50.744		1.29567			4
2025.03.14	00:27:58.437		1.29565			4
2025.03.14	00:28:00.291	1.29453				2
2025.03.14	00:28:14.776		1.29563			4
2025.03.14	00:28:43.127		1.29564			4
2025.03.14	00:28:43.744		1.29568			4
2025.03.14	00:28:47.748		1.29569			4
2025.03.14	00:28:48.676		1.29568			4
2025.03.14	00:28:52.675	1.29467	1.29563			6
2025.03.14	00:28:57.615	1.29462	1.29561			6
2025.03.14	00:28:57.927		1.29563			4
2025.03.14	00:29:00.086	1.29462				2
2025.03.14	00:29:00.391		1.29562			4
2025.03.14	00:29:00.698		1.29563			4
2025.03.14	00:29:04.399		1.29562			4
2025.03.14	00:29:21.649		1.29561			4
2025.03.14	00:29:26.275		1.29560			4
2025.03.14	00:29:42.286		1.29561			4
2025.03.14	00:29:43.831		1.29558			4
2025.03.14	00:29:48.131		1.29563			4
2025.03.14	00:29:55.209		1.29564			4
2025.03.14	00:29:59.228		1.29566			4
2025.03.14	00:30:00.146	1.29462	1.29567			6
2025.03.14	00:30:07.224		1.29565			4
2025.03.14	00:30:07.834		1.29566			4
2025.03.14	00:30:08.139		1.29567			4
2025.03.14	00:30:14.276		1.29558			4
2025.03.14	00:30:14.581		1.29564			4
2025.03.14	00:30:17.041		1.29562			4
2025.03.14	00:30:18.268		1.29561			4
2025.03.14	00:30:25.032		1.29560			4
2025.03.14	00:30:29.947		1.29566			4
2025.03.14	00:30:37.324		1.29563			4
2025.03.14	00:30:47.467		1.29566			4
2025.03.14	00:30:54.852		1.29563			4
2025.03.14	00:31:00.078	1.29462				2
2025.03.14	00:31:02.545		1.29567			4
2025.03.14	00:31:06.249		1.29566			4
2025.03.14	00:31:07.168		1.29567			4
2025.03.14	00:31:07.478		1.29565			4
2025.03.14	00:31:09.329		1.29564			4
2025.03.14	00:31:14.567		1.29562			4
2025.03.14	00:31:15.186		1.29565			4
2025.03.14	00:31:16.107		1.29563			4
2025.03.14	00:31:22.274		1.29564			4
2025.03.14	00:31:25.663		1.29550			4
2025.03.14	00:31:37.560		1.29549			4
2025.03.14	00:31:54.378		1.29550			4
2025.03.14	00:31:55.920		1.29549			4
2025.03.14	00:31:58.071		1.29550			4
2025.03.14	00:32:00.224	1.29462				2
2025.03.14	00:32:14.376		1.29549			4
2025.03.14	00:32:16.535		1.29550			4
2025.03.14	00:32:16.840		1.29549			4
2025.03.14	00:32:25.169		1.29550			4
2025.03.14	00:32:30.101	1.29463	1.29553			6
2025.03.14	00:32:34.109	1.29462	1.29552			6
2025.03.14	00:32:41.514		1.29551			4
2025.03.14	00:32:45.835		1.29552			4
2025.03.14	00:33:00.035	1.29462				2
2025.03.14	00:33:01.565	1.29463	1.29553			6
2025.03.14	00:33:05.559	1.29464	1.29554			6
2025.03.14	00:33:06.489	1.29463	1.29553			6
2025.03.14	00:33:10.175	1.29462	1.29552			6
2025.03.14	00:33:12.323	1.29463	1.29553			6
2025.03.14	00:33:14.480	1.29464	1.29554			6
2025.03.14	00:33:14.784	1.29462	1.29552			6
2025.03.14	00:33:23.092		1.29551			4
2025.03.14	00:33:29.540	1.29463	1.29553			6
2025.03.14	00:33:30.773	1.29464	1.29554			6
2025.03.14	00:33:31.081	1.29463	1.29553			6
2025.03.14	00:33:31.388	1.29464	1.29554			6
2025.03.14	00:33:31.697	1.29463	1.29553			6
2025.03.14	00:33:32.008	1.29464	1.29554			6
2025.03.14	00:33:32.318	1.29463	1.29553			6
2025.03.14	00:33:40.955	1.29462	1.29552			6
2025.03.14	00:33:44.340	1.29463	1.29553			6
2025.03.14	00:33:44.649	1.29471	1.29561			6
2025.03.14	00:33:46.805	1.29470	1.29560			6
2025.03.14	00:33:54.514	1.29469	1.29559			6
2025.03.14	00:34:00.067	1.29469				2
2025.03.14	00:34:01.291	1.29472	1.29567			6
2025.03.14	00:34:11.449	1.29471				2
2025.03.14	00:34:15.745	1.29472				2
2025.03.14	00:34:20.663	1.29473				2
2025.03.14	00:34:39.385	1.29472				2
2025.03.14	00:34:44.607	1.29474				2
2025.03.14	00:35:00.297	1.29474				2
2025.03.14	00:35:01.526		1.29567			4
2025.03.14	00:35:01.836	1.29475				2
2025.03.14	00:35:03.381	1.29474				2
2025.03.14	00:35:08.608	1.29475				2
2025.03.14	00:35:14.436	1.29477				2
2025.03.14	00:35:15.662	1.29476				2
2025.03.14	00:35:28.268	1.29477				2
2025.03.14	00:35:34.421	1.29476				2
2025.03.14	00:35:35.034		1.29566			4
2025.03.14	00:35:35.344		1.29567			4
2025.03.14	00:35:39.645	1.29475	1.29565			6
2025.03.14	00:35:39.955	1.29476	1.29567			6
2025.03.14	00:35:42.107	1.29477				2
2025.03.14	00:36:00.252	1.29477				2
2025.03.14	00:36:17.788	1.29478	1.29568			6
2025.03.14	00:36:29.466	1.29479	1.29569			6
2025.03.14	00:36:43.935	1.29480				2
2025.03.14	00:36:52.857	1.29479				2
2025.03.14	00:37:00.235	1.29479				2
2025.03.14	00:37:07.316	1.29478	1.29568			6
2025.03.14	00:37:10.699	1.29479	1.29569			6
2025.03.14	00:37:22.700	1.29480				2
2025.03.14	00:37:29.470	1.29479				2
2025.03.14	00:37:29.783	1.29478	1.29568			6
2025.03.14	00:38:00.231	1.29478				2
2025.03.14	00:38:20.829	1.29472	1.29562			6
2025.03.14	00:38:21.136	1.29470	1.29560			6
2025.03.14	00:38:23.292	1.29469	1.29559			6
2025.03.14	00:38:28.843	1.29471	1.29561			6
2025.03.14	00:38:30.066	1.29470	1.29560			6
2025.03.14	00:38:34.376	1.29469	1.29559			6
2025.03.14	00:38:36.529	1.29470	1.29560			6
2025.03.14	00:38:40.220	1.29469	1.29559			6
2025.03.14	00:38:42.074	1.29470	1.29560			6
2025.03.14	00:38:44.217	1.29471	1.29561			6
2025.03.14	00:38:47.609	1.29470	1.29560			6
2025.03.14	00:38:48.847	1.29471	1.29561			6
2025.03.14	00:38:54.379	1.29469	1.29559			6
2025.03.14	00:38:55.304	1.29468	1.29558			6
2025.03.14	00:39:00.215	1.29468				2
2025.03.14	00:39:02.065	1.29469	1.29559			6
2025.03.14	00:39:02.681	1.29467	1.29557			6
2025.03.14	00:39:03.909	1.29468	1.29558			6
2025.03.14	00:39:21.137	1.29470	1.29560			6
2025.03.14	00:39:22.985	1.29471	1.29561			6
2025.03.14	00:39:23.297	1.29472	1.29562			6
2025.03.14	00:39:29.126	1.29468	1.29558			6
2025.03.14	00:39:29.436	1.29471	1.29561			6
2025.03.14	00:39:29.743	1.29472	1.29562			6
2025.03.14	00:39:30.048	1.29473	1.29563			6
2025.03.14	00:39:37.128	1.29474	1.29564			6
2025.03.14	00:39:39.275	1.29475	1.29565			6
2025.03.14	00:39:42.965	1.29474	1.29564			6
2025.03.14	00:39:44.501	1.29472	1.29562			6
2025.03.14	00:39:58.031	1.29473	1.29563			6
2025.03.14	00:40:00.178	1.29473				2
2025.03.14	00:40:04.479	1.29474	1.29564			6
2025.03.14	00:40:18.950	1.29472	1.29562			6
2025.03.14	00:40:26.629	1.29471	1.29561			6
2025.03.14	00:40:29.400	1.29473	1.29563			6
2025.03.14	00:40:29.709	1.29476	1.29566			6
2025.03.14	00:40:34.012	1.29473	1.29563			6
2025.03.14	00:40:36.163	1.29474	1.29564			6
2025.03.14	00:40:39.856	1.29472	1.29562			6
2025.03.14	00:40:40.785	1.29473	1.29563			6
2025.03.14	00:40:49.702	1.29472	1.29562			6
2025.03.14	00:40:54.933	1.29473	1.29563			6
2025.03.14	00:40:57.705	1.29472	1.29562			6
2025.03.14	00:40:59.849	1.29473	1.29563			6
2025.03.14	00:41:00.157	1.29473				2
2025.03.14	00:41:26.921	1.29474	1.29564			6
2025.03.14	00:41:27.229	1.29475	1.29565			6
2025.03.14	00:41:28.155	1.29474	1.29564			6
2025.03.14	00:41:29.376	1.29475	1.29565			6
2025.03.14	00:41:29.688	1.29473	1.29563			6
2025.03.14	00:41:29.991	1.29475	1.29565			6
2025.03.14	00:41:30.298	1.29474	1.29564			6
2025.03.14	00:41:31.530	1.29476	1.29566			6
2025.03.14	00:41:35.218	1.29475	1.29565			6
2025.03.14	00:41:38.915	1.29474	1.29564			6
2025.03.14	00:41:41.988	1.29473	1.29563			6
2025.03.14	00:41:44.446	1.29474	1.29564			6
2025.03.14	00:42:00.117	1.29474				2
2025.03.14	00:42:00.429	1.29473	1.29563			6
2025.03.14	00:42:03.806	1.29474	1.29564			6
2025.03.14	00:42:04.111	1.29475	1.29565			6
2025.03.14	00:42:05.031	1.29474	1.29564			6
2025.03.14	00:42:06.870	1.29477	1.29567			6
2025.03.14	00:42:07.795	1.29478				2
2025.03.14	00:42:08.724		1.29565			4
2025.03.14	00:42:09.026	1.29475				2
2025.03.14	00:42:15.783	1.29477	1.29564			6
2025.03.14	00:42:16.088		1.29565			4
2025.03.14	00:42:16.401		1.29566			4
2025.03.14	00:42:20.394		1.29564			4
2025.03.14	00:42:23.461		1.29565			4
2025.03.14	00:42:31.748		1.29564			4
2025.03.14	00:42:40.351		1.29565			4
2025.03.14	00:42:40.654		1.29564			4
2025.03.14	00:42:45.886		1.29565			4
2025.03.14	00:43:00.044	1.29477				2
2025.03.14	00:43:17.574		1.29564			4
2025.03.14	00:43:22.792		1.29566			4
2025.03.14	00:43:31.422		1.29565			4
2025.03.14	00:43:37.580		1.29566			4
2025.03.14	00:43:40.945		1.29564			4
2025.03.14	00:43:41.570	1.29474				2
2025.03.14	00:43:45.266	1.29477				2
2025.03.14	00:43:47.116		1.29565			4
2025.03.14	00:43:50.820		1.29564			4
2025.03.14	00:44:00.047	1.29477				2
2025.03.14	00:44:00.356		1.29565			4
2025.03.14	00:44:01.281		1.29564			4
2025.03.14	00:44:03.430		1.29565			4
2025.03.14	00:44:30.141		1.29563			4
2025.03.14	00:44:30.450		1.29564			4
2025.03.14	00:44:31.371		1.29565			4
2025.03.14	00:44:45.534		1.29566			4
2025.03.14	00:44:46.449	1.29476				2
2025.03.14	00:44:46.758	1.29475	1.29565			6
2025.03.14	00:44:47.066	1.29477	1.29567			6
2025.03.14	00:44:50.451	1.29473	1.29563			6
2025.03.14	00:44:51.067	1.29474	1.29564			6
2025.03.14	00:44:51.684	1.29473	1.29563			6
2025.03.14	00:44:52.296	1.29472	1.29562			6
2025.03.14	00:44:56.626	1.29471	1.29561			6
2025.03.14	00:44:57.540	1.29474	1.29564			6
2025.03.14	00:44:57.853	1.29475	1.29565			6
2025.03.14	00:45:00.305	1.29474	1.29564			6
2025.03.14	00:45:02.160	1.29473	1.29563			6
2025.03.14	00:45:06.464	1.29472	1.29562			6
2025.03.14	00:45:09.310	1.29488	1.29546			6
2025.03.14	00:45:11.140	1.29489	1.29547			6
2025.03.14	00:45:12.061	1.29488	1.29546			6
2025.03.14	00:45:14.829	1.29484	1.29542			6
2025.03.14	00:45:15.134	1.29483	1.29541			6
2025.03.14	00:45:15.744	1.29484	1.29542			6
2025.03.14	00:45:16.048	1.29482	1.29540			6
2025.03.14	00:45:17.586	1.29481	1.29539			6
2025.03.14	00:45:20.674	1.29482	1.29540			6
2025.03.14	00:45:25.598	1.29481	1.29539			6
2025.03.14	00:45:30.222	1.29483	1.29541			6
2025.03.14	00:45:41.329	1.29482	1.29540			6
2025.03.14	00:45:49.962	1.29483	1.29541			6
2025.03.14	00:46:00.107	1.29482	1.29540			6
2025.03.14	00:46:16.127	1.29481	1.29539			6
2025.03.14	00:46:30.002	1.29485	1.29543			6
2025.03.14	00:46:30.310	1.29483	1.29541			6
2025.03.14	00:46:55.275	1.29481	1.29539			6
2025.03.14	00:46:58.979	1.29482	1.29540			6
2025.03.14	00:46:59.284	1.29483	1.29541			6
2025.03.14	00:47:00.209	1.29483				2
2025.03.14	00:47:30.081	1.29481	1.29539			6
2025.03.14	00:47:52.489	1.29482	1.29540			6
2025.03.14	00:48:00.178	1.29482				2
2025.03.14	00:48:14.343	1.29483	1.29541			6
2025.03.14	00:48:30.045	1.29485	1.29543			6
2025.03.14	00:48:30.353	1.29484	1.29542			6
2025.03.14	00:49:00.260	1.29484				2
2025.03.14	00:49:30.463		1.29542			4
2025.03.14	00:49:32.623	1.29485	1.29543			6
2025.03.14	00:49:41.555	1.29490	1.29548			6
2025.03.14	00:49:44.331	1.29496	1.29554			6
2025.03.14	00:49:46.180		1.29555			4
2025.03.14	00:49:51.733	1.29495	1.29553			6
2025.03.14	00:50:00.051	1.29495				2
2025.03.14	00:50:14.530		1.29554			4
2025.03.14	00:50:14.839		1.29555			4
2025.03.14	00:50:26.868	1.29496	1.29554			6
2025.03.14	00:50:29.031	1.29497				2
2025.03.14	00:50:29.646	1.29496				2
2025.03.14	00:50:29.956	1.29497				2
2025.03.14	00:50:34.278	1.29494	1.29550			6
2025.03.14	00:50:35.816	1.29495	1.29553			6
2025.03.14	00:50:37.673	1.29496	1.29554			6
2025.03.14	00:50:46.005	1.29497	1.29555			6
2025.03.14	00:50:55.557	1.29496	1.29554			6
2025.03.14	00:51:00.180	1.29496				2
2025.03.14	00:51:01.412	1.29510	1.29556			6
2025.03.14	00:51:09.120		1.29561			4
2025.03.14	00:51:09.427		1.29558			4
2025.03.14	00:51:13.740		1.29557			4
2025.03.14	00:51:14.041		1.29562			4
2025.03.14	00:51:14.348		1.29558			4
2025.03.14	00:51:15.272		1.29557			4
2025.03.14	00:51:25.126		1.29556			4
2025.03.14	00:51:26.047		1.29557			4
2025.03.14	00:51:41.138		1.29558			4
2025.03.14	00:51:41.447		1.29557			4
2025.03.14	00:52:00.238	1.29510				2
2025.03.14	00:52:01.472		1.29558			4
2025.03.14	00:52:09.148		1.29557			4
2025.03.14	00:52:10.682		1.29558			4
2025.03.14	00:52:30.083		1.29559			4
2025.03.14	00:52:35.637		1.29560			4
2025.03.14	00:53:00.311	1.29510				2
2025.03.14	00:53:01.541		1.29561			4
2025.03.14	00:53:06.783		1.29562			4
2025.03.14	00:53:16.032		1.29564			4
2025.03.14	00:53:17.877		1.29563			4
2025.03.14	00:53:22.500		1.29564			4
2025.03.14	00:53:36.686		1.29563			4
2025.03.14	00:53:41.932		1.29564			4
2025.03.14	00:53:57.053		1.29563			4
2025.03.14	00:54:00.140	1.29510				2
2025.03.14	00:54:32.841		1.29564			4
2025.03.14	00:55:00.011	1.29510				2
2025.03.14	00:55:01.545		1.29563			4
2025.03.14	00:55:17.812		1.29564			4
2025.03.14	00:56:00.244	1.29510				2
2025.03.14	00:56:11.951	1.29528	1.29569			6
2025.03.14	00:56:15.339		1.29567			4
2025.03.14	00:56:34.129		1.29569			4
2025.03.14	00:56:36.907		1.29568			4
2025.03.14	00:56:39.065		1.29567			4
2025.03.14	00:56:44.619		1.29568			4
2025.03.14	00:56:44.927		1.29569			4
2025.03.14	00:57:00.034	1.29528				2
2025.03.14	00:57:12.057		1.29567			4
2025.03.14	00:57:16.987		1.29570			4
2025.03.14	00:57:19.437		1.29569			4
2025.03.14	00:57:37.035	1.29524				2
2025.03.14	00:57:38.883	1.29515				2
2025.03.14	00:57:48.441		1.29568			4
2025.03.14	00:57:49.987		1.29567			4
2025.03.14	00:57:59.562		1.29566			4
2025.03.14	00:58:00.175	1.29515				2
2025.03.14	00:58:12.765		1.29565			4
2025.03.14	00:58:17.369		1.29566			4
2025.03.14	00:58:20.742		1.29567			4
2025.03.14	00:58:30.554		1.29566			4
2025.03.14	00:58:33.013		1.29567			4
2025.03.14	00:58:35.470		1.29566			4
2025.03.14	00:58:36.398	1.29519	1.29569			6
2025.03.14	00:58:38.242	1.29518				2
2025.03.14	00:58:40.399	1.29517	1.29568			6
2025.03.14	00:58:40.703	1.29518				2
2025.03.14	00:58:41.626	1.29517				2
2025.03.14	00:58:44.699	1.29516				2
2025.03.14	00:58:48.078		1.29569			4
2025.03.14	00:58:52.064	1.29515				2
2025.03.14	00:58:53.297		1.29568			4
2025.03.14	00:58:53.604	1.29516				2
2025.03.14	00:58:53.908		1.29567			4
2025.03.14	00:58:54.214	1.29515				2
2025.03.14	00:58:56.364		1.29568			4
2025.03.14	00:58:59.116	1.29516				2
2025.03.14	00:59:00.038	1.29516	1.29567			6
2025.03.14	00:59:00.341	1.29517	1.29571			6
2025.03.14	00:59:01.877	1.29516				2
2025.03.14	00:59:04.336		1.29569			4
2025.03.14	00:59:06.175	1.29513				2
2025.03.14	00:59:12.012	1.29512	1.29567			6
2025.03.14	00:59:28.896	1.29505	1.29563			6
2025.03.14	00:59:30.121	1.29491	1.29547			6
2025.03.14	00:59:30.736		1.29546			4
2025.03.14	00:59:31.658		1.29548			4
2025.03.14	00:59:31.968	1.29490	1.29545			6
2025.03.14	00:59:32.583	1.29489	1.29543			6
2025.03.14	00:59:32.890	1.29487				2
2025.03.14	00:59:33.508	1.29497	1.29552			6
2025.03.14	00:59:34.731	1.29500	1.29558			6
2025.03.14	00:59:39.966	1.29496	1.29554			6
2025.03.14	00:59:40.275	1.29493	1.29548			6
2025.03.14	00:59:40.580		1.29547			4
2025.03.14	00:59:42.121		1.29546			4
2025.03.14	00:59:45.508	1.29494	1.29552			6
2025.03.14	00:59:47.372	1.29493	1.29551			6
2025.03.14	00:59:49.217	1.29481	1.29529			6
2025.03.14	00:59:49.526		1.29530			4
2025.03.14	00:59:50.749		1.29531			4
2025.03.14	00:59:52.593		1.29530			4
2025.03.14	00:59:53.811		1.29531			4
2025.03.14	00:59:57.179	1.29477	1.29529			6
2025.03.14	00:59:57.484	1.29475	1.29527			6
2025.03.14	00:59:58.099	1.29476	1.29530			6
2025.03.14	01:00:00.245	1.29465	1.29525			6
2025.03.14	01:00:00.549	1.29422	1.29532			6
2025.03.14	01:00:00.851	1.29428	1.29538			6
2025.03.14	01:00:01.154	1.29460	1.29534			6
2025.03.14	01:00:01.471	1.29466	1.29540			6
2025.03.14	01:00:01.782	1.29491				2
2025.03.14	01:00:02.092	1.29480				2
2025.03.14	01:00:02.406	1.29495	1.29560			6
2025.03.14	01:00:02.717	1.29499				2
2025.03.14	01:00:03.332	1.29504	1.29557			6
2025.03.14	01:00:03.948	1.29497				2
2025.03.14	01:00:04.256	1.29498				2
2025.03.14	01:00:04.563	1.29505	1.29540			6
2025.03.14	01:00:04.873	1.29515				2
2025.03.14	01:00:05.483	1.29517				2
2025.03.14	01:00:06.096	1.29489				2
2025.03.14	01:00:06.412	1.29485				2
2025.03.14	01:00:06.720	1.29486				2
2025.03.14	01:00:07.023	1.29485				2
2025.03.14	01:00:07.330	1.29486	1.29555			6
2025.03.14	01:00:07.632	1.29494	1.29565			6
2025.03.14	01:00:08.251	1.29491	1.29562			6
2025.03.14	01:00:08.864		1.29561			4
2025.03.14	01:00:09.168		1.29559			4
2025.03.14	01:00:09.475	1.29495	1.29562			6
2025.03.14	01:00:09.780	1.29496	1.29564			6
2025.03.14	01:00:10.085		1.29563			4
2025.03.14	01:00:10.697	1.29493	1.29561			6
2025.03.14	01:00:11.004		1.29560			4
2025.03.14	01:00:11.316	1.29497	1.29561			6
2025.03.14	01:00:12.241		1.29562			4
2025.03.14	01:00:12.853	1.29496	1.29561			6
2025.03.14	01:00:13.160		1.29562			4
2025.03.14	01:00:13.468	1.29498				2
2025.03.14	01:00:13.770	1.29499	1.29561			6
2025.03.14	01:00:14.091		1.29562			4
2025.03.14	01:00:14.399		1.29564			4
2025.03.14	01:00:14.713		1.29565			4
2025.03.14	01:00:15.018		1.29564			4
2025.03.14	01:00:16.556	1.29500	1.29562			6
2025.03.14	01:00:17.483	1.29523	1.29539			6
2025.03.14	01:00:17.786	1.29524	1.29543			6
2025.03.14	01:00:18.106	1.29525	1.29538			6
2025.03.14	01:00:18.416	1.29543	1.29554			6
2025.03.14	01:00:18.730	1.29547	1.29563			6
2025.03.14	01:00:19.034		1.29561			4
2025.03.14	01:00:19.338		1.29562			4
2025.03.14	01:00:19.644	1.29553	1.29564			6
2025.03.14	01:00:20.568	1.29561	1.29574			6
2025.03.14	01:00:22.418	1.29562	1.29575			6
2025.03.14	01:00:29.763	1.29555	1.29565			6
2025.03.14	01:00:30.069	1.29553	1.29561			6
2025.03.14	01:00:30.371	1.29554	1.29562			6
2025.03.14	01:00:31.898	1.29552	1.29563			6
2025.03.14	01:00:32.818	1.29553	1.29567			6
2025.03.14	01:00:34.350		1.29562			4
2025.03.14	01:00:34.653		1.29565			4
2025.03.14	01:00:35.874		1.29562			4
2025.03.14	01:00:37.399	1.29562	1.29573			6
2025.03.14	01:00:40.167	1.29563				2
2025.03.14	01:00:41.087		1.29575			4
2025.03.14	01:00:44.768	1.29565	1.29572			6
2025.03.14	01:00:46.909	1.29572	1.29582			6
2025.03.14	01:00:47.213		1.29585			4
2025.03.14	01:00:47.515	1.29567	1.29579			6
2025.03.14	01:00:48.439	1.29563	1.29580			6
2025.03.14	01:00:48.745	1.29566	1.29578			6
2025.03.14	01:00:49.052	1.29563	1.29579			6
2025.03.14	01:00:51.188		1.29578			4
2025.03.14	01:00:51.812		1.29579			4
2025.03.14	01:00:53.937		1.29580			4
2025.03.14	01:00:54.544	1.29564	1.29579			6
2025.03.14	01:00:54.855		1.29578			4
2025.03.14	01:00:55.165		1.29580			4
2025.03.14	01:01:00.035	1.29564				2
2025.03.14	01:01:00.344	1.29567	1.29572			6
2025.03.14	01:01:00.959	1.29569	1.29580			6
2025.03.14	01:01:01.262	1.29567	1.29573			6
2025.03.14	01:01:01.876	1.29566	1.29572			6
2025.03.14	01:01:02.487	1.29564	1.29576			6
2025.03.14	01:01:03.407	1.29573	1.29585			6
2025.03.14	01:01:04.325		1.29584			4
2025.03.14	01:01:05.550	1.29572				2
2025.03.14	01:01:08.878		1.29585			4
2025.03.14	01:01:10.723	1.29570	1.29583			6
2025.03.14	01:01:12.847		1.29584			4
2025.03.14	01:01:16.500	1.29569				2
2025.03.14	01:01:17.112		1.29574			4
2025.03.14	01:01:17.425		1.29585			4
2025.03.14	01:01:17.729		1.29574			4
2025.03.14	01:01:19.888	1.29571	1.29586			6
2025.03.14	01:01:20.194	1.29572				2
2025.03.14	01:01:20.809	1.29571				2
2025.03.14	01:01:21.117	1.29572				2
2025.03.14	01:01:24.804		1.29585			4
2025.03.14	01:01:27.560	1.29567	1.29569			6
2025.03.14	01:01:27.862		1.29568			4
2025.03.14	01:01:28.476		1.29569			4
2025.03.14	01:01:29.097		1.29568			4
2025.03.14	01:01:30.309	1.29564	1.29569			6
2025.03.14	01:01:30.616	1.29563	1.29568			6
2025.03.14	01:01:30.921	1.29566	1.29567			6
2025.03.14	01:01:31.226	1.29567	1.29568			6
2025.03.14	01:01:36.431	1.29566	1.29567			6
2025.03.14	01:01:40.701	1.29563	1.29566			6
2025.03.14	01:01:41.319		1.29567			4
2025.03.14	01:01:41.932	1.29564	1.29569			6
2025.03.14	01:01:42.236	1.29563	1.29566			6
2025.03.14	01:01:42.852		1.29568			4
2025.03.14	01:01:44.069		1.29567			4
2025.03.14	01:01:46.219	1.29566	1.29568			6
2025.03.14	01:01:46.528		1.29567			4
2025.03.14	01:01:51.127	1.29561	1.29575			6
2025.03.14	01:01:51.448		1.29576			4
2025.03.14	01:01:52.062		1.29571			4
2025.03.14	01:01:56.353	1.29557				2
2025.03.14	01:01:56.967		1.29561			4
2025.03.14	01:01:57.275		1.29562			4
2025.03.14	01:01:59.426	1.29558	1.29563			6
2025.03.14	01:02:00.032	1.29558				2
2025.03.14	01:02:00.338	1.29557	1.29562			6
2025.03.14	01:02:01.248	1.29556	1.29561			6
2025.03.14	01:02:01.559	1.29559	1.29564			6
2025.03.14	01:02:02.474	1.29558	1.29563			6
2025.03.14	01:02:02.782	1.29557	1.29562			6
2025.03.14	01:02:03.083	1.29559	1.29564			6
2025.03.14	01:02:04.011	1.29558	1.29563			6
2025.03.14	01:02:05.237	1.29555	1.29573			6
2025.03.14	01:02:06.154	1.29556	1.29561			6
2025.03.14	01:02:06.461	1.29558	1.29563			6
2025.03.14	01:02:06.771	1.29555	1.29559			6
2025.03.14	01:02:07.695	1.29557	1.29562			6
2025.03.14	01:02:08.313	1.29556	1.29561			6
2025.03.14	01:02:08.624	1.29557	1.29562			6
2025.03.14	01:02:08.926	1.29556	1.29561			6
2025.03.14	01:02:09.238	1.29559	1.29564			6
2025.03.14	01:02:09.541	1.29556	1.29560			6
2025.03.14	01:02:10.463	1.29557	1.29562			6
2025.03.14	01:02:16.275	1.29556	1.29561			6
2025.03.14	01:02:17.496	1.29557	1.29562			6
2025.03.14	01:02:18.413	1.29558	1.29563			6
2025.03.14	01:02:18.724	1.29557	1.29562			6
2025.03.14	01:02:23.017	1.29556	1.29561			6
2025.03.14	01:02:27.910		1.29560			4
2025.03.14	01:02:28.833		1.29561			4
2025.03.14	01:02:34.036	1.29557	1.29562			6
2025.03.14	01:02:34.650	1.29556	1.29561			6
2025.03.14	01:02:38.311	1.29547				2
2025.03.14	01:02:38.617		1.29566			4
2025.03.14	01:02:46.304	1.29549	1.29554			6
2025.03.14	01:02:46.909	1.29548	1.29553			6
2025.03.14	01:02:47.840	1.29549	1.29554			6
2025.03.14	01:02:48.453	1.29550	1.29555			6
2025.03.14	01:02:49.061	1.29547	1.29566			6
2025.03.14	01:02:50.601	1.29549	1.29554			6
2025.03.14	01:02:51.522	1.29548	1.29553			6
2025.03.14	01:02:52.137	1.29549	1.29554			6
2025.03.14	01:02:53.654	1.29550	1.29555			6
2025.03.14	01:02:54.885	1.29549	1.29554			6
2025.03.14	01:02:55.810	1.29550	1.29555			6
2025.03.14	01:02:57.347	1.29549	1.29554			6
2025.03.14	01:02:57.950	1.29550	1.29555			6
2025.03.14	01:02:58.559	1.29548	1.29553			6
2025.03.14	01:02:58.861	1.29547	1.29552			6
2025.03.14	01:02:59.484	1.29548	1.29553			6
2025.03.14	01:03:00.098	1.29548				2
2025.03.14	01:03:03.176	1.29549	1.29554			6
2025.03.14	01:03:03.783	1.29548	1.29553			6
2025.03.14	01:03:04.086	1.29547	1.29552			6
2025.03.14	01:03:05.077		1.29551			4
2025.03.14	01:03:05.389		1.29552			4
2025.03.14	01:03:08.404	1.29548	1.29553			6
2025.03.14	01:03:10.808	1.29549	1.29554			6
2025.03.14	01:03:12.026	1.29548	1.29553			6
2025.03.14	01:03:19.711	1.29549	1.29554			6
2025.03.14	01:03:20.011	1.29547	1.29552			6
2025.03.14	01:03:29.500	1.29549	1.29554			6
2025.03.14	01:03:36.821	1.29548	1.29553			6
2025.03.14	01:03:39.262	1.29547	1.29552			6
2025.03.14	01:03:39.571	1.29548	1.29553			6
2025.03.14	01:03:40.494	1.29547	1.29552			6
2025.03.14	01:03:41.112	1.29548	1.29553			6
2025.03.14	01:03:42.030	1.29549	1.29554			6
2025.03.14	01:03:42.639	1.29547	1.29552			6
2025.03.14	01:03:48.448	1.29548	1.29553			6
2025.03.14	01:03:49.669	1.29550	1.29555			6
2025.03.14	01:03:50.588	1.29549	1.29554			6
2025.03.14	01:03:52.121		1.29553			4
2025.03.14	01:03:52.423	1.29548	1.29552			6
2025.03.14	01:03:57.923	1.29549	1.29553			6
2025.03.14	01:03:59.759	1.29548	1.29552			6
2025.03.14	01:04:00.067	1.29550	1.29554			6
2025.03.14	01:04:02.206	1.29549	1.29553			6
2025.03.14	01:04:02.508	1.29550	1.29554			6
2025.03.14	01:04:04.037	1.29549	1.29553			6
2025.03.14	01:04:05.270	1.29550	1.29554			6
2025.03.14	01:04:07.420	1.29551	1.29555			6
2025.03.14	01:04:17.848	1.29548	1.29552			6
2025.03.14	01:04:18.155	1.29550	1.29554			6
2025.03.14	01:04:19.075	1.29551	1.29555			6
2025.03.14	01:04:28.874	1.29549	1.29553			6
2025.03.14	01:04:34.093	1.29552	1.29556			6
2025.03.14	01:04:35.013	1.29551	1.29555			6
2025.03.14	01:04:39.288	1.29550	1.29554			6
2025.03.14	01:04:39.595	1.29548	1.29552			6
2025.03.14	01:04:40.513	1.29549	1.29553			6
2025.03.14	01:04:40.817	1.29550	1.29554			6
2025.03.14	01:04:42.050	1.29549	1.29553			6
2025.03.14	01:04:47.256	1.29551	1.29552			6
2025.03.14	01:04:47.560		1.29553			4
2025.03.14	01:04:48.170		1.29552			4
2025.03.14	01:04:48.787	1.29550				2
2025.03.14	01:04:52.165		1.29553			4
2025.03.14	01:04:52.473	1.29546	1.29550			6
2025.03.14	01:04:55.232	1.29547	1.29551			6
2025.03.14	01:04:55.839	1.29546	1.29550			6
2025.03.14	01:05:00.126	1.29546				2
2025.03.14	01:05:02.284	1.29548	1.29552			6
2025.03.14	01:05:02.587	1.29549	1.29553			6
2025.03.14	01:05:02.890	1.29548	1.29552			6
2025.03.14	01:05:18.774	1.29551	1.29555			6
2025.03.14	01:05:21.223	1.29552	1.29556			6
2025.03.14	01:05:23.358	1.29551	1.29555			6
2025.03.14	01:05:28.853	1.29549	1.29553			6
2025.03.14	01:05:29.154	1.29553	1.29557			6
2025.03.14	01:05:30.382	1.29550	1.29554			6
2025.03.14	01:05:32.834	1.29551	1.29555			6
2025.03.14	01:05:33.757	1.29550	1.29554			6
2025.03.14	01:05:48.196	1.29551	1.29555			6
2025.03.14	01:05:52.211	1.29550	1.29554			6
2025.03.14	01:06:00.195	1.29550				2
2025.03.14	01:06:00.513	1.29547	1.29551			6
2025.03.14	01:06:04.503	1.29548	1.29552			6
2025.03.14	01:06:06.038	1.29547	1.29551			6
2025.03.14	01:06:09.127	1.29548	1.29552			6
2025.03.14	01:06:09.434	1.29547	1.29551			6
2025.03.14	01:06:10.060	1.29548	1.29552			6
2025.03.14	01:06:13.775	1.29546	1.29550			6
2025.03.14	01:06:14.083	1.29547	1.29551			6
2025.03.14	01:06:14.391	1.29545	1.29549			6
2025.03.14	01:06:14.701	1.29544	1.29548			6
2025.03.14	01:06:41.939	1.29543	1.29547			6
2025.03.14	01:06:42.247	1.29544	1.29548			6
2025.03.14	01:06:43.788	1.29546	1.29550			6
2025.03.14	01:06:44.093	1.29545	1.29549			6
2025.03.14	01:06:48.417	1.29546	1.29550			6
2025.03.14	01:06:48.723	1.29547	1.29551			6
2025.03.14	01:06:49.648	1.29546	1.29550			6
2025.03.14	01:06:50.575	1.29545	1.29549			6
2025.03.14	01:06:52.110	1.29544	1.29548			6
2025.03.14	01:06:52.418	1.29543	1.29547			6
2025.03.14	01:06:53.040	1.29545	1.29549			6
2025.03.14	01:06:55.198	1.29547	1.29551			6
2025.03.14	01:06:56.129	1.29545	1.29549			6
2025.03.14	01:06:59.528	1.29546	1.29550			6
2025.03.14	01:06:59.839	1.29545	1.29549			6
2025.03.14	01:07:00.149	1.29545				2
2025.03.14	01:07:00.453	1.29546	1.29550			6
2025.03.14	01:07:01.384	1.29543	1.29547			6
2025.03.14	01:07:02.614	1.29545	1.29549			6
2025.03.14	01:07:02.921	1.29546	1.29550			6
2025.03.14	01:07:03.851	1.29544	1.29548			6
2025.03.14	01:07:04.157	1.29542	1.29546			6
2025.03.14	01:07:04.459	1.29544	1.29548			6
2025.03.14	01:07:05.082	1.29545	1.29549			6
2025.03.14	01:07:06.009	1.29544	1.29548			6
2025.03.14	01:07:06.937	1.29545	1.29549			6
2025.03.14	01:07:08.781	1.29546	1.29550			6
2025.03.14	01:07:10.324	1.29545	1.29549			6
2025.03.14	01:07:16.800	1.29544	1.29548			6
2025.03.14	01:07:17.107	1.29545	1.29549			6
2025.03.14	01:07:18.952	1.29544	1.29548			6
2025.03.14	01:07:19.574	1.29545	1.29549			6
2025.03.14	01:07:19.882	1.29544	1.29548			6
2025.03.14	01:07:22.348	1.29545	1.29549			6
2025.03.14	01:07:22.655	1.29543	1.29547			6
2025.03.14	01:07:23.581	1.29544	1.29548			6
2025.03.14	01:07:23.893	1.29543	1.29547			6
2025.03.14	01:07:24.512	1.29544	1.29548			6
2025.03.14	01:07:24.815	1.29545	1.29549			6
2025.03.14	01:07:28.527	1.29547	1.29551			6
2025.03.14	01:07:28.833	1.29545	1.29549			6
2025.03.14	01:07:30.368		1.29550			4
2025.03.14	01:07:31.294		1.29549			4
2025.03.14	01:07:31.599	1.29544	1.29548			6
2025.03.14	01:07:32.213	1.29543				2
2025.03.14	01:07:32.522	1.29542	1.29547			6
2025.03.14	01:07:33.144	1.29544	1.29549			6
2025.03.14	01:07:37.765	1.29545	1.29550			6
2025.03.14	01:07:40.242	1.29546				2
2025.03.14	01:07:40.548	1.29545	1.29549			6
2025.03.14	01:07:41.171	1.29544	1.29548			6
2025.03.14	01:07:43.632	1.29545	1.29549			6
2025.03.14	01:07:44.556	1.29544	1.29548			6
2025.03.14	01:07:48.566	1.29545	1.29549			6
2025.03.14	01:07:56.234	1.29547	1.29551			6
2025.03.14	01:07:56.542	1.29548	1.29552			6
2025.03.14	01:07:57.152	1.29547				2
2025.03.14	01:07:57.460	1.29544	1.29549			6
2025.03.14	01:07:58.384	1.29545	1.29550			6
2025.03.14	01:07:58.995	1.29544	1.29549			6
2025.03.14	01:08:00.223	1.29544				2
2025.03.14	01:08:06.049	1.29545	1.29550			6
2025.03.14	01:08:06.975	1.29544	1.29549			6
2025.03.14	01:08:09.134	1.29545	1.29550			6
2025.03.14	01:08:10.368	1.29544	1.29549			6
2025.03.14	01:08:12.830	1.29545	1.29550			6
2025.03.14	01:08:18.071	1.29543	1.29548			6
2025.03.14	01:08:18.374	1.29544				2
2025.03.14	01:08:19.300	1.29543				2
2025.03.14	01:08:19.606	1.29544	1.29549			6
2025.03.14	01:08:19.922	1.29543	1.29548			6
2025.03.14	01:08:21.761	1.29544	1.29549			6
2025.03.14	01:08:22.079	1.29545	1.29550			6
2025.03.14	01:08:22.386	1.29546				2
2025.03.14	01:08:23.313	1.29544	1.29549			6
2025.03.14	01:08:26.400	1.29545				2
2025.03.14	01:08:29.484	1.29544	1.29548			6
2025.03.14	01:08:30.712	1.29545	1.29549			6
2025.03.14	01:08:31.026	1.29546	1.29550			6
2025.03.14	01:08:31.941	1.29544	1.29548			6
2025.03.14	01:08:34.391	1.29545	1.29549			6
2025.03.14	01:08:37.464	1.29544	1.29548			6
2025.03.14	01:08:39.007	1.29542	1.29546			6
2025.03.14	01:08:39.312	1.29541	1.29545			6
2025.03.14	01:08:40.232		1.29546			4
2025.03.14	01:08:46.377	1.29542				2
2025.03.14	01:08:59.306	1.29540	1.29544			6
2025.03.14	01:09:00.231	1.29540				2
2025.03.14	01:09:02.086	1.29542	1.29546			6
2025.03.14	01:09:04.546	1.29540	1.29544			6
2025.03.14	01:09:20.889	1.29541	1.29545			6
2025.03.14	01:09:24.587	1.29539	1.29543			6
2025.03.14	01:09:25.507	1.29542	1.29546			6
2025.03.14	01:09:26.435	1.29541	1.29545			6
2025.03.14	01:09:28.587	1.29540	1.29544			6
2025.03.14	01:09:31.060	1.29542	1.29546			6
2025.03.14	01:09:32.912	1.29541	1.29545			6
2025.03.14	01:09:33.829	1.29542	1.29546			6
2025.03.14	01:09:46.450	1.29541	1.29545			6
2025.03.14	01:09:46.760	1.29540	1.29544			6
2025.03.14	01:09:50.754	1.29542	1.29546			6
2025.03.14	01:09:51.676	1.29541	1.29545			6
2025.03.14	01:09:52.290	1.29542	1.29546			6
2025.03.14	01:09:55.365	1.29540	1.29544			6
2025.03.14	01:10:00.300	1.29540				2
2025.03.14	01:10:00.607	1.29541	1.29545			6
2025.03.14	01:10:00.919	1.29542	1.29546			6
2025.03.14	01:10:25.894	1.29540	1.29544			6
2025.03.14	01:10:38.230	1.29542	1.29546			6
2025.03.14	01:10:41.005	1.29541	1.29545			6
2025.03.14	01:10:42.858	1.29542	1.29546			6
2025.03.14	01:10:45.941	1.29540	1.29544			6
2025.03.14	01:10:55.444	1.29539	1.29543			6
2025.03.14	01:10:56.672	1.29540	1.29544			6
2025.03.14	01:11:00.062	1.29540				2
2025.03.14	01:11:00.673	1.29539	1.29543			6
2025.03.14	01:11:00.982	1.29538	1.29542			6
2025.03.14	01:11:01.293	1.29540	1.29544			6
2025.03.14	01:11:01.913	1.29541	1.29545			6
2025.03.14	01:11:02.219	1.29540	1.29544			6
2025.03.14	01:11:02.524	1.29539	1.29543			6
2025.03.14	01:11:03.447	1.29540	1.29544			6
2025.03.14	01:11:06.224	1.29539	1.29543			6
2025.03.14	01:11:12.059	1.29540	1.29544			6
2025.03.14	01:11:14.826	1.29541	1.29545			6
2025.03.14	01:11:15.136	1.29540	1.29544			6
2025.03.14	01:11:17.899	1.29539	1.29543			6
2025.03.14	01:11:18.205	1.29541	1.29545			6
2025.03.14	01:11:18.512	1.29540	1.29544			6
2025.03.14	01:11:20.340	1.29541	1.29545			6
2025.03.14	01:11:23.102	1.29539	1.29543			6
2025.03.14	01:11:30.196	1.29540	1.29544			6
2025.03.14	01:11:32.661	1.29539	1.29543			6
2025.03.14	01:11:35.125	1.29540	1.29544			6
2025.03.14	01:11:37.585	1.29539	1.29543			6
2025.03.14	01:11:38.510	1.29540	1.29544			6
2025.03.14	01:11:40.666	1.29541	1.29545			6
2025.03.14	01:11:40.975	1.29539	1.29543			6
2025.03.14	01:11:52.061	1.29540	1.29544			6
2025.03.14	01:11:58.796	1.29539	1.29543			6
2025.03.14	01:11:59.107	1.29538	1.29542			6
2025.03.14	01:11:59.717	1.29539	1.29543			6
2025.03.14	01:12:00.025	1.29539				2
2025.03.14	01:12:14.136	1.29540	1.29544			6
2025.03.14	01:12:15.363	1.29541	1.29545			6
2025.03.14	01:12:15.673	1.29540	1.29544			6
2025.03.14	01:12:27.317	1.29542	1.29546			6
2025.03.14	01:12:30.069	1.29540	1.29544			6
2025.03.14	01:12:30.378	1.29539	1.29543			6
2025.03.14	01:12:32.210	1.29540	1.29544			6
2025.03.14	01:12:37.727	1.29541	1.29545			6
2025.03.14	01:12:38.648	1.29540	1.29544			6
2025.03.14	01:12:42.952	1.29541	1.29545			6
2025.03.14	01:12:58.367	1.29540	1.29544			6
2025.03.14	01:13:00.211	1.29540				2
2025.03.14	01:13:12.261	1.29541	1.29545			6
2025.03.14	01:13:30.143	1.29540	1.29544			6
2025.03.14	01:13:39.711	1.29541	1.29545			6
2025.03.14	01:13:40.019	1.29540	1.29544			6
2025.03.14	01:13:54.202	1.29541	1.29545			6
2025.03.14	01:13:56.670	1.29540	1.29544			6
2025.03.14	01:13:57.282	1.29541	1.29545			6
2025.03.14	01:14:00.055	1.29541				2
2025.03.14	01:14:18.224	1.29540	1.29544			6
2025.03.14	01:14:22.237	1.29539	1.29543			6
2025.03.14	01:14:23.153	1.29540	1.29544			6
2025.03.14	01:14:30.261	1.29539	1.29543			6
2025.03.14	01:14:31.190	1.29540	1.29544			6
2025.03.14	01:14:50.944	1.29541	1.29545			6
2025.03.14	01:14:52.490	1.29540	1.29544			6
2025.03.14	01:15:00.169	1.29540				2
2025.03.14	01:15:00.789	1.29541	1.29545			6
2025.03.14	01:15:12.498	1.29540	1.29544			6
2025.03.14	01:15:12.814	1.29541	1.29545			6
2025.03.14	01:15:14.652	1.29545	1.29549			6
2025.03.14	01:15:15.897	1.29544	1.29548			6
2025.03.14	01:15:16.202	1.29545	1.29550			6
2025.03.14	01:15:22.678	1.29544	1.29549			6
2025.03.14	01:15:23.298	1.29545	1.29550			6
2025.03.14	01:15:27.915		1.29549			4
2025.03.14	01:15:30.386	1.29544				2
2025.03.14	01:15:38.402	1.29545				2
2025.03.14	01:15:40.548	1.29544	1.29548			6
2025.03.14	01:15:41.162	1.29555	1.29559			6
2025.03.14	01:15:41.466	1.29554	1.29558			6
2025.03.14	01:15:42.092	1.29553	1.29557			6
2025.03.14	01:15:42.398	1.29551				2
2025.03.14	01:15:50.415	1.29552	1.29558			6
2025.03.14	01:15:50.724	1.29551	1.29557			6
2025.03.14	01:15:53.192	1.29552	1.29558			6
2025.03.14	01:15:54.424	1.29551	1.29557			6
2025.03.14	01:15:54.732	1.29550	1.29556			6
2025.03.14	01:15:55.345	1.29551	1.29557			6
2025.03.14	01:15:56.877	1.29550	1.29556			6
2025.03.14	01:15:57.492		1.29553			4
2025.03.14	01:15:58.416		1.29552			4
2025.03.14	01:16:00.261	1.29550				2
2025.03.14	01:16:12.291		1.29553			4
2025.03.14	01:16:24.021		1.29551			4
2025.03.14	01:16:28.344		1.29552			4
2025.03.14	01:16:37.264	1.29549				2
2025.03.14	01:16:42.196		1.29553			4
2025.03.14	01:16:45.283		1.29554			4
2025.03.14	01:17:00.099	1.29549				2
2025.03.14	01:17:01.337		1.29553			4
2025.03.14	01:17:13.381		1.29554			4
2025.03.14	01:17:35.032		1.29553			4
2025.03.14	01:18:00.086	1.29549				2
2025.03.14	01:18:05.339	1.29537	1.29542			6
2025.03.14	01:18:05.640	1.29538	1.29543			6
2025.03.14	01:18:06.261	1.29537				2
2025.03.14	01:18:13.368	1.29536	1.29542			6
2025.03.14	01:18:13.677	1.29537	1.29543			6
2025.03.14	01:18:14.302	1.29536	1.29542			6
2025.03.14	01:18:15.531	1.29538				2
2025.03.14	01:18:15.843	1.29539	1.29543			6
2025.03.14	01:18:16.148		1.29544			4
2025.03.14	01:18:17.065		1.29543			4
2025.03.14	01:18:21.691		1.29541			4
2025.03.14	01:18:27.227		1.29542			4
2025.03.14	01:18:30.902		1.29541			4
2025.03.14	01:18:44.115		1.29542			4
2025.03.14	01:18:49.653		1.29541			4
2025.03.14	01:18:50.268		1.29542			4
2025.03.14	01:18:51.498		1.29541			4
2025.03.14	01:18:58.257		1.29540			4
2025.03.14	01:19:00.098	1.29539				2
2025.03.14	01:19:08.390	1.29535				2
2025.03.14	01:19:14.228	1.29536	1.29541			6
2025.03.14	01:19:15.142	1.29535	1.29540			6
2025.03.14	01:19:16.064	1.29536	1.29541			6
2025.03.14	01:19:16.679	1.29535	1.29540			6
2025.03.14	01:19:17.287	1.29534	1.29539			6
2025.03.14	01:19:23.123	1.29525	1.29530			6
2025.03.14	01:19:24.052	1.29526	1.29531			6
2025.03.14	01:19:24.352	1.29525				2
2025.03.14	01:19:32.342	1.29526	1.29532			6
2025.03.14	01:19:33.565	1.29525	1.29531			6
2025.03.14	01:19:34.179	1.29526	1.29532			6
2025.03.14	01:19:35.409	1.29524	1.29530			6
2025.03.14	01:19:38.178	1.29525	1.29531			6
2025.03.14	01:19:39.710	1.29524	1.29530			6
2025.03.14	01:19:50.481	1.29525	1.29531			6
2025.03.14	01:19:52.646	1.29524	1.29530			6
2025.03.14	01:19:53.265	1.29525				2
2025.03.14	01:19:53.566	1.29524				2
2025.03.14	01:19:59.097	1.29523	1.29529			6
2025.03.14	01:20:00.020	1.29523				2
2025.03.14	01:20:00.328	1.29522	1.29528			6
2025.03.14	01:20:00.940	1.29521	1.29527			6
2025.03.14	01:20:01.552	1.29522	1.29528			6
2025.03.14	01:20:17.205		1.29527			4
2025.03.14	01:20:30.147	1.29523	1.29528			6
2025.03.14	01:20:41.867	1.29522	1.29527			6
2025.03.14	01:20:42.171	1.29523	1.29528			6
2025.03.14	01:20:43.406	1.29522	1.29527			6
2025.03.14	01:21:00.071	1.29522				2
2025.03.14	01:21:00.989	1.29509	1.29513			6
2025.03.14	01:21:01.295	1.29508	1.29512			6
2025.03.14	01:21:01.614	1.29507				2
2025.03.14	01:21:02.225	1.29508	1.29513			6
2025.03.14	01:21:04.084	1.29507	1.29512			6
2025.03.14	01:21:05.008	1.29506				2
2025.03.14	01:21:05.315		1.29511			4
2025.03.14	01:21:20.429		1.29512			4
2025.03.14	01:21:20.737		1.29511			4
2025.03.14	01:21:21.661	1.29509				2
2025.03.14	01:21:21.970		1.29512			4
2025.03.14	01:21:22.277	1.29513	1.29514			6
2025.03.14	01:21:22.897	1.29509	1.29512			6
2025.03.14	01:21:23.204	1.29513	1.29514			6
2025.03.14	01:21:23.508	1.29509	1.29512			6
2025.03.14	01:21:23.826	1.29513	1.29514			6
2025.03.14	01:21:24.127	1.29509	1.29512			6
2025.03.14	01:21:24.435	1.29513	1.29514			6
2025.03.14	01:21:24.740	1.29509	1.29512			6
2025.03.14	01:21:25.049	1.29513	1.29514			6
2025.03.14	01:21:25.352	1.29509	1.29512			6
2025.03.14	01:21:25.664	1.29513	1.29514			6
2025.03.14	01:21:25.973	1.29509	1.29512			6
2025.03.14	01:21:26.894		1.29511			4
2025.03.14	01:21:29.365		1.29510			4
2025.03.14	01:21:38.310		1.29511			4
2025.03.14	01:21:38.614	1.29510				2
2025.03.14	01:21:52.176	1.29509				2
2025.03.14	01:21:58.033		1.29510			4
2025.03.14	01:22:00.204	1.29509				2
2025.03.14	01:22:03.903	1.29508				2
2025.03.14	01:22:07.300		1.29511			4
2025.03.14	01:22:08.841	1.29506				2
2025.03.14	01:22:20.241		1.29510			4
2025.03.14	01:22:22.086	1.29505				2
2025.03.14	01:22:22.397		1.29509			4
2025.03.14	01:22:25.167		1.29508			4
2025.03.14	01:22:25.469	1.29506	1.29511			6
2025.03.14	01:23:00.003	1.29506				2
2025.03.14	01:23:00.309	1.29513	1.29514			6
2025.03.14	01:23:00.615	1.29512	1.29515			6
2025.03.14	01:23:00.921		1.29516			4
2025.03.14	01:23:01.534		1.29515			4
2025.03.14	01:23:03.069	1.29511	1.29516			6
2025.03.14	01:23:07.673	1.29513				2
2025.03.14	01:23:11.361		1.29517			4
2025.03.14	01:23:15.039	1.29512				2
2025.03.14	01:23:21.197		1.29516			4
2025.03.14	01:23:22.423		1.29517			4
2025.03.14	01:23:23.959	1.29513				2
2025.03.14	01:23:24.577	1.29515	1.29518			6
2025.03.14	01:23:25.198		1.29519			4
2025.03.14	01:23:29.818	1.29516				2
2025.03.14	01:23:31.668	1.29515				2
2025.03.14	01:23:31.987	1.29516				2
2025.03.14	01:23:40.304	1.29515	1.29518			6
2025.03.14	01:23:44.580	1.29512	1.29516			6
2025.03.14	01:23:44.887	1.29513	1.29515			6
2025.03.14	01:23:46.122		1.29516			4
2025.03.14	01:23:55.684	1.29511				2
2025.03.14	01:23:57.230		1.29515			4
2025.03.14	01:24:00.296	1.29511				2
2025.03.14	01:24:01.513	1.29512	1.29516			6
2025.03.14	01:24:01.815	1.29513	1.29517			6
2025.03.14	01:24:02.124	1.29515				2
2025.03.14	01:24:07.667		1.29518			4
2025.03.14	01:24:11.981		1.29519			4
2025.03.14	01:24:15.062		1.29518			4
2025.03.14	01:24:16.901		1.29519			4
2025.03.14	01:24:18.139		1.29518			4
2025.03.14	01:24:19.990	1.29519	1.29523			6
2025.03.14	01:24:22.151		1.29524			4
2025.03.14	01:24:23.077		1.29523			4
2025.03.14	01:24:24.927		1.29524			4
2025.03.14	01:24:27.383		1.29523			4
2025.03.14	01:24:27.695		1.29524			4
2025.03.14	01:24:28.312	1.29520				2
2025.03.14	01:24:29.238	1.29519	1.29523			6
2025.03.14	01:24:31.999	1.29520	1.29524			6
2025.03.14	01:24:32.919	1.29519	1.29523			6
2025.03.14	01:24:33.225	1.29520	1.29524			6
2025.03.14	01:24:39.675	1.29519	1.29523			6
2025.03.14	01:24:41.209	1.29518	1.29522			6
2025.03.14	01:24:52.549	1.29517	1.29521			6
2025.03.14	01:25:00.205	1.29517				2
2025.03.14	01:25:01.125	1.29519	1.29522			6
2025.03.14	01:25:02.655		1.29523			4
2025.03.14	01:25:03.270	1.29520	1.29524			6
2025.03.14	01:25:07.867	1.29521	1.29525			6
2025.03.14	01:25:08.174	1.29520	1.29524			6
2025.03.14	01:25:09.704	1.29519	1.29523			6
2025.03.14	01:25:13.400	1.29520	1.29524			6
2025.03.14	01:25:19.263	1.29519	1.29523			6
2025.03.14	01:25:21.737	1.29518	1.29522			6
2025.03.14	01:25:28.521	1.29519	1.29523			6
2025.03.14	01:25:44.862	1.29518	1.29522			6
2025.03.14	01:25:50.718		1.29521			4
2025.03.14	01:25:55.344		1.29522			4
2025.03.14	01:25:56.587		1.29521			4
2025.03.14	01:25:58.741		1.29520			4
2025.03.14	01:26:00.292	1.29518				2
2025.03.14	01:26:11.892		1.29521			4
2025.03.14	01:26:16.147		1.29520			4
2025.03.14	01:26:29.942	1.29513	1.29515			6
2025.03.14	01:26:30.247		1.29516			4
2025.03.14	01:26:30.548	1.29509	1.29513			6
2025.03.14	01:26:31.162	1.29508	1.29512			6
2025.03.14	01:26:53.695	1.29509	1.29513			6
2025.03.14	01:27:00.197	1.29509				2
2025.03.14	01:27:05.409	1.29508	1.29512			6
2025.03.14	01:27:44.233		1.29511			4
2025.03.14	01:27:45.756	1.29511	1.29513			6
2025.03.14	01:27:46.972	1.29513	1.29514			6
2025.03.14	01:27:47.281		1.29515			4
2025.03.14	01:27:47.896	1.29512				2
2025.03.14	01:27:48.209		1.29516			4
2025.03.14	01:27:48.510	1.29513				2
2025.03.14	01:27:48.817	1.29514				2
2025.03.14	01:27:55.924	1.29516	1.29520			6
2025.03.14	01:28:00.245	1.29516				2
2025.03.14	01:28:03.943	1.29514	1.29517			6
2025.03.14	01:28:04.559		1.29515			4
2025.03.14	01:28:04.866		1.29516			4
2025.03.14	01:28:07.042		1.29515			4
2025.03.14	01:28:21.807	1.29515	1.29516			6
2025.03.14	01:28:28.580	1.29514	1.29517			6
2025.03.14	01:28:28.887	1.29516				2
2025.03.14	01:28:29.190	1.29515	1.29516			6
2025.03.14	01:28:30.116		1.29517			4
2025.03.14	01:28:31.344		1.29516			4
2025.03.14	01:28:34.412	1.29516	1.29519			6
2025.03.14	01:28:45.768		1.29520			4
2025.03.14	01:28:52.246	1.29521	1.29525			6
2025.03.14	01:28:53.167	1.29520	1.29526			6
2025.03.14	01:29:00.257	1.29520				2
2025.03.14	01:29:04.593		1.29525			4
2025.03.14	01:29:08.283		1.29524			4
2025.03.14	01:29:09.826	1.29519				2
2025.03.14	01:29:10.133	1.29520	1.29525			6
2025.03.14	01:29:10.749		1.29524			4
2025.03.14	01:29:12.296	1.29519				2
2025.03.14	01:29:13.529	1.29518	1.29522			6
2025.03.14	01:29:13.831	1.29519	1.29523			6
2025.03.14	01:29:14.132	1.29517	1.29522			6
2025.03.14	01:29:16.285	1.29519	1.29523			6
2025.03.14	01:29:39.085		1.29524			4
2025.03.14	01:29:43.117		1.29523			4
2025.03.14	01:29:43.420	1.29520	1.29524			6
2025.03.14	01:29:44.047	1.29519	1.29523			6
2025.03.14	01:29:46.212	1.29520	1.29524			6
2025.03.14	01:29:53.912	1.29521	1.29525			6
2025.03.14	01:30:00.051	1.29521				2
2025.03.14	01:30:02.202	1.29522	1.29526			6
2025.03.14	01:30:06.500	1.29521	1.29525			6
2025.03.14	01:30:10.785	1.29523	1.29526			6
2025.03.14	01:30:11.090	1.29526	1.29527			6
2025.03.14	01:30:11.713	1.29520	1.29524			6
2025.03.14	01:30:12.327	1.29519	1.29523			6
2025.03.14	01:30:13.556		1.29522			4
2025.03.14	01:30:13.862		1.29523			4
2025.03.14	01:30:22.140	1.29518	1.29522			6
2025.03.14	01:30:22.451	1.29520	1.29523			6
2025.03.14	01:30:22.758	1.29519				2
2025.03.14	01:30:25.839	1.29520				2
2025.03.14	01:30:30.443		1.29524			4
2025.03.14	01:30:34.743	1.29521	1.29525			6
2025.03.14	01:30:35.964	1.29520	1.29524			6
2025.03.14	01:30:42.111	1.29525	1.29526			6
2025.03.14	01:30:43.027	1.29526	1.29527			6
2025.03.14	01:30:43.340	1.29525	1.29526			6
2025.03.14	01:30:44.256	1.29524	1.29527			6
2025.03.14	01:30:44.569		1.29526			4
2025.03.14	01:30:47.950		1.29528			4
2025.03.14	01:30:49.181	1.29526				2
2025.03.14	01:30:51.937	1.29524				2
2025.03.14	01:30:52.239	1.29525	1.29529			6
2025.03.14	01:30:59.312	1.29524	1.29528			6
2025.03.14	01:31:00.230	1.29524				2
2025.03.14	01:31:03.613	1.29526				2
2025.03.14	01:31:04.843		1.29529			4
2025.03.14	01:31:05.769	1.29525				2
2025.03.14	01:31:06.074	1.29526				2
2025.03.14	01:31:07.298	1.29527	1.29531			6
2025.03.14	01:31:08.212	1.29526	1.29530			6
2025.03.14	01:31:19.284		1.29529			4
2025.03.14	01:31:25.129		1.29530			4
2025.03.14	01:31:31.604	1.29525	1.29529			6
2025.03.14	01:31:35.584	1.29524	1.29528			6
2025.03.14	01:31:37.121	1.29526	1.29530			6
2025.03.14	01:31:37.433	1.29524	1.29528			6
2025.03.14	01:31:38.962	1.29522	1.29525			6
2025.03.14	01:31:43.275	1.29521				2
2025.03.14	01:31:44.828	1.29525	1.29528			6
2025.03.14	01:31:45.135		1.29529			4
2025.03.14	01:31:48.544	1.29524				2
2025.03.14	01:31:57.210	1.29525				2
2025.03.14	01:32:00.294	1.29525				2
2025.03.14	01:32:06.436	1.29527	1.29531			6
2025.03.14	01:32:27.997	1.29526	1.29530			6
2025.03.14	01:32:37.243	1.29525	1.29529			6
2025.03.14	01:32:43.771		1.29528			4
2025.03.14	01:32:47.189	1.29523	1.29527			6
2025.03.14	01:32:47.492	1.29521	1.29525			6
2025.03.14	01:32:49.653		1.29524			4
2025.03.14	01:32:51.502	1.29524	1.29525			6
2025.03.14	01:32:52.741	1.29525	1.29526			6
2025.03.14	01:32:54.277	1.29524	1.29525			6
2025.03.14	01:32:54.891	1.29525	1.29526			6
2025.03.14	01:33:00.123	1.29525				2
2025.03.14	01:33:01.654	1.29524	1.29525			6
2025.03.14	01:33:03.188	1.29521				2
2025.03.14	01:33:04.414	1.29522				2
2025.03.14	01:33:12.118	1.29521				2
2025.03.14	01:33:14.293	1.29512	1.29515			6
2025.03.14	01:33:14.910	1.29513	1.29516			6
2025.03.14	01:33:15.218		1.29517			4
2025.03.14	01:33:16.144	1.29515				2
2025.03.14	01:33:17.068	1.29514				2
2025.03.14	01:33:31.588	1.29512	1.29516			6
2025.03.14	01:33:34.367	1.29505	1.29508			6
2025.03.14	01:33:34.675		1.29507			4
2025.03.14	01:33:39.315	1.29503				2
2025.03.14	01:33:51.340		1.29508			4
2025.03.14	01:33:52.268		1.29507			4
2025.03.14	01:33:55.342	1.29504				2
2025.03.14	01:33:56.266		1.29508			4
2025.03.14	01:34:00.271	1.29505				2
2025.03.14	01:34:02.437	1.29504				2
2025.03.14	01:34:10.758	1.29503				2
2025.03.14	01:34:15.077		1.29509			4
2025.03.14	01:34:15.692		1.29508			4
2025.03.14	01:34:32.664	1.29502	1.29507			6
2025.03.14	01:34:34.202	1.29503	1.29508			6
2025.03.14	01:34:35.132		1.29509			4
2025.03.14	01:34:35.752	1.29502	1.29508			6
2025.03.14	01:34:36.062		1.29509			4
2025.03.14	01:34:36.367		1.29508			4
2025.03.14	01:34:46.228		1.29507			4
2025.03.14	01:34:47.151	1.29503	1.29506			6
2025.03.14	01:34:47.768	1.29502				2
2025.03.14	01:34:49.311		1.29507			4
2025.03.14	01:34:49.926		1.29506			4
2025.03.14	01:34:50.857	1.29501				2
2025.03.14	01:34:52.398	1.29503				2
2025.03.14	01:34:53.008	1.29495	1.29497			6
2025.03.14	01:34:53.317	1.29494				2
2025.03.14	01:34:54.239	1.29488	1.29490			6
2025.03.14	01:34:54.544	1.29484	1.29491			6
2025.03.14	01:34:54.848	1.29485	1.29492			6
2025.03.14	01:34:55.164	1.29486	1.29493			6
2025.03.14	01:34:55.781		1.29492			4
2025.03.14	01:34:56.091		1.29493			4
2025.03.14	01:34:57.314		1.29492			4
2025.03.14	01:35:00.086	1.29486				2
2025.03.14	01:35:00.391	1.29488	1.29494			6
2025.03.14	01:35:00.699		1.29495			4
2025.03.14	01:35:04.403		1.29494			4
2025.03.14	01:35:06.866		1.29495			4
2025.03.14	01:35:07.176	1.29494				2
2025.03.14	01:35:12.412		1.29496			4
2025.03.14	01:35:14.265		1.29495			4
2025.03.14	01:35:15.181	1.29492	1.29494			6
2025.03.14	01:35:15.486		1.29496			4
2025.03.14	01:35:43.267	1.29491	1.29495			6
2025.03.14	01:35:43.879	1.29493	1.29496			6
2025.03.14	01:36:00.222	1.29493				2
2025.03.14	01:36:01.757	1.29489	1.29495			6
2025.03.14	01:36:02.061		1.29493			4
2025.03.14	01:36:13.150		1.29492			4
2025.03.14	01:36:32.243	1.29488				2
2025.03.14	01:36:35.022	1.29489				2
2025.03.14	01:36:40.560	1.29490	1.29493			6
2025.03.14	01:36:41.172		1.29494			4
2025.03.14	01:36:44.857	1.29489				2
2025.03.14	01:36:46.388	1.29488	1.29493			6
2025.03.14	01:36:46.691		1.29492			4
2025.03.14	01:36:54.661		1.29491			4
2025.03.14	01:36:59.287		1.29492			4
2025.03.14	01:36:59.903		1.29491			4
2025.03.14	01:37:00.213	1.29488	1.29492			6
2025.03.14	01:37:07.312		1.29491			4
2025.03.14	01:37:10.692		1.29492			4
2025.03.14	01:37:11.621		1.29491			4
2025.03.14	01:37:32.122		1.29492			4
2025.03.14	01:37:38.253		1.29491			4
2025.03.14	01:37:46.544	1.29494	1.29495			6
2025.03.14	01:37:46.848	1.29495	1.29496			6
2025.03.14	01:37:55.788	1.29494				2
2025.03.14	01:38:00.101	1.29494				2
2025.03.14	01:38:02.256		1.29497			4
2025.03.14	01:38:04.105		1.29496			4
2025.03.14	01:38:06.542	1.29497	1.29500			6
2025.03.14	01:38:09.010	1.29498	1.29501			6
2025.03.14	01:38:09.318	1.29497				2
2025.03.14	01:38:14.846	1.29498	1.29502			6
2025.03.14	01:38:15.154	1.29497	1.29501			6
2025.03.14	01:38:23.205	1.29498				2
2025.03.14	01:38:38.481	1.29497	1.29500			6
2025.03.14	01:38:38.788	1.29498	1.29501			6
2025.03.14	01:38:43.154	1.29499	1.29502			6
2025.03.14	01:38:47.740	1.29500	1.29503			6
2025.03.14	01:38:48.043	1.29499	1.29501			6
2025.03.14	01:38:49.556		1.29502			4
2025.03.14	01:39:00.254	1.29499				2
2025.03.14	01:39:00.557	1.29501				2
2025.03.14	01:39:03.626	1.29500				2
2025.03.14	01:39:08.242	1.29499				2
2025.03.14	01:39:08.548		1.29501			4
2025.03.14	01:39:20.582		1.29502			4
2025.03.14	01:39:20.892		1.29501			4
2025.03.14	01:39:27.071	1.29501	1.29502			6
2025.03.14	01:39:27.380	1.29496	1.29497			6
2025.03.14	01:39:27.689	1.29495				2
2025.03.14	01:39:36.023	1.29494				2
2025.03.14	01:39:36.957	1.29495				2
2025.03.14	01:39:44.969	1.29490	1.29493			6
2025.03.14	01:39:45.281	1.29491	1.29494			6
2025.03.14	01:39:46.834	1.29492				2
2025.03.14	01:39:47.448	1.29491				2
2025.03.14	01:39:49.301	1.29492	1.29495			6
2025.03.14	01:39:49.612	1.29491	1.29494			6
2025.03.14	01:39:50.531		1.29492			4
2025.03.14	01:39:55.460	1.29501	1.29502			6
2025.03.14	01:39:57.315		1.29504			4
2025.03.14	01:39:59.175	1.29500				2
2025.03.14	01:40:00.107	1.29500				2
2025.03.14	01:40:02.562		1.29503			4
2025.03.14	01:40:02.875		1.29504			4
2025.03.14	01:40:03.183	1.29499				2
2025.03.14	01:40:06.583		1.29503			4
2025.03.14	01:40:07.509		1.29504			4
2025.03.14	01:40:08.426		1.29503			4
2025.03.14	01:40:09.046		1.29504			4
2025.03.14	01:40:17.079	1.29500	1.29503			6
2025.03.14	01:40:22.008	1.29501	1.29504			6
2025.03.14	01:40:22.934	1.29503	1.29505			6
2025.03.14	01:40:23.242		1.29506			4
2025.03.14	01:40:25.402		1.29505			4
2025.03.14	01:40:25.707	1.29502				2
2025.03.14	01:40:26.325		1.29504			4
2025.03.14	01:40:27.256		1.29505			4
2025.03.14	01:40:28.188		1.29507			4
2025.03.14	01:40:28.809		1.29506			4
2025.03.14	01:40:31.890		1.29505			4
2025.03.14	01:40:33.426		1.29506			4
2025.03.14	01:40:33.735	1.29501	1.29507			6
2025.03.14	01:40:37.439	1.29502	1.29508			6
2025.03.14	01:40:38.365	1.29501	1.29507			6
2025.03.14	01:40:40.828	1.29502	1.29508			6
2025.03.14	01:40:41.141		1.29507			4
2025.03.14	01:40:41.447	1.29501	1.29506			6
2025.03.14	01:40:42.061	1.29500	1.29505			6
2025.03.14	01:40:42.987		1.29506			4
2025.03.14	01:40:43.607		1.29505			4
2025.03.14	01:40:46.380	1.29501				2
2025.03.14	01:40:47.304		1.29504			4
2025.03.14	01:40:48.550	1.29500	1.29506			6
2025.03.14	01:40:49.788	1.29501	1.29507			6
2025.03.14	01:40:51.019	1.29500	1.29505			6
2025.03.14	01:40:52.256		1.29506			4
2025.03.14	01:40:54.115		1.29505			4
2025.03.14	01:40:55.348		1.29506			4
2025.03.14	01:40:56.273		1.29505			4
2025.03.14	01:40:56.892	1.29502	1.29504			6
2025.03.14	01:40:58.123	1.29500				2
2025.03.14	01:40:59.663	1.29501	1.29506			6
2025.03.14	01:40:59.969	1.29500	1.29505			6
2025.03.14	01:41:00.277	1.29500				2
2025.03.14	01:41:00.892		1.29504			4
2025.03.14	01:41:01.206	1.29501				2
2025.03.14	01:41:01.514		1.29505			4
2025.03.14	01:41:02.742		1.29504			4
2025.03.14	01:41:03.045		1.29505			4
2025.03.14	01:41:03.673		1.29504			4
2025.03.14	01:41:04.923	1.29503	1.29505			6
2025.03.14	01:41:05.225	1.29501				2
2025.03.14	01:41:07.085		1.29504			4
2025.03.14	01:41:11.411	1.29500				2
2025.03.14	01:41:11.715		1.29502			4
2025.03.14	01:41:12.341	1.29497	1.29499			6
2025.03.14	01:41:12.649		1.29501			4
2025.03.14	01:41:13.268		1.29502			4
2025.03.14	01:41:13.579	1.29494	1.29499			6
2025.03.14	01:41:33.260		1.29498			4
2025.03.14	01:41:34.789	1.29495	1.29499			6
2025.03.14	01:41:35.697	1.29494	1.29498			6
2025.03.14	01:41:49.812	1.29495	1.29497			6
2025.03.14	01:41:50.425		1.29498			4
2025.03.14	01:41:54.136		1.29499			4
2025.03.14	01:41:55.368		1.29498			4
2025.03.14	01:41:56.290		1.29499			4
2025.03.14	01:41:59.379		1.29498			4
2025.03.14	01:42:00.303	1.29511	1.29512			6
2025.03.14	01:42:00.607	1.29512	1.29516			6
2025.03.14	01:42:01.232	1.29511	1.29517			6
2025.03.14	01:42:01.539		1.29518			4
2025.03.14	01:42:03.082	1.29513				2
2025.03.14	01:42:05.243	1.29514	1.29519			6
2025.03.14	01:42:06.168	1.29515				2
2025.03.14	01:42:07.395	1.29516				2
2025.03.14	01:42:07.704	1.29520	1.29521			6
2025.03.14	01:42:40.402	1.29528	1.29529			6
2025.03.14	01:42:40.712	1.29530	1.29532			6
2025.03.14	01:42:41.628	1.29529				2
2025.03.14	01:42:42.245	1.29539	1.29540			6
2025.03.14	01:42:42.550	1.29538				2
2025.03.14	01:42:43.167	1.29539	1.29541			6
2025.03.14	01:42:44.713		1.29540			4
2025.03.14	01:42:45.633	1.29537	1.29538			6
2025.03.14	01:42:49.324	1.29536	1.29537			6
2025.03.14	01:42:49.636	1.29537	1.29538			6
2025.03.14	01:42:58.272	1.29538	1.29539			6
2025.03.14	01:43:00.131	1.29538				2
2025.03.14	01:43:01.964	1.29531	1.29538			6
2025.03.14	01:43:02.583	1.29532				2
2025.03.14	01:43:04.724		1.29537			4
2025.03.14	01:43:06.274	1.29525	1.29531			6
2025.03.14	01:43:06.583	1.29527				2
2025.03.14	01:43:11.532	1.29525				2
2025.03.14	01:43:12.452	1.29526	1.29532			6
2025.03.14	01:43:16.152	1.29532	1.29539			6
2025.03.14	01:43:18.018	1.29534				2
2025.03.14	01:43:20.799		1.29540			4
2025.03.14	01:43:21.726	1.29531	1.29538			6
2025.03.14	01:43:22.346	1.29530	1.29537			6
2025.03.14	01:43:22.957	1.29531	1.29538			6
2025.03.14	01:43:37.411	1.29530	1.29537			6
2025.03.14	01:43:37.719	1.29531	1.29538			6
2025.03.14	01:43:48.835	1.29530	1.29537			6
2025.03.14	01:43:49.756		1.29536			4
2025.03.14	01:43:50.066		1.29537			4
2025.03.14	01:43:54.071	1.29531	1.29538			6
2025.03.14	01:43:58.063	1.29532	1.29539			6
2025.03.14	01:43:58.987		1.29538			4
2025.03.14	01:44:00.214	1.29532				2
2025.03.14	01:44:01.134		1.29539			4
2025.03.14	01:44:03.276		1.29538			4
2025.03.14	01:44:05.423	1.29533				2
2025.03.14	01:44:06.342	1.29532				2
2025.03.14	01:44:08.192	1.29533				2
2025.03.14	01:44:09.410	1.29532				2
2025.03.14	01:44:13.397	1.29533	1.29539			6
2025.03.14	01:44:14.621	1.29532	1.29538			6
2025.03.14	01:44:15.230	1.29533	1.29539			6
2025.03.14	01:44:26.333	1.29532	1.29538			6
2025.03.14	01:44:26.639	1.29533	1.29539			6
2025.03.14	01:44:30.344	1.29532	1.29538			6
2025.03.14	01:44:30.651	1.29533	1.29539			6
2025.03.14	01:44:32.200		1.29538			4
2025.03.14	01:44:42.015		1.29537			4
2025.03.14	01:44:42.316	1.29526	1.29529			6
2025.03.14	01:44:48.796		1.29530			4
2025.03.14	01:44:49.110		1.29531			4
2025.03.14	01:44:50.029		1.29530			4
2025.03.14	01:44:52.494	1.29522	1.29528			6
2025.03.14	01:44:52.804	1.29518	1.29522			6
2025.03.14	01:44:53.110	1.29515	1.29521			6
2025.03.14	01:45:00.211	1.29515				2
2025.03.14	01:45:00.524	1.29513	1.29520			6
2025.03.14	01:45:01.143	1.29511	1.29518			6
2025.03.14	01:45:01.453	1.29510	1.29517			6
2025.03.14	01:45:02.064	1.29511				2
2025.03.14	01:45:02.369	1.29510	1.29516			6
2025.03.14	01:45:02.988		1.29517			4
2025.03.14	01:45:04.514		1.29516			4
2025.03.14	01:45:04.824		1.29517			4
2025.03.14	01:45:05.132	1.29511				2
2025.03.14	01:45:05.440	1.29510	1.29516			6
2025.03.14	01:45:10.685		1.29517			4
2025.03.14	01:45:11.298		1.29516			4
2025.03.14	01:45:13.750		1.29517			4
2025.03.14	01:45:18.963	1.29500	1.29507			6
2025.03.14	01:45:19.265	1.29501				2
2025.03.14	01:45:19.887	1.29500	1.29506			6
2025.03.14	01:45:20.191		1.29507			4
2025.03.14	01:45:21.117	1.29501	1.29508			6
2025.03.14	01:45:21.424	1.29499	1.29506			6
2025.03.14	01:45:21.736	1.29500	1.29507			6
2025.03.14	01:45:22.657	1.29499	1.29506			6
2025.03.14	01:45:22.964	1.29500	1.29507			6
2025.03.14	01:45:23.269	1.29499	1.29506			6
2025.03.14	01:45:23.578	1.29500	1.29507			6
2025.03.14	01:45:23.881	1.29501	1.29508			6
2025.03.14	01:45:27.874	1.29500	1.29507			6
2025.03.14	01:45:28.179	1.29501	1.29508			6
2025.03.14	01:45:30.018	1.29500	1.29507			6
2025.03.14	01:45:30.944	1.29506	1.29510			6
2025.03.14	01:45:31.246	1.29505				2
2025.03.14	01:45:34.010		1.29512			4
2025.03.14	01:45:34.316	1.29506				2
2025.03.14	01:45:34.930	1.29505				2
2025.03.14	01:45:37.712	1.29506	1.29513			6
2025.03.14	01:45:38.021		1.29512			4
2025.03.14	01:45:38.329		1.29513			4
2025.03.14	01:45:42.949	1.29508	1.29515			6
2025.03.14	01:45:43.257	1.29509	1.29516			6
2025.03.14	01:45:44.492		1.29515			4
2025.03.14	01:45:46.948		1.29516			4
2025.03.14	01:45:48.182	1.29510				2
2025.03.14	01:45:53.413	1.29509	1.29515			6
2025.03.14	01:45:54.032	1.29510	1.29516			6
2025.03.14	01:45:56.192	1.29509	1.29514			6
2025.03.14	01:45:56.814	1.29510				2
2025.03.14	01:45:57.120	1.29511				2
2025.03.14	01:45:57.427	1.29510				2
2025.03.14	01:45:57.735	1.29509				2
2025.03.14	01:46:00.193	1.29509	1.29515			6
2025.03.14	01:46:00.495	1.29508	1.29513			6
2025.03.14	01:46:20.495	1.29505	1.29509			6
2025.03.14	01:46:21.104		1.29510			4
2025.03.14	01:46:21.716	1.29504				2
2025.03.14	01:46:22.028	1.29502	1.29508			6
2025.03.14	01:46:22.650	1.29501	1.29507			6
2025.03.14	01:46:24.184	1.29502				2
2025.03.14	01:46:26.028	1.29503	1.29508			6
2025.03.14	01:46:26.639	1.29502	1.29507			6
2025.03.14	01:46:26.944	1.29503	1.29508			6
2025.03.14	01:46:29.712	1.29502	1.29507			6
2025.03.14	01:46:31.576	1.29501	1.29506			6
2025.03.14	01:46:35.895	1.29500	1.29505			6
2025.03.14	01:46:36.201	1.29502	1.29507			6
2025.03.14	01:46:42.344	1.29501	1.29506			6
2025.03.14	01:46:43.570	1.29502	1.29507			6
2025.03.14	01:46:44.184	1.29503	1.29508			6
2025.03.14	01:46:50.333		1.29507			4
2025.03.14	01:47:00.085	1.29503				2
2025.03.14	01:47:00.391	1.29498	1.29502			6
2025.03.14	01:47:01.319	1.29497				2
2025.03.14	01:47:07.160	1.29495	1.29500			6
2025.03.14	01:47:07.469	1.29496	1.29501			6
2025.03.14	01:47:09.305		1.29500			4
2025.03.14	01:47:16.002	1.29495	1.29499			6
2025.03.14	01:47:16.914	1.29496	1.29500			6
2025.03.14	01:47:29.781	1.29497	1.29501			6
2025.03.14	01:47:33.762	1.29496	1.29500			6
2025.03.14	01:47:37.141	1.29497	1.29501			6
2025.03.14	01:47:43.307		1.29500			4
2025.03.14	01:47:46.352	1.29498	1.29501			6
2025.03.14	01:47:47.580	1.29497	1.29500			6
2025.03.14	01:47:50.941	1.29496	1.29499			6
2025.03.14	01:47:51.860	1.29497	1.29500			6
2025.03.14	01:47:52.162	1.29496	1.29499			6
2025.03.14	01:47:53.695	1.29497	1.29500			6
2025.03.14	01:47:57.382	1.29506	1.29509			6
2025.03.14	01:47:57.687	1.29508	1.29511			6
2025.03.14	01:47:58.294	1.29507	1.29512			6
2025.03.14	01:47:58.604	1.29500	1.29506			6
2025.03.14	01:47:59.224	1.29501	1.29508			6
2025.03.14	01:48:00.150	1.29501	1.29506			6
2025.03.14	01:48:00.452	1.29496	1.29503			6
2025.03.14	01:48:02.616	1.29497				2
2025.03.14	01:48:10.638	1.29492	1.29499			6
2025.03.14	01:48:11.258	1.29493	1.29500			6
2025.03.14	01:48:23.270	1.29488	1.29492			6
2025.03.14	01:48:23.575		1.29494			4
2025.03.14	01:48:24.193	1.29487				2
2025.03.14	01:48:33.149	1.29493	1.29496			6
2025.03.14	01:48:33.450		1.29500			4
2025.03.14	01:48:36.847	1.29492	1.29499			6
2025.03.14	01:48:37.160	1.29493	1.29500			6
2025.03.14	01:48:38.088	1.29492	1.29499			6
2025.03.14	01:48:41.470	1.29497	1.29502			6
2025.03.14	01:48:42.393	1.29495				2
2025.03.14	01:48:45.178	1.29497				2
2025.03.14	01:48:51.352		1.29501			4
2025.03.14	01:48:55.056	1.29501	1.29507			6
2025.03.14	01:48:55.368	1.29502	1.29508			6
2025.03.14	01:48:56.291	1.29501				2
2025.03.14	01:48:57.212	1.29502				2
2025.03.14	01:48:58.450		1.29509			4
2025.03.14	01:48:58.757	1.29501	1.29508			6
2025.03.14	01:48:59.372	1.29502				2
2025.03.14	01:49:00.003	1.29502				2
2025.03.14	01:49:00.308	1.29501				2
2025.03.14	01:49:02.776	1.29497	1.29504			6
2025.03.14	01:49:08.323		1.29503			4
2025.03.14	01:49:11.724	1.29498	1.29504			6
2025.03.14	01:49:12.024	1.29500	1.29505			6
2025.03.14	01:49:12.330		1.29506			4
2025.03.14	01:49:12.640	1.29502	1.29508			6
2025.03.14	01:49:12.951	1.29501	1.29507			6
2025.03.14	01:49:13.563	1.29500	1.29506			6
2025.03.14	01:49:13.872	1.29501	1.29507			6
2025.03.14	01:49:14.183	1.29498	1.29503			6
2025.03.14	01:49:14.487	1.29497				2
2025.03.14	01:49:15.414	1.29498				2
2025.03.14	01:49:32.382	1.29501	1.29507			6
2025.03.14	01:49:40.397	1.29502				2
2025.03.14	01:49:56.985	1.29503	1.29508			6
2025.03.14	01:49:58.203		1.29507			4
2025.03.14	01:50:00.028	1.29503				2
2025.03.14	01:50:00.955	1.29500	1.29504			6
2025.03.14	01:50:01.258	1.29499				2
2025.03.14	01:50:03.093	1.29500				2
2025.03.14	01:50:06.138	1.29503	1.29506			6
2025.03.14	01:50:06.445	1.29505	1.29509			6
2025.03.14	01:50:07.376	1.29504				2
2025.03.14	01:50:07.985	1.29502	1.29507			6
2025.03.14	01:50:08.291	1.29501	1.29506			6
2025.03.14	01:50:10.137	1.29502	1.29507			6
2025.03.14	01:50:10.444	1.29501	1.29506			6
2025.03.14	01:50:12.902	1.29502	1.29507			6
2025.03.14	01:50:14.135	1.29503	1.29508			6
2025.03.14	01:50:14.441	1.29502	1.29507			6
2025.03.14	01:50:19.664		1.29506			4
2025.03.14	01:50:21.190	1.29504	1.29508			6
2025.03.14	01:50:22.402	1.29503	1.29507			6
2025.03.14	01:50:24.236		1.29506			4
2025.03.14	01:50:24.538	1.29504	1.29508			6
2025.03.14	01:50:24.841	1.29503	1.29507			6
2025.03.14	01:50:26.987	1.29504	1.29508			6
2025.03.14	01:50:37.397	1.29510	1.29513			6
2025.03.14	01:50:37.705		1.29512			4
2025.03.14	01:50:41.096	1.29511				2
2025.03.14	01:50:51.833	1.29507	1.29510			6
2025.03.14	01:50:56.133		1.29509			4
2025.03.14	01:51:00.122	1.29507				2
2025.03.14	01:51:00.425	1.29505	1.29507			6
2025.03.14	01:51:01.040		1.29506			4
2025.03.14	01:51:01.350	1.29504	1.29507			6
2025.03.14	01:51:01.655	1.29503	1.29506			6
2025.03.14	01:51:02.276		1.29507			4
2025.03.14	01:51:04.118		1.29506			4
2025.03.14	01:51:06.874	1.29505	1.29507			6
2025.03.14	01:51:07.182	1.29504				2
2025.03.14	01:51:12.354	1.29506				2
2025.03.14	01:51:29.845	1.29505				2
2025.03.14	01:51:30.149	1.29506	1.29508			6
2025.03.14	01:51:32.295		1.29509			4
2025.03.14	01:51:35.351		1.29508			4
2025.03.14	01:51:36.261	1.29511	1.29512			6
2025.03.14	01:51:36.866	1.29510	1.29511			6
2025.03.14	01:51:42.028	1.29511	1.29513			6
2025.03.14	01:51:43.858	1.29515	1.29516			6
2025.03.14	01:51:48.710	1.29514	1.29515			6
2025.03.14	01:51:49.015	1.29515	1.29516			6
2025.03.14	01:51:54.542	1.29514	1.29515			6
2025.03.14	01:51:55.470	1.29515	1.29516			6
2025.03.14	01:51:55.779	1.29516	1.29517			6
2025.03.14	01:51:57.014	1.29515				2
2025.03.14	01:51:58.250		1.29516			4
2025.03.14	01:52:00.114	1.29515				2
2025.03.14	01:52:00.418		1.29517			4
2025.03.14	01:52:00.735	1.29517	1.29520			6
2025.03.14	01:52:01.654	1.29519				2
2025.03.14	01:52:02.888	1.29517	1.29519			6
2025.03.14	01:52:04.120	1.29519	1.29520			6
2025.03.14	01:52:05.358	1.29517	1.29519			6
2025.03.14	01:52:08.757	1.29516				2
2025.03.14	01:52:11.230	1.29515	1.29518			6
2025.03.14	01:52:12.769	1.29516				2
2025.03.14	01:52:16.465	1.29515	1.29517			6
2025.03.14	01:52:16.777		1.29516			4
2025.03.14	01:52:17.395		1.29517			4
2025.03.14	01:52:33.750	1.29516				2
2025.03.14	01:52:34.678	1.29515				2
2025.03.14	01:52:36.839	1.29516	1.29518			6
2025.03.14	01:52:41.767	1.29519	1.29520			6
2025.03.14	01:52:44.546	1.29516	1.29519			6
2025.03.14	01:52:44.853		1.29518			4
2025.03.14	01:52:45.774		1.29519			4
2025.03.14	01:52:46.084		1.29518			4
2025.03.14	01:52:53.475	1.29518	1.29519			6
2025.03.14	01:52:54.712	1.29516	1.29518			6
2025.03.14	01:52:56.567	1.29519	1.29520			6
2025.03.14	01:52:58.104	1.29520	1.29521			6
2025.03.14	01:53:00.255	1.29519	1.29520			6
2025.03.14	01:53:00.562	1.29518	1.29519			6
2025.03.14	01:53:19.379	1.29519	1.29520			6
2025.03.14	01:53:21.229	1.29518	1.29519			6
2025.03.14	01:53:23.387	1.29519	1.29520			6
2025.03.14	01:53:31.093	1.29524	1.29525			6
2025.03.14	01:53:31.402	1.29525	1.29526			6
2025.03.14	01:53:31.716	1.29524	1.29525			6
2025.03.14	01:53:32.326	1.29525	1.29526			6
2025.03.14	01:53:32.629	1.29527	1.29528			6
2025.03.14	01:54:00.077	1.29527				2
2025.03.14	01:54:14.563	1.29526				2
2025.03.14	01:54:15.490	1.29525	1.29527			6
2025.03.14	01:54:33.050	1.29527	1.29528			6
2025.03.14	01:54:34.588	1.29526	1.29527			6
2025.03.14	01:54:38.290	1.29525				2
2025.03.14	01:54:49.076	1.29527	1.29528			6
2025.03.14	01:54:49.689	1.29526	1.29527			6
2025.03.14	01:54:50.001	1.29519	1.29522			6
2025.03.14	01:54:50.619	1.29521	1.29524			6
2025.03.14	01:54:54.938	1.29519	1.29522			6
2025.03.14	01:54:55.251	1.29518	1.29520			6
2025.03.14	01:54:56.171		1.29521			4
2025.03.14	01:54:59.874		1.29520			4
2025.03.14	01:55:00.175	1.29519	1.29522			6
2025.03.14	01:55:02.035	1.29517	1.29520			6
2025.03.14	01:55:21.744	1.29518				2
2025.03.14	01:55:22.661	1.29519	1.29522			6
2025.03.14	01:55:24.806	1.29518	1.29521			6
2025.03.14	01:55:49.128		1.29520			4
2025.03.14	01:55:50.051		1.29521			4
2025.03.14	01:55:50.977	1.29519	1.29522			6
2025.03.14	01:55:51.904	1.29518	1.29521			6
2025.03.14	01:55:52.219		1.29520			4
2025.03.14	01:55:56.849		1.29521			4
2025.03.14	01:56:00.239	1.29518				2
2025.03.14	01:56:02.402	1.29517	1.29520			6
2025.03.14	01:56:04.249	1.29520	1.29521			6
2025.03.14	01:56:11.949	1.29519				2
2025.03.14	01:56:12.563	1.29520				2
2025.03.14	01:56:22.738		1.29522			4
2025.03.14	01:56:36.600	1.29519				2
2025.03.14	01:56:36.901	1.29521				2
2025.03.14	01:56:41.841	1.29517	1.29520			6
2025.03.14	01:56:48.617	1.29521	1.29522			6
2025.03.14	01:56:58.767		1.29523			4
2025.03.14	01:57:00.002	1.29521				2
2025.03.14	01:57:00.307	1.29520	1.29521			6
2025.03.14	01:57:00.619	1.29521	1.29522			6
2025.03.14	01:57:02.154	1.29519				2
2025.03.14	01:57:02.465	1.29520				2
2025.03.14	01:57:03.388	1.29519				2
2025.03.14	01:57:16.329	1.29517	1.29520			6
2025.03.14	01:57:16.636	1.29518	1.29521			6
2025.03.14	01:57:19.719	1.29520	1.29522			6
2025.03.14	01:57:20.331	1.29519				2
2025.03.14	01:57:26.493		1.29521			4
2025.03.14	01:57:26.800	1.29520				2
2025.03.14	01:57:27.419		1.29522			4
2025.03.14	01:57:30.821	1.29519				2
2025.03.14	01:57:32.047	1.29515	1.29518			6
2025.03.14	01:57:32.348	1.29514	1.29517			6
2025.03.14	01:57:32.980	1.29516				2
2025.03.14	01:57:40.383	1.29514				2
2025.03.14	01:57:44.394	1.29515	1.29518			6
2025.03.14	01:57:45.314	1.29514	1.29517			6
2025.03.14	01:57:46.242		1.29516			4
2025.03.14	01:57:46.551		1.29517			4
2025.03.14	01:57:48.401		1.29516			4
2025.03.14	01:57:53.959		1.29517			4
2025.03.14	01:57:54.266		1.29516			4
2025.03.14	01:57:54.577		1.29517			4
2025.03.14	01:57:59.200	1.29515	1.29518			6
2025.03.14	01:58:00.126	1.29514	1.29517			6
2025.03.14	01:58:00.436	1.29515	1.29518			6
2025.03.14	01:58:01.357	1.29516	1.29519			6
2025.03.14	01:58:11.211	1.29515	1.29518			6
2025.03.14	01:58:12.136	1.29516	1.29519			6
2025.03.14	01:58:39.756	1.29515	1.29518			6
2025.03.14	01:58:40.368	1.29514	1.29517			6
2025.03.14	01:58:40.676	1.29515	1.29518			6
2025.03.14	01:58:41.294	1.29511	1.29514			6
2025.03.14	01:58:41.601	1.29510	1.29513			6
2025.03.14	01:58:42.221		1.29514			4
2025.03.14	01:58:50.194	1.29511				2
2025.03.14	01:58:52.647	1.29514	1.29517			6
2025.03.14	01:58:54.188		1.29518			4
2025.03.14	01:58:58.177	1.29513	1.29517			6
2025.03.14	01:59:00.014	1.29513				2
2025.03.14	01:59:00.324	1.29506	1.29510			6
2025.03.14	01:59:00.629	1.29505	1.29509			6
2025.03.14	01:59:00.937	1.29506	1.29510			6
2025.03.14	01:59:01.238	1.29505	1.29511			6
2025.03.14	01:59:08.922	1.29504	1.29510			6
2025.03.14	01:59:10.458	1.29505	1.29511			6
2025.03.14	01:59:10.765	1.29504	1.29510			6
2025.03.14	01:59:12.612	1.29505	1.29511			6
2025.03.14	01:59:12.919	1.29504	1.29510			6
2025.03.14	01:59:14.149	1.29506	1.29512			6
2025.03.14	01:59:14.459	1.29505	1.29511			6
2025.03.14	01:59:16.619	1.29506	1.29512			6
2025.03.14	01:59:17.539	1.29504	1.29510			6
2025.03.14	01:59:21.550	1.29505	1.29511			6
2025.03.14	01:59:21.858	1.29513	1.29519			6
2025.03.14	01:59:22.477	1.29512	1.29518			6
2025.03.14	01:59:22.785	1.29513	1.29519			6
2025.03.14	01:59:23.402	1.29512				2
2025.03.14	01:59:24.943		1.29518			4
2025.03.14	01:59:26.489		1.29519			4
2025.03.14	01:59:28.031		1.29518			4
2025.03.14	01:59:35.400	1.29518	1.29523			6
2025.03.14	01:59:35.708	1.29517	1.29524			6
2025.03.14	01:59:36.935	1.29516	1.29523			6
2025.03.14	01:59:39.089	1.29514	1.29520			6
2025.03.14	01:59:39.391	1.29512	1.29519			6
2025.03.14	01:59:39.703	1.29513				2
2025.03.14	01:59:40.009	1.29512	1.29518			6
2025.03.14	01:59:40.311		1.29519			4
2025.03.14	01:59:41.552	1.29513	1.29520			6
2025.03.14	01:59:42.479	1.29512	1.29519			6
2025.03.14	01:59:46.766	1.29515				2
2025.03.14	01:59:47.069	1.29514	1.29521			6
2025.03.14	01:59:49.230	1.29515	1.29520			6
2025.03.14	01:59:52.917		1.29521			4
2025.03.14	01:59:58.454		1.29520			4
2025.03.14	02:00:00.296	1.29518	1.29523			6
2025.03.14	02:00:00.601	1.29517	1.29524			6
2025.03.14	02:00:01.217	1.29508	1.29513			6
2025.03.14	02:00:02.145	1.29506				2
2025.03.14	02:00:04.298	1.29509				2
2025.03.14	02:00:05.529		1.29514			4
2025.03.14	02:00:06.145	1.29508	1.29511			6
2025.03.14	02:00:06.449	1.29500	1.29504			6
2025.03.14	02:00:07.380		1.29503			4
2025.03.14	02:00:10.153	1.29499				2
2025.03.14	02:00:10.464	1.29500				2
2025.03.14	02:00:10.768	1.29507	1.29513			6
2025.03.14	02:00:12.940		1.29514			4
2025.03.14	02:00:13.857		1.29513			4
2025.03.14	02:00:14.166		1.29512			4
2025.03.14	02:00:17.558		1.29513			4
2025.03.14	02:00:18.483		1.29512			4
2025.03.14	02:00:19.094		1.29513			4
2025.03.14	02:00:20.331	1.29513	1.29514			6
2025.03.14	02:00:20.632		1.29517			4
2025.03.14	02:00:22.491		1.29519			4
2025.03.14	02:00:22.801	1.29514				2
2025.03.14	02:00:24.029	1.29513				2
2025.03.14	02:00:27.124	1.29512	1.29518			6
2025.03.14	02:00:27.428		1.29519			4
2025.03.14	02:00:28.046	1.29516	1.29522			6
2025.03.14	02:00:29.590	1.29517				2
2025.03.14	02:00:34.835	1.29521	1.29526			6
2025.03.14	02:00:35.142	1.29519	1.29524			6
2025.03.14	02:00:35.445	1.29517				2
2025.03.14	02:00:36.370	1.29516	1.29523			6
2025.03.14	02:01:00.131	1.29516	1.29522			6
2025.03.14	02:01:00.437	1.29517	1.29524			6
2025.03.14	02:01:02.603	1.29516	1.29523			6
2025.03.14	02:01:03.842	1.29515	1.29522			6
2025.03.14	02:01:08.158	1.29516				2
2025.03.14	02:01:11.843	1.29515				2
2025.03.14	02:01:24.472	1.29516	1.29521			6
2025.03.14	02:01:24.775	1.29508	1.29515			6
2025.03.14	02:01:25.403		1.29513			4
2025.03.14	02:01:31.258	1.29506				2
2025.03.14	02:01:31.565	1.29507				2
2025.03.14	02:01:36.823	1.29506				2
2025.03.14	02:01:51.309	1.29507				2
2025.03.14	02:01:54.988	1.29502	1.29508			6
2025.03.14	02:01:56.219	1.29501				2
2025.03.14	02:01:56.829	1.29502	1.29509			6
2025.03.14	02:01:57.143	1.29503	1.29510			6
2025.03.14	02:01:58.374	1.29502	1.29509			6
2025.03.14	02:01:58.988	1.29501	1.29508			6
2025.03.14	02:01:59.302	1.29502	1.29509			6
2025.03.14	02:02:00.236	1.29502				2
2025.03.14	02:02:01.464	1.29503	1.29510			6
2025.03.14	02:02:03.319		1.29509			4
2025.03.14	02:02:05.174	1.29501	1.29507			6
2025.03.14	02:02:06.407	1.29504	1.29510			6
2025.03.14	02:02:07.026	1.29506	1.29511			6
2025.03.14	02:02:34.170		1.29510			4
2025.03.14	02:02:43.356	1.29505				2
2025.03.14	02:02:44.903	1.29506				2
2025.03.14	02:02:46.137	1.29505				2
2025.03.14	02:02:55.361	1.29506				2
2025.03.14	02:03:00.254	1.29506				2
2025.03.14	02:03:22.896	1.29499	1.29503			6
2025.03.14	02:03:23.202	1.29498				2
2025.03.14	02:03:23.812	1.29502	1.29507			6
2025.03.14	02:03:24.117		1.29508			4
2025.03.14	02:03:32.389		1.29507			4
2025.03.14	02:03:35.749	1.29501	1.29506			6
2025.03.14	02:03:36.366	1.29502	1.29507			6
2025.03.14	02:03:39.437	1.29501	1.29506			6
2025.03.14	02:03:41.274		1.29505			4
2025.03.14	02:03:46.805	1.29503				2
2025.03.14	02:03:47.417	1.29501				2
2025.03.14	02:03:49.552		1.29506			4
2025.03.14	02:03:50.179	1.29499	1.29504			6
2025.03.14	02:03:53.250	1.29500	1.29505			6
2025.03.14	02:03:56.327	1.29501				2
2025.03.14	02:03:59.078	1.29502	1.29506			6
2025.03.14	02:04:00.297	1.29504	1.29508			6
2025.03.14	02:04:00.601	1.29503	1.29507			6
2025.03.14	02:04:02.730	1.29502	1.29506			6
2025.03.14	02:04:04.547	1.29503	1.29507			6
2025.03.14	02:04:04.853	1.29502	1.29506			6
2025.03.14	02:04:05.164	1.29501	1.29505			6
2025.03.14	02:04:05.466	1.29502	1.29506			6
2025.03.14	02:04:08.214	1.29503	1.29507			6
2025.03.14	02:04:10.360	1.29502	1.29506			6
2025.03.14	02:04:10.975	1.29501	1.29505			6
2025.03.14	02:04:11.588	1.29502	1.29506			6
2025.03.14	02:04:12.204	1.29503	1.29507			6
2025.03.14	02:04:12.512	1.29502	1.29506			6
2025.03.14	02:04:22.984	1.29501	1.29505			6
2025.03.14	02:04:27.918	1.29499	1.29503			6
2025.03.14	02:04:36.216		1.29502			4
2025.03.14	02:04:49.676	1.29501	1.29504			6
2025.03.14	02:04:49.982	1.29500	1.29503			6
2025.03.14	02:04:53.635	1.29499	1.29502			6
2025.03.14	02:05:00.065	1.29499				2
2025.03.14	02:05:19.537	1.29497	1.29500			6
2025.03.14	02:05:25.364	1.29498	1.29501			6
2025.03.14	02:05:29.362	1.29499	1.29502			6
2025.03.14	02:05:30.904	1.29502	1.29505			6
2025.03.14	02:05:33.369	1.29500	1.29503			6
2025.03.14	02:05:57.701	1.29499	1.29502			6
2025.03.14	02:06:00.154	1.29499				2
2025.03.14	02:06:01.072	1.29498	1.29501			6
2025.03.14	02:06:01.372	1.29497	1.29500			6
2025.03.14	02:06:01.991	1.29495	1.29498			6
2025.03.14	02:06:02.604	1.29497	1.29500			6
2025.03.14	02:06:05.064	1.29496	1.29499			6
2025.03.14	02:06:05.374	1.29497	1.29500			6
2025.03.14	02:06:05.990	1.29494	1.29497			6
2025.03.14	02:06:06.608		1.29495			4
2025.03.14	02:06:07.533		1.29497			4
2025.03.14	02:06:08.450	1.29489	1.29492			6
2025.03.14	02:06:10.303		1.29493			4
2025.03.14	02:06:10.608	1.29491	1.29495			6
2025.03.14	02:06:12.459	1.29490	1.29494			6
2025.03.14	02:06:13.385	1.29489	1.29493			6
2025.03.14	02:06:14.310	1.29490	1.29494			6
2025.03.14	02:06:16.777	1.29489	1.29493			6
2025.03.14	02:06:18.930	1.29491	1.29495			6
2025.03.14	02:06:19.243	1.29493	1.29497			6
2025.03.14	02:06:24.483	1.29494	1.29498			6
2025.03.14	02:06:27.264	1.29493	1.29497			6
2025.03.14	02:06:29.728	1.29494	1.29498			6
2025.03.14	02:06:31.272	1.29495	1.29499			6
2025.03.14	02:06:38.670	1.29494	1.29498			6
2025.03.14	02:06:41.132	1.29493	1.29497			6
2025.03.14	02:06:45.135	1.29495	1.29499			6
2025.03.14	02:06:46.981	1.29494	1.29498			6
2025.03.14	02:06:49.135		1.29497			4
2025.03.14	02:06:59.003	1.29495	1.29498			6
2025.03.14	02:06:59.306	1.29494	1.29497			6
2025.03.14	02:07:00.244	1.29494				2
2025.03.14	02:07:00.553	1.29496	1.29499			6
2025.03.14	02:07:01.480	1.29499	1.29502			6
2025.03.14	02:07:01.792	1.29500	1.29503			6
2025.03.14	02:07:02.108	1.29499				2
2025.03.14	02:07:04.903	1.29500				2
2025.03.14	02:07:07.669	1.29499				2
2025.03.14	02:07:13.531	1.29502	1.29506			6
2025.03.14	02:07:13.836	1.29501	1.29505			6
2025.03.14	02:07:14.150	1.29502	1.29506			6
2025.03.14	02:07:19.404	1.29501	1.29505			6
2025.03.14	02:07:21.251	1.29502	1.29506			6
2025.03.14	02:07:25.877	1.29503	1.29507			6
2025.03.14	02:07:26.801	1.29502	1.29506			6
2025.03.14	02:07:37.231	1.29503				2
2025.03.14	02:07:39.681	1.29502	1.29505			6
2025.03.14	02:07:44.279	1.29503	1.29506			6
2025.03.14	02:07:48.269	1.29502	1.29505			6
2025.03.14	02:07:48.889	1.29503	1.29506			6
2025.03.14	02:07:49.803	1.29502	1.29505			6
2025.03.14	02:07:51.334	1.29503	1.29506			6
2025.03.14	02:07:52.868	1.29502	1.29505			6
2025.03.14	02:07:55.614	1.29503	1.29506			6
2025.03.14	02:07:57.152	1.29502	1.29505			6
2025.03.14	02:08:00.222	1.29502				2
2025.03.14	02:08:01.755	1.29503	1.29506			6
2025.03.14	02:08:02.971	1.29502	1.29505			6
2025.03.14	02:08:04.196	1.29503	1.29506			6
2025.03.14	02:08:04.806	1.29502	1.29505			6
2025.03.14	02:08:09.721	1.29503	1.29506			6
2025.03.14	02:08:10.329	1.29502	1.29505			6
2025.03.14	02:08:10.943	1.29503	1.29506			6
2025.03.14	02:08:14.613	1.29493	1.29494			6
2025.03.14	02:08:14.916	1.29496	1.29498			6
2025.03.14	02:08:15.223	1.29498	1.29501			6
2025.03.14	02:08:17.058	1.29496	1.29499			6
2025.03.14	02:08:17.364	1.29494	1.29497			6
2025.03.14	02:08:18.283	1.29492	1.29496			6
2025.03.14	02:08:18.891		1.29495			4
2025.03.14	02:08:19.198	1.29489	1.29493			6
2025.03.14	02:08:23.787	1.29488	1.29492			6
2025.03.14	02:08:25.927	1.29489	1.29493			6
2025.03.14	02:08:26.537	1.29490	1.29494			6
2025.03.14	02:08:27.460	1.29491	1.29495			6
2025.03.14	02:08:27.764	1.29490	1.29494			6
2025.03.14	02:08:28.372	1.29498	1.29502			6
2025.03.14	02:08:29.290	1.29497	1.29503			6
2025.03.14	02:08:30.511	1.29496				2
2025.03.14	02:08:30.819	1.29497				2
2025.03.14	02:08:31.424	1.29496				2
2025.03.14	02:08:33.564	1.29497				2
2025.03.14	02:08:34.175	1.29496				2
2025.03.14	02:08:34.481	1.29493	1.29500			6
2025.03.14	02:08:37.850	1.29492	1.29499			6
2025.03.14	02:08:38.157	1.29493	1.29500			6
2025.03.14	02:08:40.292	1.29492	1.29499			6
2025.03.14	02:08:40.595	1.29493	1.29500			6
2025.03.14	02:08:43.375		1.29499			4
2025.03.14	02:08:50.141	1.29499	1.29503			6
2025.03.14	02:08:50.764	1.29500	1.29501			6
2025.03.14	02:08:51.075	1.29501	1.29504			6
2025.03.14	02:08:51.383		1.29505			4
2025.03.14	02:08:52.944	1.29504	1.29507			6
2025.03.14	02:08:53.248	1.29505	1.29509			6
2025.03.14	02:08:54.154		1.29508			4
2025.03.14	02:08:55.386		1.29509			4
2025.03.14	02:08:56.307	1.29504	1.29508			6
2025.03.14	02:08:58.460	1.29505	1.29509			6
2025.03.14	02:08:59.395	1.29504	1.29508			6
2025.03.14	02:09:00.008	1.29504				2
2025.03.14	02:09:00.323	1.29506	1.29510			6
2025.03.14	02:09:00.630	1.29503	1.29508			6
2025.03.14	02:09:00.937	1.29501	1.29505			6
2025.03.14	02:09:01.242		1.29506			4
2025.03.14	02:09:02.168		1.29504			4
2025.03.14	02:09:05.858		1.29505			4
2025.03.14	02:09:06.168		1.29506			4
2025.03.14	02:09:08.321	1.29504	1.29505			6
2025.03.14	02:09:10.484		1.29506			4
2025.03.14	02:09:10.791		1.29508			4
2025.03.14	02:09:11.417		1.29507			4
2025.03.14	02:09:12.031		1.29508			4
2025.03.14	02:09:13.253		1.29507			4
2025.03.14	02:09:14.797		1.29508			4
2025.03.14	02:09:19.104		1.29507			4
2025.03.14	02:09:19.715		1.29508			4
2025.03.14	02:09:20.019	1.29505				2
2025.03.14	02:09:21.858	1.29503	1.29507			6
2025.03.14	02:09:25.860	1.29501	1.29505			6
2025.03.14	02:09:33.227		1.29506			4
2025.03.14	02:09:35.073	1.29503				2
2025.03.14	02:09:38.447		1.29508			4
2025.03.14	02:09:41.203	1.29505	1.29507			6
2025.03.14	02:09:41.513		1.29508			4
2025.03.14	02:09:45.793		1.29507			4
2025.03.14	02:09:47.010		1.29508			4
2025.03.14	02:09:47.319		1.29507			4
2025.03.14	02:09:49.142		1.29506			4
2025.03.14	02:09:50.653		1.29507			4
2025.03.14	02:09:50.960		1.29506			4
2025.03.14	02:09:53.389		1.29507			4
2025.03.14	02:09:55.544	1.29510	1.29512			6
2025.03.14	02:09:56.154		1.29513			4
2025.03.14	02:09:56.458	1.29506	1.29511			6
2025.03.14	02:09:57.068	1.29509	1.29512			6
2025.03.14	02:09:57.381		1.29513			4
2025.03.14	02:09:58.303		1.29512			4
2025.03.14	02:10:00.155	1.29509				2
2025.03.14	02:10:00.462	1.29507	1.29513			6
2025.03.14	02:10:01.691		1.29512			4
2025.03.14	02:10:02.308		1.29513			4
2025.03.14	02:10:02.925		1.29512			4
2025.03.14	02:10:05.703		1.29511			4
2025.03.14	02:10:06.012	1.29509	1.29512			6
2025.03.14	02:10:06.314		1.29513			4
2025.03.14	02:10:06.628	1.29510				2
2025.03.14	02:10:10.318	1.29511	1.29514			6
2025.03.14	02:10:11.241	1.29510				2
2025.03.14	02:10:11.551	1.29509	1.29513			6
2025.03.14	02:10:17.098	1.29511	1.29514			6
2025.03.14	02:10:17.407		1.29515			4
2025.03.14	02:10:18.331		1.29516			4
2025.03.14	02:10:20.480		1.29517			4
2025.03.14	02:10:21.720		1.29516			4
2025.03.14	02:10:34.667		1.29515			4
2025.03.14	02:10:35.291		1.29516			4
2025.03.14	02:10:37.752		1.29515			4
2025.03.14	02:10:39.296		1.29512			4
2025.03.14	02:10:40.217		1.29513			4
2025.03.14	02:10:40.840	1.29508	1.29510			6
2025.03.14	02:10:41.147	1.29510	1.29512			6
2025.03.14	02:10:41.757		1.29513			4
2025.03.14	02:10:47.298	1.29509	1.29512			6
2025.03.14	02:10:47.609	1.29504	1.29509			6
2025.03.14	02:10:48.226	1.29503				2
2025.03.14	02:10:58.396		1.29508			4
2025.03.14	02:11:00.245	1.29504	1.29509			6
2025.03.14	02:11:00.864	1.29509	1.29513			6
2025.03.14	02:11:10.410	1.29510				2
2025.03.14	02:11:10.712		1.29515			4
2025.03.14	02:11:16.244		1.29514			4
2025.03.14	02:11:23.033		1.29513			4
2025.03.14	02:11:29.197		1.29512			4
2025.03.14	02:11:36.241		1.29514			4
2025.03.14	02:11:36.546		1.29513			4
2025.03.14	02:11:45.093		1.29512			4
2025.03.14	02:11:54.242		1.29513			4
2025.03.14	02:11:57.613		1.29512			4
2025.03.14	02:12:00.066	1.29510				2
2025.03.14	02:12:00.369	1.29519	1.29520			6
2025.03.14	02:12:00.670		1.29521			4
2025.03.14	02:12:01.292		1.29523			4
2025.03.14	02:12:03.129	1.29516	1.29520			6
2025.03.14	02:12:03.745	1.29515	1.29522			6
2025.03.14	02:12:04.051		1.29521			4
2025.03.14	02:12:08.035		1.29519			4
2025.03.14	02:12:13.258	1.29518	1.29523			6
2025.03.14	02:12:21.527	1.29520	1.29525			6
2025.03.14	02:12:23.061	1.29515	1.29520			6
2025.03.14	02:12:23.978	1.29513	1.29516			6
2025.03.14	02:12:24.282	1.29511	1.29515			6
2025.03.14	02:12:29.523		1.29516			4
2025.03.14	02:12:45.802	1.29510				2
2025.03.14	02:12:53.474	1.29509				2
2025.03.14	02:12:53.787	1.29511	1.29514			6
2025.03.14	02:12:54.090	1.29510				2
2025.03.14	02:12:58.705	1.29509	1.29512			6
2025.03.14	02:12:59.011	1.29512	1.29516			6
2025.03.14	02:12:59.320	1.29511				2
2025.03.14	02:12:59.629	1.29510				2
2025.03.14	02:13:00.237	1.29513				2
2025.03.14	02:13:00.544		1.29518			4
2025.03.14	02:13:02.997	1.29515	1.29519			6
2025.03.14	02:13:03.303	1.29513	1.29518			6
2025.03.14	02:13:16.181	1.29515				2
2025.03.14	02:13:16.489		1.29519			4
2025.03.14	02:13:17.103		1.29518			4
2025.03.14	02:13:18.335	1.29513	1.29517			6
2025.03.14	02:13:18.947		1.29518			4
2025.03.14	02:13:28.149		1.29517			4
2025.03.14	02:13:29.372		1.29518			4
2025.03.14	02:13:29.675	1.29515				2
2025.03.14	02:13:29.987		1.29517			4
2025.03.14	02:13:30.291		1.29518			4
2025.03.14	02:13:30.904		1.29517			4
2025.03.14	02:13:32.434		1.29518			4
2025.03.14	02:13:39.170		1.29517			4
2025.03.14	02:13:39.480		1.29518			4
2025.03.14	02:13:46.237		1.29517			4
2025.03.14	02:13:47.456	1.29513				2
2025.03.14	02:13:47.761	1.29520	1.29523			6
2025.03.14	02:13:49.289		1.29524			4
2025.03.14	02:13:51.432		1.29523			4
2025.03.14	02:13:52.046		1.29524			4
2025.03.14	02:13:58.504		1.29523			4
2025.03.14	02:14:00.052	1.29520				2
2025.03.14	02:14:09.601	1.29521				2
2025.03.14	02:14:09.907		1.29524			4
2025.03.14	02:14:10.826		1.29523			4
2025.03.14	02:14:11.136	1.29520				2
2025.03.14	02:14:11.447		1.29524			4
2025.03.14	02:14:13.885		1.29523			4
2025.03.14	02:14:21.187		1.29522			4
2025.03.14	02:14:24.552	1.29519	1.29520			6
2025.03.14	02:14:25.774	1.29518				2
2025.03.14	02:14:26.083	1.29520	1.29521			6
2025.03.14	02:14:27.909		1.29522			4
2025.03.14	02:14:32.780		1.29523			4
2025.03.14	02:14:34.294		1.29522			4
2025.03.14	02:14:42.838	1.29514	1.29517			6
2025.03.14	02:14:44.370	1.29513	1.29518			6
2025.03.14	02:14:45.304		1.29517			4
2025.03.14	02:14:47.460	1.29514	1.29518			6
2025.03.14	02:14:57.294	1.29515				2
2025.03.14	02:15:00.057	1.29515				2
2025.03.14	02:15:00.359	1.29514	1.29517			6
2025.03.14	02:15:03.405	1.29513	1.29516			6
2025.03.14	02:15:03.707		1.29515			4
2025.03.14	02:15:06.145		1.29516			4
2025.03.14	02:15:06.449	1.29514	1.29517			6
2025.03.14	02:15:07.983	1.29513	1.29516			6
2025.03.14	02:15:09.513	1.29512	1.29515			6
2025.03.14	02:15:13.170	1.29513	1.29516			6
2025.03.14	02:15:22.980	1.29518	1.29521			6
2025.03.14	02:15:24.207	1.29517	1.29522			6
2025.03.14	02:15:28.213	1.29518				2
2025.03.14	02:15:32.228	1.29519	1.29523			6
2025.03.14	02:15:32.537	1.29516	1.29520			6
2025.03.14	02:15:32.844	1.29513	1.29516			6
2025.03.14	02:15:33.147	1.29512	1.29518			6
2025.03.14	02:15:33.461	1.29514				2
2025.03.14	02:15:41.164	1.29513				2
2025.03.14	02:15:43.933	1.29512				2
2025.03.14	02:15:44.234	1.29513	1.29517			6
2025.03.14	02:15:55.288		1.29516			4
2025.03.14	02:15:57.754		1.29517			4
2025.03.14	02:16:00.220	1.29513				2
2025.03.14	02:16:03.925	1.29515				2
2025.03.14	02:16:04.229	1.29519	1.29522			6
2025.03.14	02:16:05.156		1.29524			4
2025.03.14	02:16:05.466		1.29523			4
2025.03.14	02:16:07.627		1.29524			4
2025.03.14	02:16:08.250		1.29523			4
2025.03.14	02:16:14.733		1.29522			4
2025.03.14	02:16:15.650		1.29523			4
2025.03.14	02:16:29.217		1.29522			4
2025.03.14	02:16:30.135	1.29517	1.29521			6
2025.03.14	02:16:39.920	1.29516	1.29519			6
2025.03.14	02:16:40.229	1.29514	1.29516			6
2025.03.14	02:16:41.154		1.29517			4
2025.03.14	02:16:43.620	1.29517	1.29522			6
2025.03.14	02:16:44.245		1.29523			4
2025.03.14	02:16:55.340		1.29522			4
2025.03.14	02:16:55.646		1.29523			4
2025.03.14	02:16:56.579		1.29522			4
2025.03.14	02:16:57.196		1.29523			4
2025.03.14	02:16:58.736	1.29513	1.29519			6
2025.03.14	02:16:59.043	1.29512	1.29518			6
2025.03.14	02:16:59.357		1.29519			4
2025.03.14	02:17:00.275	1.29512				2
2025.03.14	02:17:01.204	1.29510	1.29517			6
2025.03.14	02:17:02.435	1.29511	1.29518			6
2025.03.14	02:17:12.293	1.29510	1.29514			6
2025.03.14	02:17:18.768	1.29511	1.29517			6
2025.03.14	02:17:19.388		1.29518			4
2025.03.14	02:17:21.236	1.29512				2
2025.03.14	02:17:22.778	1.29511	1.29517			6
2025.03.14	02:17:24.317	1.29512	1.29518			6
2025.03.14	02:17:24.631	1.29511	1.29517			6
2025.03.14	02:17:28.946	1.29512				2
2025.03.14	02:17:31.103		1.29516			4
2025.03.14	02:17:33.575		1.29517			4
2025.03.14	02:17:37.277		1.29516			4
2025.03.14	02:17:40.933	1.29509	1.29513			6
2025.03.14	02:17:41.242	1.29508	1.29512			6
2025.03.14	02:17:41.548	1.29507				2
2025.03.14	02:17:49.263		1.29511			4
2025.03.14	02:17:50.799		1.29509			4
2025.03.14	02:17:52.332		1.29510			4
2025.03.14	02:17:53.251		1.29509			4
2025.03.14	02:17:54.772	1.29508	1.29512			6
2025.03.14	02:17:59.391		1.29511			4
2025.03.14	02:18:00.303	1.29508	1.29512			6
2025.03.14	02:18:01.535	1.29512	1.29516			6
2025.03.14	02:18:03.387	1.29511	1.29517			6
2025.03.14	02:18:03.998		1.29516			4
2025.03.14	02:18:04.313		1.29517			4
2025.03.14	02:18:04.618		1.29516			4
2025.03.14	02:18:04.923		1.29517			4
2025.03.14	02:18:05.228	1.29512				2
2025.03.14	02:18:08.935	1.29513				2
2025.03.14	02:18:15.684	1.29514				2
2025.03.14	02:18:15.987		1.29518			4
2025.03.14	02:18:16.292		1.29517			4
2025.03.14	02:18:16.912		1.29518			4
2025.03.14	02:18:18.428	1.29513	1.29517			6
2025.03.14	02:18:19.341		1.29516			4
2025.03.14	02:18:52.282	1.29514	1.29517			6
2025.03.14	02:18:52.594	1.29513	1.29516			6
2025.03.14	02:18:52.898	1.29514	1.29517			6
2025.03.14	02:18:54.115	1.29513	1.29516			6
2025.03.14	02:18:54.417	1.29514				2
2025.03.14	02:18:54.723	1.29515	1.29518			6
2025.03.14	02:18:55.029	1.29516	1.29519			6
2025.03.14	02:18:55.637	1.29517	1.29520			6
2025.03.14	02:19:00.240	1.29517				2
2025.03.14	02:19:00.860	1.29516	1.29519			6
2025.03.14	02:19:02.989	1.29518	1.29521			6
2025.03.14	02:19:12.508	1.29510	1.29513			6
2025.03.14	02:19:12.809	1.29509	1.29512			6
2025.03.14	02:19:14.351	1.29508	1.29514			6
2025.03.14	02:19:20.202	1.29506	1.29512			6
2025.03.14	02:19:20.816		1.29513			4
2025.03.14	02:19:21.122	1.29507				2
2025.03.14	02:19:25.117		1.29514			4
2025.03.14	02:19:26.959		1.29513			4
2025.03.14	02:19:28.185	1.29508				2
2025.03.14	02:19:38.343		1.29512			4
2025.03.14	02:19:39.264		1.29513			4
2025.03.14	02:19:40.800		1.29512			4
2025.03.14	02:19:44.187		1.29513			4
2025.03.14	02:19:46.339		1.29512			4
2025.03.14	02:19:52.166		1.29511			4
2025.03.14	02:19:55.855	1.29510	1.29513			6
2025.03.14	02:19:56.473	1.29511				2
2025.03.14	02:19:56.779	1.29512				2
2025.03.14	02:19:57.389	1.29511	1.29512			6
2025.03.14	02:20:00.146	1.29511				2
2025.03.14	02:20:07.210	1.29512	1.29513			6
2025.03.14	02:20:10.274	1.29517	1.29521			6
2025.03.14	02:20:10.586	1.29520	1.29524			6
2025.03.14	02:20:10.892	1.29521	1.29523			6
2025.03.14	02:20:11.199	1.29520	1.29524			6
2025.03.14	02:20:11.820		1.29522			4
2025.03.14	02:20:12.125		1.29523			4
2025.03.14	02:20:20.705		1.29524			4
2025.03.14	02:20:23.465		1.29523			4
2025.03.14	02:20:26.227	1.29521	1.29524			6
2025.03.14	02:20:27.146		1.29525			4
2025.03.14	02:20:30.839		1.29524			4
2025.03.14	02:20:31.451		1.29525			4
2025.03.14	02:20:32.989		1.29523			4
2025.03.14	02:20:37.297	1.29522				2
2025.03.14	02:20:46.227		1.29525			4
2025.03.14	02:20:46.531		1.29524			4
2025.03.14	02:20:47.155		1.29525			4
2025.03.14	02:20:50.241	1.29523				2
2025.03.14	02:20:50.549	1.29522	1.29524			6
2025.03.14	02:20:56.381	1.29523				2
2025.03.14	02:21:00.056	1.29523				2
2025.03.14	02:21:00.366		1.29525			4
2025.03.14	02:21:01.595	1.29522	1.29524			6
2025.03.14	02:21:01.896		1.29525			4
2025.03.14	02:21:04.330	1.29523				2
2025.03.14	02:21:15.978		1.29524			4
2025.03.14	02:21:16.283	1.29524	1.29525			6
2025.03.14	02:21:19.348	1.29523	1.29524			6
2025.03.14	02:21:19.955	1.29524	1.29525			6
2025.03.14	02:21:21.790	1.29522				2
2025.03.14	02:21:22.708	1.29523	1.29526			6
2025.03.14	02:21:37.424		1.29524			4
2025.03.14	02:21:38.340	1.29522	1.29525			6
2025.03.14	02:21:44.766	1.29523				2
2025.03.14	02:21:57.892		1.29526			4
2025.03.14	02:21:59.725		1.29525			4
2025.03.14	02:22:00.029	1.29523				2
2025.03.14	02:22:09.526		1.29526			4
2025.03.14	02:22:13.498		1.29525			4
2025.03.14	02:22:13.804	1.29522				2
2025.03.14	02:22:37.198	1.29523				2
2025.03.14	02:22:38.124	1.29522				2
2025.03.14	02:22:53.535	1.29523				2
2025.03.14	02:22:53.847		1.29526			4
2025.03.14	02:23:00.009	1.29523				2
2025.03.14	02:23:00.315		1.29525			4
2025.03.14	02:23:06.154	1.29524				2
2025.03.14	02:23:20.637	1.29529	1.29532			6
2025.03.14	02:23:20.943	1.29531	1.29534			6
2025.03.14	02:23:21.871	1.29530	1.29533			6
2025.03.14	02:23:22.795	1.29531				2
2025.03.14	02:23:24.031	1.29529				2
2025.03.14	02:23:24.337	1.29531				2
2025.03.14	02:23:33.880	1.29529	1.29532			6
2025.03.14	02:23:39.118	1.29530				2
2025.03.14	02:23:39.426	1.29529				2
2025.03.14	02:23:44.035	1.29528				2
2025.03.14	02:23:46.199		1.29531			4
2025.03.14	02:23:46.507	1.29527	1.29530			6
2025.03.14	02:23:51.437	1.29526				2
2025.03.14	02:23:53.277	1.29527				2
2025.03.14	02:23:55.124		1.29529			4
