<DATE>	<TIME>	<BID>	<ASK>	<LAST>	<VOLUME>	<FLAGS>
2025.10.31	00:03:30.883	1.31432	1.31522			6
2025.10.31	00:04:00.262	1.31432				2
2025.10.31	00:04:01.497		1.31521			4
2025.10.31	00:05:00.227	1.31432				2
2025.10.31	00:05:00.537	1.31437				2
2025.10.31	00:05:01.782		1.31521			4
2025.10.31	00:05:02.087	1.31432				2
2025.10.31	00:05:02.397	1.31437				2
2025.10.31	00:05:04.877	1.31442	1.31532			6
2025.10.31	00:05:10.113	1.31437	1.31521			6
2025.10.31	00:05:11.041	1.31452	1.31542			6
2025.10.31	00:05:21.196	1.31449	1.31539			6
2025.10.31	00:05:50.457	1.31446	1.31536			6
2025.10.31	00:06:00.016	1.31446				2
2025.10.31	00:06:00.322	1.31437	1.31521			6
2025.10.31	00:06:02.475	1.31445	1.31535			6
2025.10.31	00:06:06.474	1.31449	1.31539			6
2025.10.31	00:06:07.392	1.31445	1.31535			6
2025.10.31	00:06:31.755	1.31456	1.31546			6
2025.10.31	00:06:54.622	1.31450	1.31540			6
2025.10.31	00:06:58.638	1.31458	1.31548			6
2025.10.31	00:06:58.953	1.31462	1.31552			6
2025.10.31	00:07:00.179	1.31462				2
2025.10.31	00:07:00.488	1.31455	1.31545			6
2025.10.31	00:07:00.793	1.31460	1.31550			6
2025.10.31	00:07:10.384	1.31456	1.31530			6
2025.10.31	00:07:10.695	1.31459	1.31549			6
2025.10.31	00:07:20.577	1.31458	1.31548			6
2025.10.31	00:07:20.887	1.31459	1.31549			6
2025.10.31	00:07:21.195	1.31456	1.31530			6
2025.10.31	00:07:28.008	1.31458	1.31548			6
2025.10.31	00:07:30.475	1.31456	1.31530			6
2025.10.31	00:07:30.787	1.31461	1.31551			6
2025.10.31	00:07:34.782	1.31456	1.31530			6
2025.10.31	00:07:40.642	1.31457	1.31547			6
2025.10.31	00:07:40.946		1.31530			4
2025.10.31	00:07:50.821	1.31461	1.31551			6
2025.10.31	00:08:00.082	1.31461				2
2025.10.31	00:08:01.626	1.31462	1.31552			6
2025.10.31	00:08:10.591	1.31458	1.31530			6
2025.10.31	00:08:10.906	1.31463	1.31553			6
2025.10.31	00:08:33.177	1.31461	1.31551			6
2025.10.31	00:08:54.196	1.31500	1.31568			6
2025.10.31	00:09:00.058	1.31500				2
2025.10.31	00:09:00.988		1.31572			4
2025.10.31	00:09:07.476	1.31499				2
2025.10.31	00:09:10.872	1.31498				2
2025.10.31	00:09:11.798	1.31499				2
2025.10.31	00:09:12.726	1.31498				2
2025.10.31	00:09:14.269	1.31492				2
2025.10.31	00:09:40.540	1.31490				2
2025.10.31	00:09:41.460	1.31488				2
2025.10.31	00:09:46.415	1.31491				2
2025.10.31	00:10:00.001	1.31491				2
2025.10.31	00:10:01.230		1.31572			4
2025.10.31	00:10:01.545		1.31583			4
2025.10.31	00:10:06.172	1.31489				2
2025.10.31	00:10:07.403	1.31490				2
2025.10.31	00:10:09.874		1.31584			4
2025.10.31	00:10:27.476	1.31485				2
2025.10.31	00:10:37.370	1.31493				2
2025.10.31	00:11:00.253	1.31493				2
2025.10.31	00:11:01.800		1.31634			4
2025.10.31	00:11:04.885		1.31583			4
2025.10.31	00:11:06.432	1.31479				2
2025.10.31	00:11:07.975		1.31623			4
2025.10.31	00:11:09.214		1.31583			4
2025.10.31	00:11:10.761	1.31484				2
2025.10.31	00:11:15.094		1.31628			4
2025.10.31	00:11:16.025		1.31583			4
2025.10.31	00:11:21.909		1.31628			4
2025.10.31	00:11:22.834		1.31583			4
2025.10.31	00:11:28.683		1.31628			4
2025.10.31	00:11:29.603		1.31583			4
2025.10.31	00:11:35.462		1.31628			4
2025.10.31	00:11:36.703		1.31583			4
2025.10.31	00:11:39.819	1.31493				2
2025.10.31	00:12:00.279	1.31493				2
2025.10.31	00:12:00.900	1.31486				2
2025.10.31	00:12:06.187	1.31488				2
2025.10.31	00:12:06.802	1.31487				2
2025.10.31	00:12:08.049	1.31485				2
2025.10.31	00:12:10.826	1.31486				2
2025.10.31	00:12:36.816		1.31583			4
2025.10.31	00:13:00.299	1.31486				2
2025.10.31	00:13:26.289	1.31485				2
2025.10.31	00:13:27.226	1.31486				2
2025.10.31	00:13:28.459	1.31487				2
2025.10.31	00:13:36.822		1.31583			4
2025.10.31	00:13:50.136	1.31494				2
2025.10.31	00:14:00.074	1.31494				2
2025.10.31	00:14:35.367	1.31483				2
2025.10.31	00:14:36.898		1.31583			4
2025.10.31	00:15:00.207	1.31483				2
2025.10.31	00:15:01.128		1.31582			4
2025.10.31	00:15:07.898		1.31580			4
2025.10.31	00:15:08.813		1.31581			4
2025.10.31	00:15:10.028	1.31471	1.31573			6
2025.10.31	00:15:10.332	1.31486	1.31576			6
2025.10.31	00:15:10.944	1.31487	1.31577			6
2025.10.31	00:15:11.873	1.31475				2
2025.10.31	00:15:12.190	1.31486				2
2025.10.31	00:15:12.494	1.31481	1.31571			6
2025.10.31	00:15:12.799		1.31573			4
2025.10.31	00:15:14.330		1.31574			4
2025.10.31	00:15:17.688	1.31483	1.31573			6
2025.10.31	00:15:26.251	1.31464	1.31572			6
2025.10.31	00:15:26.567	1.31471				2
2025.10.31	00:15:27.797		1.31571			4
2025.10.31	00:15:29.342		1.31572			4
2025.10.31	00:15:31.195		1.31573			4
2025.10.31	00:15:33.375	1.31470				2
2025.10.31	00:15:36.173	1.31474	1.31582			6
2025.10.31	00:15:36.784		1.31581			4
2025.10.31	00:15:37.711	1.31475				2
2025.10.31	00:15:40.188	1.31476	1.31582			6
2025.10.31	00:15:42.043	1.31475	1.31581			6
2025.10.31	00:15:43.896	1.31471	1.31574			6
2025.10.31	00:15:44.821	1.31469	1.31573			6
2025.10.31	00:15:47.933	1.31473	1.31583			6
2025.10.31	00:15:48.550		1.31582			4
2025.10.31	00:15:51.637	1.31467	1.31573			6
2025.10.31	00:15:51.944	1.31469				2
2025.10.31	00:15:55.029	1.31467	1.31579			6
2025.10.31	00:15:55.351	1.31475				2
2025.10.31	00:15:55.655		1.31580			4
2025.10.31	00:15:55.965		1.31579			4
2025.10.31	00:15:57.204		1.31580			4
2025.10.31	00:16:00.301	1.31475				2
2025.10.31	00:16:01.539	1.31470				2
2025.10.31	00:16:08.654	1.31471				2
2025.10.31	00:16:12.043	1.31468				2
2025.10.31	00:16:12.966	1.31467				2
2025.10.31	00:16:19.181	1.31463				2
2025.10.31	00:16:21.964	1.31462				2
2025.10.31	00:16:22.275	1.31463				2
2025.10.31	00:16:23.507		1.31581			4
2025.10.31	00:16:24.740	1.31462				2
2025.10.31	00:16:25.052		1.31580			4
2025.10.31	00:16:26.285	1.31463	1.31579			6
2025.10.31	00:16:27.209	1.31467				2
2025.10.31	00:16:33.723		1.31577			4
2025.10.31	00:16:34.344		1.31578			4
2025.10.31	00:16:35.892		1.31579			4
2025.10.31	00:16:47.072		1.31578			4
2025.10.31	00:16:47.692		1.31579			4
2025.10.31	00:16:48.013		1.31580			4
2025.10.31	00:16:49.270		1.31579			4
2025.10.31	00:16:49.880	1.31468				2
2025.10.31	00:16:50.193		1.31578			4
2025.10.31	00:16:57.613		1.31579			4
2025.10.31	00:17:00.091	1.31468				2
2025.10.31	00:17:05.358		1.31580			4
2025.10.31	00:17:06.288		1.31579			4
2025.10.31	00:17:11.898	1.31466	1.31581			6
2025.10.31	00:17:13.462		1.31580			4
2025.10.31	00:17:18.105	1.31467				2
2025.10.31	00:17:18.720		1.31582			4
2025.10.31	00:17:26.756		1.31580			4
2025.10.31	00:17:27.062		1.31579			4
2025.10.31	00:17:27.376		1.31580			4
2025.10.31	00:17:30.787	1.31461				2
2025.10.31	00:17:56.451	1.31455	1.31581			6
2025.10.31	00:17:56.763	1.31466				2
2025.10.31	00:18:00.165	1.31466				2
2025.10.31	00:18:01.410	1.31462				2
2025.10.31	00:18:04.512	1.31461				2
2025.10.31	00:18:07.613	1.31462				2
2025.10.31	00:18:14.410	1.31463				2
2025.10.31	00:18:18.430	1.31464				2
2025.10.31	00:18:20.893	1.31465				2
2025.10.31	00:18:21.509	1.31466				2
2025.10.31	00:18:37.001	1.31467				2
2025.10.31	00:18:43.791	1.31469				2
2025.10.31	00:18:44.103		1.31582			4
2025.10.31	00:18:45.037	1.31461				2
2025.10.31	00:18:45.341	1.31463				2
2025.10.31	00:18:49.670	1.31464				2
2025.10.31	00:19:00.204	1.31464				2
2025.10.31	00:19:02.363	1.31465				2
2025.10.31	00:19:07.024	1.31466				2
2025.10.31	00:19:12.325	1.31467				2
2025.10.31	00:19:20.678	1.31465				2
2025.10.31	00:19:44.270		1.31582			4
2025.10.31	00:20:00.068	1.31465				2
2025.10.31	00:20:00.387		1.31575			4
2025.10.31	00:20:08.772	1.31463				2
2025.10.31	00:20:14.971	1.31458				2
2025.10.31	00:20:22.097	1.31460				2
2025.10.31	00:20:23.337	1.31461				2
2025.10.31	00:20:35.400	1.31460	1.31560			6
2025.10.31	00:20:35.707	1.31459				2
2025.10.31	00:20:44.681	1.31456				2
2025.10.31	00:20:48.388	1.31460				2
2025.10.31	00:20:54.887	1.31465				2
2025.10.31	00:21:00.115	1.31465				2
2025.10.31	00:21:01.948	1.31463				2
2025.10.31	00:21:03.192	1.31464				2
2025.10.31	00:21:09.686	1.31461				2
2025.10.31	00:21:10.303	1.31464				2
2025.10.31	00:21:11.854	1.31465				2
2025.10.31	00:21:27.739	1.31463				2
2025.10.31	00:21:33.003	1.31468				2
2025.10.31	00:21:33.304	1.31472	1.31562			6
2025.10.31	00:21:33.607	1.31463	1.31560			6
2025.10.31	00:21:33.921	1.31462				2
2025.10.31	00:21:35.465		1.31561			4
2025.10.31	00:21:58.715	1.31460				2
2025.10.31	00:22:00.252	1.31460				2
2025.10.31	00:22:06.111	1.31461				2
2025.10.31	00:22:31.146	1.31456				2
2025.10.31	00:22:35.448	1.31462				2
2025.10.31	00:22:35.757		1.31561			4
2025.10.31	00:22:44.669	1.31458				2
2025.10.31	00:22:44.975	1.31468				2
2025.10.31	00:22:45.892	1.31469				2
2025.10.31	00:22:47.731	1.31465	1.31555			6
2025.10.31	00:23:00.075	1.31465				2
2025.10.31	00:23:47.977	1.31464	1.31554			6
2025.10.31	00:23:54.483	1.31462	1.31552			6
2025.10.31	00:23:57.900	1.31463	1.31553			6
2025.10.31	00:23:58.516	1.31462	1.31552			6
2025.10.31	00:24:00.070	1.31462				2
2025.10.31	00:24:00.376	1.31463	1.31553			6
2025.10.31	00:24:07.764	1.31464	1.31554			6
2025.10.31	00:24:11.478	1.31465	1.31555			6
2025.10.31	00:24:12.094	1.31466	1.31556			6
2025.10.31	00:24:26.244	1.31469	1.31555			6
2025.10.31	00:24:26.553	1.31467	1.31557			6
2025.10.31	00:24:28.700	1.31468				2
2025.10.31	00:24:34.564	1.31465	1.31555			6
2025.10.31	00:24:37.955	1.31466	1.31556			6
2025.10.31	00:24:47.536	1.31465	1.31555			6
2025.10.31	00:24:48.775	1.31466	1.31556			6
2025.10.31	00:24:49.393	1.31463	1.31553			6
2025.10.31	00:24:50.930	1.31464	1.31554			6
2025.10.31	00:24:57.422	1.31462	1.31552			6
2025.10.31	00:25:00.207	1.31462				2
2025.10.31	00:25:04.526	1.31465	1.31555			6
2025.10.31	00:25:11.328	1.31464	1.31554			6
2025.10.31	00:25:19.988	1.31465	1.31555			6
2025.10.31	00:25:27.423	1.31450	1.31573			6
2025.10.31	00:25:27.734	1.31453				2
2025.10.31	00:25:28.971	1.31454				2
2025.10.31	00:25:30.818	1.31470	1.31571			6
2025.10.31	00:25:32.367	1.31469				2
2025.10.31	00:25:35.151	1.31460	1.31557			6
2025.10.31	00:25:35.453	1.31462				2
2025.10.31	00:25:35.765	1.31464				2
2025.10.31	00:26:00.217	1.31464				2
2025.10.31	00:26:08.276	1.31465				2
2025.10.31	00:26:16.001	1.31466				2
2025.10.31	00:26:33.281	1.31467				2
2025.10.31	00:26:35.458		1.31557			4
2025.10.31	00:26:40.734	1.31468	1.31558			6
2025.10.31	00:27:00.222	1.31468				2
2025.10.31	00:27:03.000	1.31465	1.31557			6
2025.10.31	00:27:09.183	1.31466				2
2025.10.31	00:27:11.335	1.31467				2
2025.10.31	00:27:21.853	1.31468	1.31558			6
2025.10.31	00:27:29.258	1.31469	1.31559			6
2025.10.31	00:27:35.136	1.31468	1.31558			6
2025.10.31	00:27:36.677	1.31469	1.31559			6
2025.10.31	00:27:52.731	1.31467	1.31557			6
2025.10.31	00:27:53.038	1.31468	1.31558			6
2025.10.31	00:28:00.123	1.31468				2
2025.10.31	00:28:35.110	1.31467	1.31557			6
2025.10.31	00:29:00.135	1.31467				2
2025.10.31	00:29:35.074	1.31468	1.31558			6
2025.10.31	00:30:00.164	1.31468				2
2025.10.31	00:30:05.130	1.31467	1.31557			6
2025.10.31	00:30:11.915	1.31468	1.31558			6
2025.10.31	00:30:13.762	1.31469	1.31559			6
2025.10.31	00:30:14.072	1.31466	1.31557			6
2025.10.31	00:30:14.378	1.31467				2
2025.10.31	00:30:14.996	1.31468	1.31558			6
2025.10.31	00:30:20.222	1.31469	1.31559			6
2025.10.31	00:30:23.604	1.31467	1.31557			6
2025.10.31	00:30:26.981	1.31468	1.31558			6
2025.10.31	00:30:29.436	1.31469	1.31559			6
2025.10.31	00:30:41.117	1.31470	1.31560			6
2025.10.31	00:30:45.111	1.31471	1.31561			6
2025.10.31	00:30:54.699	1.31472				2
2025.10.31	00:30:55.636	1.31473	1.31562			6
2025.10.31	00:30:55.948		1.31563			4
2025.10.31	00:30:56.251		1.31562			4
2025.10.31	00:30:56.865		1.31561			4
2025.10.31	00:31:00.275	1.31473				2
2025.10.31	00:31:00.887		1.31563			4
2025.10.31	00:31:02.745	1.31474	1.31561			6
2025.10.31	00:31:03.676		1.31563			4
2025.10.31	00:31:03.986		1.31561			4
2025.10.31	00:31:04.296		1.31563			4
2025.10.31	00:31:05.222		1.31561			4
2025.10.31	00:31:12.025		1.31562			4
2025.10.31	00:31:14.191		1.31564			4
2025.10.31	00:31:14.497		1.31563			4
2025.10.31	00:31:17.281		1.31562			4
2025.10.31	00:31:18.516		1.31561			4
2025.10.31	00:31:26.839		1.31564			4
2025.10.31	00:31:28.078		1.31561			4
2025.10.31	00:31:31.175	1.31475				2
2025.10.31	00:31:49.074		1.31564			4
2025.10.31	00:31:53.998		1.31565			4
2025.10.31	00:32:00.164	1.31475				2
2025.10.31	00:32:13.749		1.31562			4
2025.10.31	00:32:14.672		1.31561			4
2025.10.31	00:32:15.604	1.31476				2
2025.10.31	00:32:20.543		1.31560			4
2025.10.31	00:32:31.978		1.31561			4
2025.10.31	00:32:38.153		1.31562			4
2025.10.31	00:32:38.766		1.31560			4
2025.10.31	00:32:40.624		1.31561			4
2025.10.31	00:32:46.487		1.31560			4
2025.10.31	00:32:59.464		1.31559			4
2025.10.31	00:33:00.085	1.31476				2
2025.10.31	00:33:02.556		1.31561			4
2025.10.31	00:33:02.865		1.31560			4
2025.10.31	00:33:12.134		1.31559			4
2025.10.31	00:33:16.767	1.31475	1.31565			6
2025.10.31	00:33:22.031	1.31476	1.31566			6
2025.10.31	00:33:22.351		1.31565			4
2025.10.31	00:33:25.125		1.31566			4
2025.10.31	00:33:26.050	1.31475	1.31565			6
2025.10.31	00:33:26.982	1.31474	1.31564			6
2025.10.31	00:34:00.062	1.31474				2
2025.10.31	00:34:18.629		1.31563			4
2025.10.31	00:34:19.248	1.31475				2
2025.10.31	00:34:27.906		1.31556			4
2025.10.31	00:34:28.213		1.31563			4
2025.10.31	00:34:28.520		1.31556			4
2025.10.31	00:34:28.831		1.31563			4
2025.10.31	00:34:29.139		1.31556			4
2025.10.31	00:34:29.451		1.31563			4
2025.10.31	00:34:29.756		1.31556			4
2025.10.31	00:34:30.065		1.31563			4
2025.10.31	00:34:30.374		1.31556			4
2025.10.31	00:34:30.684		1.31563			4
2025.10.31	00:34:30.991		1.31556			4
2025.10.31	00:34:31.302		1.31562			4
2025.10.31	00:34:34.392	1.31474				2
2025.10.31	00:34:37.177		1.31561			4
2025.10.31	00:34:44.932		1.31558			4
2025.10.31	00:34:45.244	1.31475				2
2025.10.31	00:34:46.169	1.31474	1.31559			6
2025.10.31	00:34:46.472	1.31471	1.31561			6
2025.10.31	00:34:47.102		1.31558			4
2025.10.31	00:34:49.891		1.31559			4
2025.10.31	00:34:59.155	1.31472				2
2025.10.31	00:35:00.083	1.31472				2
2025.10.31	00:35:01.320	1.31476				2
2025.10.31	00:35:03.182	1.31472				2
2025.10.31	00:35:03.491	1.31476	1.31558			6
2025.10.31	00:35:03.799	1.31472	1.31560			6
2025.10.31	00:35:04.112	1.31476				2
2025.10.31	00:35:04.734	1.31472	1.31559			6
2025.10.31	00:35:05.047	1.31476				2
2025.10.31	00:35:05.356	1.31475				2
2025.10.31	00:35:05.663	1.31474	1.31560			6
2025.10.31	00:35:05.972		1.31561			4
2025.10.31	00:35:08.135		1.31558			4
2025.10.31	00:35:10.607	1.31475				2
2025.10.31	00:35:15.257	1.31470	1.31560			6
2025.10.31	00:35:15.567	1.31471	1.31561			6
2025.10.31	00:35:15.875	1.31475	1.31565			6
2025.10.31	00:35:20.217	1.31470	1.31560			6
2025.10.31	00:35:21.144	1.31473	1.31563			6
2025.10.31	00:35:21.453	1.31469	1.31559			6
2025.10.31	00:35:22.075	1.31467	1.31557			6
2025.10.31	00:35:24.229	1.31466	1.31556			6
2025.10.31	00:35:25.157	1.31470	1.31560			6
2025.10.31	00:35:25.778	1.31468	1.31558			6
2025.10.31	00:35:26.086	1.31471	1.31561			6
2025.10.31	00:35:27.012	1.31467	1.31557			6
2025.10.31	00:35:28.243	1.31466	1.31556			6
2025.10.31	00:35:29.177	1.31470	1.31560			6
2025.10.31	00:35:29.481	1.31466	1.31556			6
2025.10.31	00:35:29.789	1.31470	1.31560			6
2025.10.31	00:35:30.097	1.31467	1.31557			6
2025.10.31	00:35:31.024	1.31466	1.31556			6
2025.10.31	00:35:35.037	1.31469	1.31559			6
2025.10.31	00:35:35.656	1.31467	1.31557			6
2025.10.31	00:35:35.966	1.31469	1.31559			6
2025.10.31	00:35:36.274	1.31470	1.31560			6
2025.10.31	00:35:36.587	1.31468	1.31558			6
2025.10.31	00:35:36.891	1.31469	1.31559			6
2025.10.31	00:35:37.822	1.31473	1.31563			6
2025.10.31	00:35:38.130	1.31469	1.31559			6
2025.10.31	00:35:45.248	1.31470	1.31560			6
2025.10.31	00:36:00.116	1.31470				2
2025.10.31	00:36:31.354	1.31469	1.31559			6
2025.10.31	00:36:31.662	1.31470	1.31560			6
2025.10.31	00:36:35.388	1.31471	1.31561			6
2025.10.31	00:36:37.256	1.31468	1.31558			6
2025.10.31	00:36:37.572	1.31469	1.31559			6
2025.10.31	00:36:41.269	1.31470	1.31560			6
2025.10.31	00:36:47.154	1.31469	1.31559			6
2025.10.31	00:36:47.464	1.31470	1.31560			6
2025.10.31	00:36:53.952	1.31469	1.31559			6
2025.10.31	00:36:54.259	1.31473	1.31563			6
2025.10.31	00:36:54.879	1.31469	1.31559			6
2025.10.31	00:36:56.118	1.31470	1.31560			6
2025.10.31	00:36:56.428	1.31469	1.31559			6
2025.10.31	00:37:00.135	1.31469				2
2025.10.31	00:37:05.383	1.31468	1.31558			6
2025.10.31	00:37:05.694	1.31469	1.31559			6
2025.10.31	00:37:14.349	1.31470	1.31560			6
2025.10.31	00:37:23.651	1.31469	1.31559			6
2025.10.31	00:37:23.955	1.31468	1.31558			6
2025.10.31	00:37:25.201	1.31470	1.31560			6
2025.10.31	00:37:26.125	1.31469	1.31559			6
2025.10.31	00:37:33.248	1.31473	1.31563			6
2025.10.31	00:37:34.180	1.31469	1.31559			6
2025.10.31	00:37:35.115	1.31473	1.31563			6
2025.10.31	00:37:36.053	1.31469	1.31559			6
2025.10.31	00:37:36.980	1.31473	1.31563			6
2025.10.31	00:37:37.916	1.31469	1.31559			6
2025.10.31	00:37:40.696	1.31470	1.31560			6
2025.10.31	00:37:41.315	1.31469	1.31559			6
2025.10.31	00:37:43.180	1.31471	1.31561			6
2025.10.31	00:37:43.800	1.31472	1.31562			6
2025.10.31	00:37:44.111	1.31474	1.31564			6
2025.10.31	00:37:44.419	1.31475	1.31565			6
2025.10.31	00:37:45.042	1.31476	1.31566			6
2025.10.31	00:37:52.449	1.31478				2
2025.10.31	00:37:52.757	1.31480				2
2025.10.31	00:37:53.070	1.31478				2
2025.10.31	00:38:00.181	1.31477				2
2025.10.31	00:38:02.386	1.31467	1.31557			6
2025.10.31	00:38:02.692	1.31470	1.31560			6
2025.10.31	00:38:03.004	1.31474	1.31558			6
2025.10.31	00:38:03.316	1.31478	1.31561			6
2025.10.31	00:38:03.619	1.31475	1.31563			6
2025.10.31	00:38:04.247		1.31562			4
2025.10.31	00:38:04.560	1.31476	1.31563			6
2025.10.31	00:38:06.111	1.31479	1.31564			6
2025.10.31	00:38:06.719		1.31563			4
2025.10.31	00:38:07.342		1.31564			4
2025.10.31	00:38:07.648		1.31563			4
2025.10.31	00:38:08.273	1.31478				2
2025.10.31	00:38:08.891		1.31564			4
2025.10.31	00:38:10.751		1.31562			4
2025.10.31	00:38:12.296		1.31563			4
2025.10.31	00:38:12.912		1.31561			4
2025.10.31	00:38:16.626	1.31477	1.31564			6
2025.10.31	00:38:18.800		1.31565			4
2025.10.31	00:38:22.001		1.31564			4
2025.10.31	00:38:22.633		1.31563			4
2025.10.31	00:38:22.939		1.31561			4
2025.10.31	00:38:24.178		1.31560			4
2025.10.31	00:38:25.416		1.31559			4
2025.10.31	00:38:25.725		1.31560			4
2025.10.31	00:38:26.031		1.31561			4
2025.10.31	00:38:26.340		1.31559			4
2025.10.31	00:38:30.046		1.31561			4
2025.10.31	00:38:30.353	1.31471				2
2025.10.31	00:38:32.823	1.31469	1.31559			6
2025.10.31	00:38:33.136	1.31470	1.31560			6
2025.10.31	00:38:34.065	1.31477				2
2025.10.31	00:38:37.766		1.31561			4
2025.10.31	00:38:39.622		1.31560			4
2025.10.31	00:38:40.856		1.31561			4
2025.10.31	00:38:41.476		1.31562			4
2025.10.31	00:38:41.781	1.31474	1.31564			6
2025.10.31	00:38:42.099	1.31477	1.31566			6
2025.10.31	00:38:42.420	1.31479	1.31565			6
2025.10.31	00:38:47.967		1.31567			4
2025.10.31	00:38:49.463		1.31565			4
2025.10.31	00:39:00.467	1.31479				2
2025.10.31	00:39:05.469	1.31480				2
2025.10.31	00:39:05.775	1.31479				2
2025.10.31	00:39:08.888		1.31567			4
2025.10.31	00:39:09.969		1.31565			4
2025.10.31	00:39:30.669	1.31482				2
2025.10.31	00:39:30.971	1.31481				2
2025.10.31	00:39:31.376	1.31482	1.31568			6
2025.10.31	00:39:31.687	1.31481	1.31567			6
2025.10.31	00:39:32.372	1.31480	1.31568			6
2025.10.31	00:39:32.687	1.31482				2
2025.10.31	00:39:33.116	1.31481				2
2025.10.31	00:39:33.437	1.31483				2
2025.10.31	00:39:33.753		1.31567			4
2025.10.31	00:39:34.075	1.31482				2
2025.10.31	00:39:40.887	1.31483				2
2025.10.31	00:39:42.124	1.31482				2
2025.10.31	00:39:48.612	1.31481				2
2025.10.31	00:39:49.844	1.31480				2
2025.10.31	00:39:52.006	1.31483				2
2025.10.31	00:40:00.054	1.31483				2
2025.10.31	00:40:02.239	1.31482				2
2025.10.31	00:40:13.038	1.31479				2
2025.10.31	00:40:18.299	1.31480				2
2025.10.31	00:40:21.412	1.31483				2
2025.10.31	00:40:22.025	1.31482				2
2025.10.31	00:40:26.032	1.31483				2
2025.10.31	00:40:26.344	1.31482				2
2025.10.31	00:40:27.273	1.31483				2
2025.10.31	00:40:33.776		1.31567			4
2025.10.31	00:41:00.088	1.31483				2
2025.10.31	00:41:09.067	1.31480				2
2025.10.31	00:41:13.085	1.31479				2
2025.10.31	00:41:15.245	1.31480				2
2025.10.31	00:41:20.823	1.31478				2
2025.10.31	00:41:22.677	1.31479				2
2025.10.31	00:41:25.760	1.31480				2
2025.10.31	00:41:31.669	1.31479				2
2025.10.31	00:41:33.830		1.31567			4
2025.10.31	00:41:36.912	1.31481				2
2025.10.31	00:41:37.522	1.31479				2
2025.10.31	00:41:45.254	1.31480				2
2025.10.31	00:41:49.583	1.31478	1.31566			6
2025.10.31	00:41:49.894	1.31485	1.31563			6
2025.10.31	00:41:50.200	1.31480	1.31567			6
2025.10.31	00:41:51.228	1.31481				2
2025.10.31	00:41:51.537		1.31566			4
2025.10.31	00:41:54.401	1.31482				2
2025.10.31	00:41:56.251	1.31481				2
2025.10.31	00:41:58.287	1.31482	1.31568			6
2025.10.31	00:41:58.788	1.31481	1.31567			6
2025.10.31	00:41:59.754	1.31482				2
2025.10.31	00:42:00.063	1.31481				2
2025.10.31	00:42:03.260	1.31482				2
2025.10.31	00:42:04.497	1.31481				2
2025.10.31	00:42:11.858	1.31480	1.31569			6
2025.10.31	00:42:12.484	1.31482				2
2025.10.31	00:42:13.099	1.31483	1.31568			6
2025.10.31	00:42:13.650	1.31488	1.31567			6
2025.10.31	00:42:13.975	1.31484				2
2025.10.31	00:42:14.279	1.31485				2
2025.10.31	00:42:14.649	1.31490	1.31569			6
2025.10.31	00:42:15.149	1.31485	1.31570			6
2025.10.31	00:42:15.470	1.31491	1.31569			6
2025.10.31	00:42:16.151	1.31486	1.31567			6
2025.10.31	00:42:16.650	1.31490	1.31569			6
2025.10.31	00:42:16.962	1.31487				2
2025.10.31	00:42:17.579	1.31490				2
2025.10.31	00:42:18.148	1.31486	1.31568			6
2025.10.31	00:42:18.649	1.31491				2
2025.10.31	00:42:19.152	1.31486	1.31567			6
2025.10.31	00:42:19.650	1.31490	1.31569			6
2025.10.31	00:42:20.152	1.31486	1.31567			6
2025.10.31	00:42:20.649	1.31490	1.31569			6
2025.10.31	00:42:21.151	1.31487				2
2025.10.31	00:42:21.650	1.31490				2
2025.10.31	00:42:22.153	1.31486				2
2025.10.31	00:42:22.649	1.31490				2
2025.10.31	00:42:23.150	1.31487				2
2025.10.31	00:42:23.654	1.31491				2
2025.10.31	00:42:24.130	1.31486				2
2025.10.31	00:42:24.626	1.31489				2
2025.10.31	00:42:24.972	1.31486				2
2025.10.31	00:42:25.649	1.31489				2
2025.10.31	00:42:26.151	1.31486				2
2025.10.31	00:42:26.649	1.31489				2
2025.10.31	00:42:27.151	1.31486				2
2025.10.31	00:42:27.492	1.31488				2
2025.10.31	00:42:28.153	1.31485				2
2025.10.31	00:42:28.654	1.31488				2
2025.10.31	00:42:29.116	1.31487				2
2025.10.31	00:42:29.649	1.31490				2
2025.10.31	00:42:30.134	1.31485				2
2025.10.31	00:42:30.648	1.31489				2
2025.10.31	00:42:31.153	1.31486				2
2025.10.31	00:42:31.654	1.31488				2
2025.10.31	00:42:32.108	1.31487				2
2025.10.31	00:42:32.655	1.31490				2
2025.10.31	00:42:33.150	1.31487				2
2025.10.31	00:42:33.651	1.31490				2
2025.10.31	00:42:34.150	1.31487	1.31570			6
2025.10.31	00:42:34.655	1.31490				2
2025.10.31	00:42:35.155	1.31487	1.31567			6
2025.10.31	00:42:35.651	1.31490				2
2025.10.31	00:42:36.151	1.31487				2
2025.10.31	00:42:36.651	1.31490				2
2025.10.31	00:42:37.149	1.31487				2
2025.10.31	00:42:37.650	1.31490				2
2025.10.31	00:42:38.152	1.31487				2
2025.10.31	00:42:38.649	1.31490				2
2025.10.31	00:42:39.150	1.31487				2
2025.10.31	00:42:39.650	1.31490				2
2025.10.31	00:42:40.150	1.31487				2
2025.10.31	00:42:40.650	1.31491				2
2025.10.31	00:42:41.149	1.31488				2
2025.10.31	00:42:41.650	1.31491				2
2025.10.31	00:42:41.975	1.31487	1.31565			6
2025.10.31	00:42:42.649	1.31492				2
2025.10.31	00:42:43.154	1.31487				2
2025.10.31	00:42:43.648	1.31491				2
2025.10.31	00:42:44.150	1.31487				2
2025.10.31	00:42:44.649	1.31490				2
2025.10.31	00:42:45.009	1.31487				2
2025.10.31	00:42:45.651	1.31490				2
2025.10.31	00:42:46.151	1.31487				2
2025.10.31	00:42:46.651	1.31491				2
2025.10.31	00:42:47.017	1.31487				2
2025.10.31	00:42:47.616	1.31490	1.31570			6
2025.10.31	00:42:48.152	1.31486				2
2025.10.31	00:42:48.655	1.31489				2
2025.10.31	00:42:49.107	1.31487				2
2025.10.31	00:42:49.650	1.31492	1.31565			6
2025.10.31	00:42:50.152	1.31483				2
2025.10.31	00:42:50.470	1.31482				2
2025.10.31	00:42:50.775	1.31483				2
2025.10.31	00:42:51.086		1.31563			4
2025.10.31	00:42:51.392		1.31561			4
2025.10.31	00:42:52.011	1.31482	1.31564			6
2025.10.31	00:42:52.926	1.31484	1.31560			6
2025.10.31	00:42:54.468		1.31565			4
2025.10.31	00:42:54.774	1.31485				2
2025.10.31	00:42:56.927	1.31484				2
2025.10.31	00:42:57.670	1.31485				2
2025.10.31	00:42:59.612	1.31484				2
2025.10.31	00:42:59.930	1.31485	1.31566			6
2025.10.31	00:43:00.247	1.31484	1.31567			6
2025.10.31	00:43:00.554	1.31483				2
2025.10.31	00:43:00.864	1.31484				2
2025.10.31	00:43:01.791	1.31483				2
2025.10.31	00:43:03.599	1.31485	1.31564			6
2025.10.31	00:43:04.213		1.31566			4
2025.10.31	00:43:04.522		1.31565			4
2025.10.31	00:43:04.969	1.31484	1.31566			6
2025.10.31	00:43:05.585	1.31485	1.31565			6
2025.10.31	00:43:06.170	1.31484	1.31566			6
2025.10.31	00:43:06.472	1.31485	1.31565			6
2025.10.31	00:43:07.214	1.31484	1.31566			6
2025.10.31	00:43:07.517	1.31486	1.31565			6
2025.10.31	00:43:07.822	1.31485				2
2025.10.31	00:43:08.213	1.31484	1.31566			6
2025.10.31	00:43:08.517	1.31485	1.31564			6
2025.10.31	00:43:09.215	1.31486				2
2025.10.31	00:43:09.526		1.31565			4
2025.10.31	00:43:09.832	1.31485				2
2025.10.31	00:43:10.165	1.31483				2
2025.10.31	00:43:10.471	1.31485				2
2025.10.31	00:43:11.213	1.31484				2
2025.10.31	00:43:11.524	1.31485				2
2025.10.31	00:43:13.214	1.31484				2
2025.10.31	00:43:13.832	1.31485				2
2025.10.31	00:43:14.134	1.31484				2
2025.10.31	00:43:14.440	1.31485				2
2025.10.31	00:43:15.369	1.31484				2
2025.10.31	00:43:16.906	1.31485				2
2025.10.31	00:43:17.522	1.31484				2
2025.10.31	00:43:18.445		1.31566			4
2025.10.31	00:43:18.751		1.31565			4
2025.10.31	00:43:19.215	1.31488				2
2025.10.31	00:43:19.526	1.31485				2
2025.10.31	00:43:19.967	1.31484				2
2025.10.31	00:43:20.286	1.31489				2
2025.10.31	00:43:20.591	1.31485				2
2025.10.31	00:43:21.214	1.31487				2
2025.10.31	00:43:21.531	1.31485				2
2025.10.31	00:43:23.215	1.31487				2
2025.10.31	00:43:23.525	1.31485				2
2025.10.31	00:43:24.217	1.31484				2
2025.10.31	00:43:24.527	1.31488				2
2025.10.31	00:43:25.141	1.31485				2
2025.10.31	00:43:25.451		1.31566			4
2025.10.31	00:43:25.755	1.31484				2
2025.10.31	00:43:26.057	1.31489	1.31565			6
2025.10.31	00:43:26.373	1.31486				2
2025.10.31	00:43:26.681	1.31485				2
2025.10.31	00:43:26.990	1.31484				2
2025.10.31	00:43:27.297	1.31485				2
2025.10.31	00:43:28.533	1.31484	1.31566			6
2025.10.31	00:43:28.842	1.31485	1.31569			6
2025.10.31	00:43:29.213	1.31488	1.31565			6
2025.10.31	00:43:29.648	1.31487				2
2025.10.31	00:43:29.969	1.31490				2
2025.10.31	00:43:30.287	1.31493				2
2025.10.31	00:43:30.716	1.31489				2
2025.10.31	00:43:31.213	1.31492				2
2025.10.31	00:43:31.635	1.31489				2
2025.10.31	00:43:32.216	1.31493				2
2025.10.31	00:43:32.715	1.31490				2
2025.10.31	00:43:33.029	1.31494	1.31567			6
2025.10.31	00:43:33.556	1.31492	1.31565			6
2025.10.31	00:43:34.214	1.31494	1.31567			6
2025.10.31	00:43:34.714	1.31492	1.31565			6
2025.10.31	00:43:35.043	1.31493	1.31567			6
2025.10.31	00:43:35.626	1.31491	1.31565			6
2025.10.31	00:43:35.935	1.31492				2
2025.10.31	00:43:36.716	1.31491	1.31566			6
2025.10.31	00:43:37.029	1.31493				2
2025.10.31	00:43:37.717	1.31491				2
2025.10.31	00:43:38.216	1.31493				2
2025.10.31	00:43:38.715	1.31491				2
2025.10.31	00:43:39.214	1.31493				2
2025.10.31	00:43:39.722	1.31491				2
2025.10.31	00:43:40.215	1.31493				2
2025.10.31	00:43:40.716	1.31491				2
2025.10.31	00:43:41.077	1.31493				2
2025.10.31	00:43:41.715	1.31492				2
2025.10.31	00:43:42.217	1.31493				2
2025.10.31	00:43:42.716	1.31491				2
2025.10.31	00:43:43.214	1.31486				2
2025.10.31	00:43:43.825	1.31485				2
2025.10.31	00:43:44.135	1.31484				2
2025.10.31	00:43:44.439	1.31488				2
2025.10.31	00:43:44.748	1.31485				2
2025.10.31	00:43:45.055	1.31489				2
2025.10.31	00:43:45.360	1.31487	1.31568			6
2025.10.31	00:43:45.672	1.31486	1.31567			6
2025.10.31	00:43:45.980		1.31569			4
2025.10.31	00:43:46.285	1.31485				2
2025.10.31	00:43:46.593	1.31488	1.31567			6
2025.10.31	00:43:46.898	1.31485				2
2025.10.31	00:43:47.212	1.31488	1.31569			6
2025.10.31	00:43:47.514	1.31486	1.31567			6
2025.10.31	00:43:48.134	1.31485	1.31568			6
2025.10.31	00:43:49.095		1.31569			4
2025.10.31	00:43:49.707		1.31567			4
2025.10.31	00:43:50.016	1.31484	1.31566			6
2025.10.31	00:43:50.326	1.31485	1.31569			6
2025.10.31	00:43:50.633	1.31484	1.31567			6
2025.10.31	00:43:51.254	1.31485	1.31569			6
2025.10.31	00:43:51.561		1.31568			4
2025.10.31	00:43:52.179	1.31484	1.31569			6
2025.10.31	00:43:52.488	1.31485	1.31567			6
2025.10.31	00:43:53.102		1.31568			4
2025.10.31	00:43:53.412	1.31484				2
2025.10.31	00:43:53.715	1.31488				2
2025.10.31	00:43:54.030	1.31487				2
2025.10.31	00:43:54.340	1.31489				2
2025.10.31	00:43:54.647	1.31488				2
2025.10.31	00:43:55.263	1.31486				2
2025.10.31	00:43:55.570	1.31487	1.31567			6
2025.10.31	00:43:55.875	1.31486				2
2025.10.31	00:43:56.183	1.31487				2
2025.10.31	00:43:56.487	1.31485				2
2025.10.31	00:43:56.801	1.31487				2
2025.10.31	00:43:57.112		1.31568			4
2025.10.31	00:43:57.417	1.31484	1.31566			6
2025.10.31	00:43:57.725	1.31486				2
2025.10.31	00:43:58.345	1.31488				2
2025.10.31	00:43:58.652	1.31485	1.31564			6
2025.10.31	00:43:58.957	1.31484	1.31566			6
2025.10.31	00:43:59.265	1.31487				2
2025.10.31	00:43:59.573	1.31488				2
2025.10.31	00:43:59.881	1.31486				2
2025.10.31	00:44:00.191	1.31485				2
2025.10.31	00:44:00.497	1.31488				2
2025.10.31	00:44:00.820	1.31485				2
2025.10.31	00:44:02.057	1.31484				2
2025.10.31	00:44:02.363	1.31488				2
2025.10.31	00:44:02.677	1.31487				2
2025.10.31	00:44:02.985	1.31489				2
2025.10.31	00:44:03.297	1.31488				2
2025.10.31	00:44:03.604	1.31485	1.31565			6
2025.10.31	00:44:04.218	1.31487	1.31566			6
2025.10.31	00:44:04.518		1.31563			4
2025.10.31	00:44:04.922		1.31564			4
2025.10.31	00:44:05.241	1.31484	1.31566			6
2025.10.31	00:44:05.547	1.31488	1.31564			6
2025.10.31	00:44:06.162	1.31484	1.31566			6
2025.10.31	00:44:06.716	1.31486	1.31564			6
2025.10.31	00:44:07.217	1.31485	1.31567			6
2025.10.31	00:44:07.523	1.31486	1.31564			6
2025.10.31	00:44:08.214	1.31484	1.31566			6
2025.10.31	00:44:08.688	1.31486	1.31564			6
2025.10.31	00:44:09.090		1.31566			4
2025.10.31	00:44:09.713		1.31564			4
2025.10.31	00:44:10.037	1.31485	1.31565			6
2025.10.31	00:44:10.657	1.31486	1.31564			6
2025.10.31	00:44:11.216		1.31565			4
2025.10.31	00:44:11.521		1.31564			4
2025.10.31	00:44:12.215	1.31487	1.31565			6
2025.10.31	00:44:12.538	1.31486	1.31564			6
2025.10.31	00:44:13.214	1.31485	1.31565			6
2025.10.31	00:44:13.516	1.31486	1.31564			6
2025.10.31	00:44:14.215		1.31566			4
2025.10.31	00:44:14.522	1.31489	1.31564			6
2025.10.31	00:44:15.136	1.31490	1.31566			6
2025.10.31	00:44:15.451	1.31485	1.31565			6
2025.10.31	00:44:15.786	1.31486	1.31564			6
2025.10.31	00:44:16.101		1.31566			4
2025.10.31	00:44:16.715	1.31485	1.31565			6
2025.10.31	00:44:17.215	1.31486	1.31567			6
2025.10.31	00:44:17.528	1.31489	1.31564			6
2025.10.31	00:44:18.143	1.31486	1.31566			6
2025.10.31	00:44:18.454	1.31485	1.31565			6
2025.10.31	00:44:18.781	1.31487	1.31564			6
2025.10.31	00:44:19.103	1.31485	1.31566			6
2025.10.31	00:44:19.411	1.31486				2
2025.10.31	00:44:20.026	1.31488				2
2025.10.31	00:44:20.331	1.31485				2
2025.10.31	00:44:20.643	1.31486	1.31565			6
2025.10.31	00:44:20.952		1.31566			4
2025.10.31	00:44:21.262	1.31488	1.31567			6
2025.10.31	00:44:21.576	1.31485	1.31565			6
2025.10.31	00:44:22.217		1.31567			4
2025.10.31	00:44:22.522	1.31486	1.31565			6
2025.10.31	00:44:23.142		1.31566			4
2025.10.31	00:44:23.448	1.31487	1.31565			6
2025.10.31	00:44:24.065	1.31485	1.31567			6
2025.10.31	00:44:24.375	1.31486				2
2025.10.31	00:44:24.684	1.31487	1.31566			6
2025.10.31	00:44:24.991	1.31485	1.31567			6
2025.10.31	00:44:25.297	1.31488				2
2025.10.31	00:44:25.608	1.31485	1.31565			6
2025.10.31	00:44:26.215	1.31486	1.31566			6
2025.10.31	00:44:26.515		1.31564			4
2025.10.31	00:44:27.048	1.31484	1.31566			6
2025.10.31	00:44:27.715	1.31488	1.31565			6
2025.10.31	00:44:28.023	1.31486	1.31566			6
2025.10.31	00:44:28.329		1.31568			4
2025.10.31	00:44:28.637	1.31489	1.31566			6
2025.10.31	00:44:28.946	1.31488	1.31568			6
2025.10.31	00:44:29.254	1.31486				2
2025.10.31	00:44:29.568		1.31566			4
2025.10.31	00:44:29.874	1.31485				2
2025.10.31	00:44:30.185	1.31487				2
2025.10.31	00:44:30.802	1.31485				2
2025.10.31	00:44:31.112	1.31486	1.31567			6
2025.10.31	00:44:31.720		1.31565			4
2025.10.31	00:44:32.033		1.31567			4
2025.10.31	00:44:32.650	1.31488	1.31565			6
2025.10.31	00:44:32.951	1.31486	1.31567			6
2025.10.31	00:44:33.577	1.31483	1.31565			6
2025.10.31	00:44:33.887	1.31481	1.31562			6
2025.10.31	00:44:34.196	1.31483	1.31565			6
2025.10.31	00:44:34.510	1.31485	1.31564			6
2025.10.31	00:44:34.815	1.31484				2
2025.10.31	00:44:35.125		1.31565			4
2025.10.31	00:44:35.740	1.31481	1.31560			6
2025.10.31	00:44:36.050	1.31482	1.31564			6
2025.10.31	00:44:36.357	1.31485	1.31565			6
2025.10.31	00:44:36.674	1.31481	1.31560			6
2025.10.31	00:44:36.979	1.31482	1.31561			6
2025.10.31	00:44:37.288	1.31484	1.31562			6
2025.10.31	00:44:37.597	1.31483	1.31560			6
2025.10.31	00:44:37.907	1.31487				2
2025.10.31	00:44:38.216	1.31485	1.31562			6
2025.10.31	00:44:38.517	1.31481	1.31559			6
2025.10.31	00:44:38.825		1.31560			4
2025.10.31	00:44:39.144	1.31483	1.31562			6
2025.10.31	00:44:39.446	1.31482	1.31560			6
2025.10.31	00:44:39.754		1.31562			4
2025.10.31	00:44:40.062	1.31481				2
2025.10.31	00:44:40.370	1.31483				2
2025.10.31	00:44:40.678	1.31482	1.31560			6
2025.10.31	00:44:40.987	1.31483	1.31562			6
2025.10.31	00:44:41.606	1.31482	1.31560			6
2025.10.31	00:44:42.215	1.31485	1.31562			6
2025.10.31	00:44:42.532	1.31483	1.31560			6
2025.10.31	00:44:42.842	1.31484	1.31561			6
2025.10.31	00:44:43.152	1.31485	1.31565			6
2025.10.31	00:44:43.462	1.31484	1.31562			6
2025.10.31	00:44:43.769	1.31486				2
2025.10.31	00:44:44.082	1.31484	1.31564			6
2025.10.31	00:44:44.699	1.31483	1.31560			6
2025.10.31	00:44:45.004	1.31484	1.31563			6
2025.10.31	00:44:45.622	1.31483	1.31561			6
2025.10.31	00:44:46.236		1.31563			4
2025.10.31	00:44:46.548	1.31482	1.31560			6
2025.10.31	00:44:46.854	1.31483				2
2025.10.31	00:44:47.166		1.31562			4
2025.10.31	00:44:47.476	1.31482	1.31560			6
2025.10.31	00:44:47.786	1.31481				2
2025.10.31	00:44:48.093		1.31562			4
2025.10.31	00:44:48.402	1.31483				2
2025.10.31	00:44:48.710	1.31481	1.31561			6
2025.10.31	00:44:49.022	1.31483	1.31564			6
2025.10.31	00:44:49.637	1.31481	1.31560			6
2025.10.31	00:44:49.947	1.31484	1.31562			6
2025.10.31	00:44:50.253		1.31563			4
2025.10.31	00:44:50.561	1.31482	1.31560			6
2025.10.31	00:44:50.870	1.31483				2
2025.10.31	00:44:51.180	1.31485	1.31562			6
2025.10.31	00:44:51.489	1.31484	1.31561			6
2025.10.31	00:44:51.793	1.31482	1.31560			6
2025.10.31	00:44:52.109	1.31484	1.31563			6
2025.10.31	00:44:52.418	1.31485				2
2025.10.31	00:44:52.736	1.31483	1.31561			6
2025.10.31	00:44:53.053	1.31484	1.31563			6
2025.10.31	00:44:53.674	1.31483	1.31561			6
2025.10.31	00:44:53.987	1.31482	1.31563			6
2025.10.31	00:44:54.303	1.31483				2
2025.10.31	00:44:54.616	1.31487	1.31562			6
2025.10.31	00:44:54.921	1.31484				2
2025.10.31	00:44:55.227		1.31565			4
2025.10.31	00:44:55.536	1.31485	1.31563			6
2025.10.31	00:44:56.151	1.31487	1.31565			6
2025.10.31	00:44:56.457	1.31485	1.31563			6
2025.10.31	00:44:57.073	1.31483	1.31564			6
2025.10.31	00:44:57.691	1.31482	1.31561			6
2025.10.31	00:44:58.000	1.31481	1.31562			6
2025.10.31	00:44:58.301	1.31485	1.31564			6
2025.10.31	00:44:58.616	1.31483	1.31561			6
2025.10.31	00:44:59.233		1.31564			4
2025.10.31	00:44:59.542	1.31482	1.31561			6
2025.10.31	00:45:00.158	1.31483	1.31564			6
2025.10.31	00:45:00.469		1.31562			4
2025.10.31	00:45:01.087	1.31485	1.31565			6
2025.10.31	00:45:01.395	1.31484				2
2025.10.31	00:45:01.707	1.31481	1.31562			6
2025.10.31	00:45:02.017		1.31565			4
2025.10.31	00:45:02.405	1.31485				2
2025.10.31	00:45:02.716	1.31483	1.31562			6
2025.10.31	00:45:03.029	1.31484	1.31574			6
2025.10.31	00:45:03.333	1.31485	1.31575			6
2025.10.31	00:45:03.639	1.31484	1.31574			6
2025.10.31	00:45:03.954	1.31482	1.31572			6
2025.10.31	00:45:04.255	1.31484	1.31574			6
2025.10.31	00:45:04.561	1.31485	1.31575			6
2025.10.31	00:45:04.877	1.31484	1.31574			6
2025.10.31	00:45:05.186	1.31485	1.31575			6
2025.10.31	00:45:05.498	1.31482	1.31572			6
2025.10.31	00:45:05.805	1.31484	1.31574			6
2025.10.31	00:45:06.741	1.31483	1.31562			6
2025.10.31	00:45:07.048	1.31485	1.31565			6
2025.10.31	00:45:07.354	1.31484	1.31566			6
2025.10.31	00:45:07.668	1.31482	1.31563			6
2025.10.31	00:45:07.974	1.31483	1.31565			6
2025.10.31	00:45:08.281	1.31484	1.31568			6
2025.10.31	00:45:08.587	1.31482	1.31563			6
2025.10.31	00:45:08.899		1.31562			4
2025.10.31	00:45:09.296	1.31484	1.31564			6
2025.10.31	00:45:11.140	1.31500	1.31548			6
2025.10.31	00:45:13.533	1.31499	1.31547			6
2025.10.31	00:45:13.840	1.31498				2
2025.10.31	00:45:14.150	1.31499	1.31548			6
2025.10.31	00:45:14.458	1.31500				2
2025.10.31	00:45:14.759	1.31498				2
2025.10.31	00:45:15.077	1.31499				2
2025.10.31	00:45:15.696	1.31498	1.31547			6
2025.10.31	00:45:16.005	1.31497	1.31549			6
2025.10.31	00:45:16.316	1.31500				2
2025.10.31	00:45:16.621	1.31499	1.31547			6
2025.10.31	00:45:16.937	1.31500				2
2025.10.31	00:45:17.240	1.31501	1.31550			6
2025.10.31	00:45:17.556	1.31500	1.31548			6
2025.10.31	00:45:18.175	1.31498				2
2025.10.31	00:45:18.483	1.31497	1.31547			6
2025.10.31	00:45:19.102	1.31502	1.31549			6
2025.10.31	00:45:19.413	1.31499				2
2025.10.31	00:45:19.715	1.31497	1.31547			6
2025.10.31	00:45:20.027	1.31498	1.31548			6
2025.10.31	00:45:20.341	1.31499				2
2025.10.31	00:45:20.957	1.31502	1.31551			6
2025.10.31	00:45:21.266	1.31503				2
2025.10.31	00:45:21.577	1.31499	1.31548			6
2025.10.31	00:45:21.885	1.31500				2
2025.10.31	00:45:22.198		1.31549			4
2025.10.31	00:45:22.508		1.31548			4
2025.10.31	00:45:22.813	1.31504				2
2025.10.31	00:45:23.122	1.31503	1.31551			6
2025.10.31	00:45:23.432		1.31549			4
2025.10.31	00:45:23.738	1.31499	1.31547			6
2025.10.31	00:45:24.051		1.31548			4
2025.10.31	00:45:24.359	1.31502				2
2025.10.31	00:45:24.669	1.31500	1.31547			6
2025.10.31	00:45:24.976	1.31501	1.31548			6
2025.10.31	00:45:25.287	1.31502				2
2025.10.31	00:45:25.593	1.31500	1.31547			6
2025.10.31	00:45:26.212	1.31501	1.31549			6
2025.10.31	00:45:26.518	1.31500	1.31547			6
2025.10.31	00:45:26.826	1.31501				2
2025.10.31	00:45:27.137		1.31548			4
2025.10.31	00:45:27.446		1.31547			4
2025.10.31	00:45:28.065	1.31502	1.31548			6
2025.10.31	00:45:28.687	1.31500	1.31547			6
2025.10.31	00:45:28.992	1.31501	1.31549			6
2025.10.31	00:45:29.299	1.31502				2
2025.10.31	00:45:29.616	1.31500				2
2025.10.31	00:45:29.922	1.31499	1.31547			6
2025.10.31	00:45:30.224	1.31502	1.31550			6
2025.10.31	00:45:30.535	1.31499	1.31548			6
2025.10.31	00:45:30.846	1.31500				2
2025.10.31	00:45:31.153	1.31502	1.31551			6
2025.10.31	00:45:31.463		1.31550			4
2025.10.31	00:45:32.085		1.31537			4
2025.10.31	00:45:32.390	1.31503	1.31551			6
2025.10.31	00:45:32.691		1.31537			4
2025.10.31	00:45:33.010	1.31502				2
2025.10.31	00:45:33.317	1.31501	1.31551			6
2025.10.31	00:45:33.627	1.31502	1.31537			6
2025.10.31	00:45:33.937	1.31503	1.31549			6
2025.10.31	00:45:34.242	1.31502	1.31537			6
2025.10.31	00:45:34.552	1.31499	1.31548			6
2025.10.31	00:45:34.862		1.31537			4
2025.10.31	00:45:35.173	1.31502	1.31550			6
2025.10.31	00:45:35.478	1.31500	1.31537			6
2025.10.31	00:45:36.097	1.31501	1.31549			6
2025.10.31	00:45:36.711	1.31500	1.31548			6
2025.10.31	00:45:37.019	1.31499	1.31549			6
2025.10.31	00:45:37.327	1.31501				2
2025.10.31	00:45:37.634	1.31500	1.31547			6
2025.10.31	00:45:37.949		1.31549			4
2025.10.31	00:45:38.256	1.31501				2
2025.10.31	00:45:38.561	1.31499	1.31547			6
2025.10.31	00:45:39.176	1.31500	1.31549			6
2025.10.31	00:45:39.484		1.31548			4
2025.10.31	00:45:40.109		1.31550			4
2025.10.31	00:45:40.412	1.31502				2
2025.10.31	00:45:40.715	1.31499	1.31548			6
2025.10.31	00:45:41.035	1.31501	1.31549			6
2025.10.31	00:45:41.649	1.31500	1.31548			6
2025.10.31	00:45:41.958	1.31502	1.31549			6
2025.10.31	00:45:42.576	1.31500	1.31548			6
2025.10.31	00:45:43.192	1.31503	1.31550			6
2025.10.31	00:45:43.499	1.31501	1.31549			6
2025.10.31	00:45:43.808	1.31502	1.31548			6
2025.10.31	00:45:44.115	1.31501	1.31550			6
2025.10.31	00:45:44.725		1.31549			4
2025.10.31	00:45:45.044		1.31550			4
2025.10.31	00:45:45.664		1.31549			4
2025.10.31	00:45:45.975	1.31500				2
2025.10.31	00:45:46.279	1.31501				2
2025.10.31	00:45:46.591	1.31499	1.31548			6
2025.10.31	00:45:46.897	1.31498	1.31547			6
2025.10.31	00:45:47.207	1.31500	1.31548			6
2025.10.31	00:45:47.514		1.31547			4
2025.10.31	00:45:47.815	1.31499				2
2025.10.31	00:45:48.136	1.31500	1.31548			6
2025.10.31	00:45:48.442	1.31501	1.31547			6
2025.10.31	00:45:48.751	1.31500				2
2025.10.31	00:45:49.057	1.31501	1.31549			6
2025.10.31	00:45:49.672	1.31500	1.31548			6
2025.10.31	00:45:49.983	1.31501	1.31549			6
2025.10.31	00:45:50.288		1.31550			4
2025.10.31	00:45:50.597	1.31504	1.31548			6
2025.10.31	00:45:50.905		1.31550			4
2025.10.31	00:45:51.214	1.31502				2
2025.10.31	00:45:51.524	1.31501	1.31549			6
2025.10.31	00:45:51.832	1.31500				2
2025.10.31	00:45:52.148	1.31502	1.31550			6
2025.10.31	00:45:52.449	1.31500	1.31549			6
2025.10.31	00:45:52.758	1.31498				2
2025.10.31	00:45:53.066	1.31499				2
2025.10.31	00:45:53.373	1.31501				2
2025.10.31	00:45:53.687	1.31500	1.31547			6
2025.10.31	00:45:53.992	1.31498	1.31549			6
2025.10.31	00:45:54.301	1.31501				2
2025.10.31	00:45:54.609	1.31500	1.31548			6
2025.10.31	00:45:55.226	1.31501	1.31549			6
2025.10.31	00:45:55.536		1.31548			4
2025.10.31	00:45:55.849	1.31500				2
2025.10.31	00:45:56.156		1.31549			4
2025.10.31	00:45:56.463		1.31548			4
2025.10.31	00:45:57.085	1.31502	1.31550			6
2025.10.31	00:45:57.701	1.31501	1.31548			6
2025.10.31	00:45:58.011	1.31499	1.31549			6
2025.10.31	00:45:58.318	1.31501				2
2025.10.31	00:45:58.626	1.31499	1.31547			6
2025.10.31	00:45:58.937		1.31549			4
2025.10.31	00:45:59.238	1.31501				2
2025.10.31	00:45:59.549	1.31500	1.31548			6
2025.10.31	00:45:59.858	1.31501	1.31546			6
2025.10.31	00:46:00.166	1.31502	1.31548			6
2025.10.31	00:46:00.479	1.31501	1.31546			6
2025.10.31	00:46:00.784	1.31500				2
2025.10.31	00:46:01.095	1.31502	1.31550			6
2025.10.31	00:46:01.714		1.31547			4
2025.10.31	00:46:02.022		1.31549			4
2025.10.31	00:46:02.639	1.31500	1.31547			6
2025.10.31	00:46:02.948		1.31549			4
2025.10.31	00:46:03.256	1.31501				2
2025.10.31	00:46:03.566	1.31500	1.31546			6
2025.10.31	00:46:04.186	1.31502	1.31549			6
2025.10.31	00:46:04.491	1.31500	1.31546			6
2025.10.31	00:46:05.111	1.31501	1.31548			6
2025.10.31	00:46:05.419	1.31502				2
2025.10.31	00:46:05.722	1.31500	1.31546			6
2025.10.31	00:46:06.038	1.31502	1.31548			6
2025.10.31	00:46:06.652	1.31500	1.31546			6
2025.10.31	00:46:06.961	1.31501	1.31548			6
2025.10.31	00:46:07.269	1.31502				2
2025.10.31	00:46:07.581	1.31500	1.31546			6
2025.10.31	00:46:08.196	1.31502	1.31549			6
2025.10.31	00:46:08.503	1.31501	1.31546			6
2025.10.31	00:46:09.121		1.31549			4
2025.10.31	00:46:09.429	1.31502				2
2025.10.31	00:46:09.736	1.31500	1.31546			6
2025.10.31	00:46:10.044	1.31501	1.31549			6
2025.10.31	00:46:10.664	1.31500	1.31546			6
2025.10.31	00:46:10.973	1.31501	1.31549			6
2025.10.31	00:46:11.587	1.31500	1.31546			6
2025.10.31	00:46:12.210	1.31502	1.31549			6
2025.10.31	00:46:12.515	1.31500	1.31546			6
2025.10.31	00:46:13.128	1.31501	1.31549			6
2025.10.31	00:46:13.738	1.31500	1.31546			6
2025.10.31	00:46:14.054	1.31501	1.31549			6
2025.10.31	00:46:14.676	1.31500	1.31546			6
2025.10.31	00:46:14.982	1.31501	1.31549			6
2025.10.31	00:46:15.601	1.31500	1.31547			6
2025.10.31	00:46:16.216	1.31501	1.31549			6
2025.10.31	00:46:16.532	1.31500	1.31547			6
2025.10.31	00:46:17.154	1.31502	1.31549			6
2025.10.31	00:46:17.456	1.31503	1.31546			6
2025.10.31	00:46:17.765	1.31501				2
2025.10.31	00:46:18.073	1.31502	1.31549			6
2025.10.31	00:46:18.691	1.31501	1.31546			6
2025.10.31	00:46:19.002	1.31502	1.31549			6
2025.10.31	00:46:19.615	1.31500	1.31546			6
2025.10.31	00:46:19.927	1.31501				2
2025.10.31	00:46:20.237	1.31502	1.31549			6
2025.10.31	00:46:20.545	1.31501	1.31546			6
2025.10.31	00:46:21.165	1.31502	1.31549			6
2025.10.31	00:46:21.474	1.31500	1.31546			6
2025.10.31	00:46:22.098	1.31501	1.31549			6
2025.10.31	00:46:22.402	1.31502				2
2025.10.31	00:46:22.710	1.31501	1.31546			6
2025.10.31	00:46:23.022	1.31502	1.31550			6
2025.10.31	00:46:23.638	1.31501	1.31546			6
2025.10.31	00:46:23.946		1.31550			4
2025.10.31	00:46:24.262	1.31502				2
2025.10.31	00:46:24.574	1.31500	1.31546			6
2025.10.31	00:46:25.186	1.31502	1.31550			6
2025.10.31	00:46:25.496	1.31501	1.31547			6
2025.10.31	00:46:26.116	1.31502	1.31549			6
2025.10.31	00:46:26.420		1.31547			4
2025.10.31	00:46:26.724	1.31500	1.31546			6
2025.10.31	00:46:27.036	1.31501	1.31550			6
2025.10.31	00:46:27.658	1.31499	1.31547			6
2025.10.31	00:46:27.966		1.31550			4
2025.10.31	00:46:28.272	1.31501				2
2025.10.31	00:46:28.585	1.31499	1.31547			6
2025.10.31	00:46:28.889		1.31546			4
2025.10.31	00:46:29.199	1.31501	1.31550			6
2025.10.31	00:46:29.508	1.31499	1.31547			6
2025.10.31	00:46:30.127	1.31501	1.31549			6
2025.10.31	00:46:30.739	1.31499	1.31547			6
2025.10.31	00:46:31.050	1.31500	1.31550			6
2025.10.31	00:46:31.360	1.31501				2
2025.10.31	00:46:31.669	1.31500	1.31547			6
2025.10.31	00:46:31.975	1.31501	1.31549			6
2025.10.31	00:46:32.591	1.31500	1.31547			6
2025.10.31	00:46:33.213	1.31502	1.31548			6
2025.10.31	00:46:33.522	1.31501	1.31547			6
2025.10.31	00:46:34.139		1.31549			4
2025.10.31	00:46:34.449		1.31547			4
2025.10.31	00:46:35.065		1.31550			4
2025.10.31	00:46:35.680	1.31499	1.31547			6
2025.10.31	00:46:35.989	1.31500	1.31550			6
2025.10.31	00:46:36.299	1.31501				2
2025.10.31	00:46:36.607	1.31500	1.31547			6
2025.10.31	00:46:37.217		1.31550			4
2025.10.31	00:46:37.532		1.31547			4
2025.10.31	00:46:38.148	1.31501	1.31550			6
2025.10.31	00:46:38.454	1.31502	1.31547			6
2025.10.31	00:46:38.764	1.31499				2
2025.10.31	00:46:39.075	1.31500	1.31550			6
2025.10.31	00:46:39.381	1.31501				2
2025.10.31	00:46:39.688	1.31499	1.31547			6
2025.10.31	00:46:39.998	1.31501	1.31550			6
2025.10.31	00:46:40.617	1.31500	1.31547			6
2025.10.31	00:46:41.223		1.31550			4
2025.10.31	00:46:41.539		1.31547			4
2025.10.31	00:46:41.845	1.31499				2
2025.10.31	00:46:42.155	1.31500	1.31550			6
2025.10.31	00:46:42.459		1.31547			4
2025.10.31	00:46:42.776	1.31499				2
2025.10.31	00:46:43.084		1.31550			4
2025.10.31	00:46:43.393	1.31501				2
2025.10.31	00:46:43.700	1.31499	1.31547			6
2025.10.31	00:46:44.010	1.31501	1.31550			6
2025.10.31	00:46:44.625	1.31500	1.31547			6
2025.10.31	00:46:44.934	1.31499	1.31548			6
2025.10.31	00:46:45.239	1.31500	1.31550			6
2025.10.31	00:46:45.552	1.31497	1.31547			6
2025.10.31	00:46:45.860	1.31498				2
2025.10.31	00:46:46.161	1.31499	1.31550			6
2025.10.31	00:46:46.476		1.31549			4
2025.10.31	00:46:46.787	1.31501				2
2025.10.31	00:46:47.094		1.31550			4
2025.10.31	00:46:48.637	1.31498				2
2025.10.31	00:46:48.952	1.31499				2
2025.10.31	00:46:49.255	1.31501				2
2025.10.31	00:46:49.564	1.31500	1.31549			6
2025.10.31	00:46:50.179	1.31501	1.31550			6
2025.10.31	00:46:51.107	1.31500				2
2025.10.31	00:46:51.716	1.31502				2
2025.10.31	00:46:52.033	1.31501				2
2025.10.31	00:46:52.959	1.31500				2
2025.10.31	00:46:53.886	1.31502				2
2025.10.31	00:46:55.739	1.31500				2
2025.10.31	00:46:56.052	1.31501				2
2025.10.31	00:46:58.830	1.31502				2
2025.10.31	00:46:59.137	1.31503				2
2025.10.31	00:46:59.757	1.31502				2
2025.10.31	00:47:00.071	1.31502				2
2025.10.31	00:47:00.377	1.31501				2
2025.10.31	00:47:01.615	1.31499				2
2025.10.31	00:47:01.920	1.31502				2
2025.10.31	00:47:02.850	1.31501	1.31559			6
2025.10.31	00:47:04.085	1.31502	1.31560			6
2025.10.31	00:47:04.390	1.31498	1.31556			6
2025.10.31	00:47:04.703	1.31497	1.31555			6
2025.10.31	00:47:05.011	1.31502	1.31560			6
2025.10.31	00:47:05.325	1.31499	1.31557			6
2025.10.31	00:47:05.637	1.31500	1.31558			6
2025.10.31	00:47:05.944	1.31501	1.31559			6
2025.10.31	00:47:06.251	1.31499	1.31557			6
2025.10.31	00:47:06.558	1.31501	1.31549			6
2025.10.31	00:47:06.861	1.31502	1.31550			6
2025.10.31	00:47:07.175	1.31501				2
2025.10.31	00:47:07.482	1.31502				2
2025.10.31	00:47:07.791	1.31501				2
2025.10.31	00:47:08.099	1.31500				2
2025.10.31	00:47:08.404	1.31501				2
2025.10.31	00:47:08.718	1.31503				2
2025.10.31	00:47:09.333	1.31502				2
2025.10.31	00:47:09.641	1.31501				2
2025.10.31	00:47:09.952	1.31503				2
2025.10.31	00:47:10.259	1.31500				2
2025.10.31	00:47:10.567	1.31501				2
2025.10.31	00:47:10.878	1.31502				2
2025.10.31	00:47:13.663	1.31501				2
2025.10.31	00:47:13.973	1.31502				2
2025.10.31	00:47:14.280	1.31501				2
2025.10.31	00:47:14.587	1.31502				2
2025.10.31	00:47:15.515	1.31501				2
2025.10.31	00:47:15.820	1.31502				2
2025.10.31	00:47:16.121	1.31501				2
2025.10.31	00:47:16.747	1.31502				2
2025.10.31	00:47:17.357	1.31500				2
2025.10.31	00:47:17.673	1.31502				2
2025.10.31	00:47:18.914	1.31501				2
2025.10.31	00:47:19.216	1.31499				2
2025.10.31	00:47:19.526	1.31501				2
2025.10.31	00:47:19.829	1.31502				2
2025.10.31	00:47:20.439	1.31499				2
2025.10.31	00:47:21.355	1.31498				2
2025.10.31	00:47:21.672	1.31500				2
2025.10.31	00:47:21.982	1.31501				2
2025.10.31	00:47:22.596	1.31502				2
2025.10.31	00:47:23.528	1.31503				2
2025.10.31	00:47:23.835	1.31502				2
2025.10.31	00:47:24.152	1.31501				2
2025.10.31	00:47:24.454	1.31500				2
2025.10.31	00:47:24.762	1.31502				2
2025.10.31	00:47:25.076	1.31503				2
2025.10.31	00:47:25.379	1.31502				2
2025.10.31	00:47:26.309	1.31501				2
2025.10.31	00:47:26.927	1.31502				2
2025.10.31	00:47:27.237	1.31500	1.31549			6
2025.10.31	00:47:27.545	1.31502				2
2025.10.31	00:47:27.852		1.31550			4
2025.10.31	00:47:28.162	1.31500	1.31548			6
2025.10.31	00:47:28.470	1.31498	1.31549			6
2025.10.31	00:47:28.777	1.31501	1.31550			6
2025.10.31	00:47:29.084	1.31502	1.31549			6
2025.10.31	00:47:29.386		1.31550			4
2025.10.31	00:47:30.016	1.31503				2
2025.10.31	00:47:30.323	1.31500	1.31549			6
2025.10.31	00:47:30.631	1.31502	1.31550			6
2025.10.31	00:47:30.939	1.31503				2
2025.10.31	00:47:31.247	1.31501	1.31548			6
2025.10.31	00:47:31.562	1.31502				2
2025.10.31	00:47:31.868		1.31550			4
2025.10.31	00:47:32.177	1.31501	1.31549			6
2025.10.31	00:47:32.487	1.31503				2
2025.10.31	00:47:32.793	1.31502	1.31550			6
2025.10.31	00:47:33.101	1.31501				2
2025.10.31	00:47:34.028	1.31502				2
2025.10.31	00:47:34.346	1.31503				2
2025.10.31	00:47:34.654	1.31502				2
2025.10.31	00:47:35.276		1.31549			4
2025.10.31	00:47:35.581	1.31503	1.31550			6
2025.10.31	00:47:35.892	1.31502				2
2025.10.31	00:47:36.202		1.31548			4
2025.10.31	00:47:36.824		1.31550			4
2025.10.31	00:47:37.131	1.31503				2
2025.10.31	00:47:37.439	1.31501				2
2025.10.31	00:47:37.749	1.31503				2
2025.10.31	00:47:38.365	1.31501				2
2025.10.31	00:47:38.676	1.31503				2
2025.10.31	00:47:39.292	1.31502	1.31549			6
2025.10.31	00:47:39.602	1.31504	1.31550			6
2025.10.31	00:47:39.907	1.31503				2
2025.10.31	00:47:40.214	1.31501	1.31548			6
2025.10.31	00:47:40.525	1.31500				2
2025.10.31	00:47:40.832	1.31501	1.31550			6
2025.10.31	00:47:41.141	1.31502	1.31547			6
2025.10.31	00:47:41.444	1.31499				2
2025.10.31	00:47:41.758	1.31502	1.31550			6
2025.10.31	00:47:42.070	1.31503	1.31551			6
2025.10.31	00:47:42.376		1.31549			4
2025.10.31	00:47:42.680	1.31502	1.31550			6
2025.10.31	00:47:42.991	1.31501	1.31551			6
2025.10.31	00:47:43.297	1.31503	1.31548			6
2025.10.31	00:47:43.609	1.31502	1.31551			6
2025.10.31	00:47:43.919	1.31501				2
2025.10.31	00:47:44.230	1.31503	1.31549			6
2025.10.31	00:47:44.538	1.31501	1.31548			6
2025.10.31	00:47:44.841	1.31503	1.31550			6
2025.10.31	00:47:45.152	1.31500	1.31548			6
2025.10.31	00:47:45.464	1.31498				2
2025.10.31	00:47:45.773	1.31500	1.31550			6
2025.10.31	00:47:46.081		1.31549			4
2025.10.31	00:47:46.698	1.31503	1.31552			6
2025.10.31	00:47:47.309	1.31501	1.31549			6
2025.10.31	00:47:47.618	1.31503	1.31552			6
2025.10.31	00:47:47.926	1.31502	1.31553			6
2025.10.31	00:47:48.237	1.31501	1.31551			6
2025.10.31	00:47:48.546	1.31502				2
2025.10.31	00:47:48.853	1.31503	1.31553			6
2025.10.31	00:47:49.161		1.31552			4
2025.10.31	00:47:49.472	1.31501				2
2025.10.31	00:47:49.787	1.31503	1.31553			6
2025.10.31	00:47:50.087		1.31552			4
2025.10.31	00:47:50.398	1.31501				2
2025.10.31	00:47:50.707	1.31503	1.31554			6
2025.10.31	00:47:51.319	1.31498	1.31551			6
2025.10.31	00:47:51.630		1.31553			4
2025.10.31	00:47:51.939	1.31501	1.31552			6
2025.10.31	00:47:52.254	1.31498	1.31549			6
2025.10.31	00:47:52.857	1.31499	1.31551			6
2025.10.31	00:47:53.176	1.31502	1.31550			6
2025.10.31	00:47:53.482	1.31500				2
2025.10.31	00:47:53.794	1.31502	1.31551			6
2025.10.31	00:47:54.108		1.31552			4
2025.10.31	00:47:54.408		1.31551			4
2025.10.31	00:47:54.721		1.31553			4
2025.10.31	00:47:55.344	1.31501	1.31552			6
2025.10.31	00:47:55.654	1.31502	1.31553			6
2025.10.31	00:47:56.269	1.31501	1.31552			6
2025.10.31	00:47:56.579	1.31502	1.31553			6
2025.10.31	00:47:56.888		1.31552			4
2025.10.31	00:47:57.199	1.31501	1.31550			6
2025.10.31	00:47:57.505	1.31503				2
2025.10.31	00:47:57.814		1.31551			4
2025.10.31	00:47:58.123		1.31550			4
2025.10.31	00:47:58.425	1.31502				2
2025.10.31	00:47:58.739		1.31552			4
2025.10.31	00:47:59.053	1.31503				2
2025.10.31	00:47:59.355	1.31502	1.31550			6
2025.10.31	00:47:59.656		1.31551			4
2025.10.31	00:47:59.965	1.31501				2
2025.10.31	00:48:00.276	1.31499	1.31548			6
2025.10.31	00:48:00.580	1.31503	1.31550			6
2025.10.31	00:48:00.888	1.31501				2
2025.10.31	00:48:01.810	1.31502	1.31553			6
2025.10.31	00:48:02.123	1.31503	1.31552			6
2025.10.31	00:48:02.430		1.31551			4
2025.10.31	00:48:02.737	1.31501	1.31553			6
2025.10.31	00:48:03.047	1.31502	1.31552			6
2025.10.31	00:48:03.355		1.31550			4
2025.10.31	00:48:03.972	1.31504				2
2025.10.31	00:48:04.281	1.31502	1.31548			6
2025.10.31	00:48:04.589	1.31501	1.31550			6
2025.10.31	00:48:04.892	1.31503	1.31551			6
2025.10.31	00:48:05.206	1.31502	1.31550			6
2025.10.31	00:48:05.820	1.31503	1.31552			6
2025.10.31	00:48:06.129		1.31549			4
2025.10.31	00:48:06.439	1.31502				2
2025.10.31	00:48:06.748		1.31551			4
2025.10.31	00:48:07.364	1.31503	1.31548			6
2025.10.31	00:48:07.677	1.31501	1.31550			6
2025.10.31	00:48:08.297		1.31548			4
2025.10.31	00:48:08.608	1.31504	1.31550			6
2025.10.31	00:48:09.222	1.31502	1.31548			6
2025.10.31	00:48:09.533	1.31503				2
2025.10.31	00:48:09.841	1.31502	1.31552			6
2025.10.31	00:48:10.154	1.31504	1.31550			6
2025.10.31	00:48:10.456	1.31502				2
2025.10.31	00:48:10.763		1.31551			4
2025.10.31	00:48:11.071	1.31503				2
2025.10.31	00:48:11.371	1.31502	1.31549			6
2025.10.31	00:48:11.672	1.31503	1.31551			6
2025.10.31	00:48:12.288	1.31501	1.31549			6
2025.10.31	00:48:12.602	1.31504	1.31550			6
2025.10.31	00:48:12.915	1.31503	1.31551			6
2025.10.31	00:48:13.222	1.31501	1.31549			6
2025.10.31	00:48:13.530	1.31502				2
2025.10.31	00:48:13.840		1.31551			4
2025.10.31	00:48:14.148		1.31549			4
2025.10.31	00:48:14.455	1.31503	1.31548			6
2025.10.31	00:48:14.759	1.31505	1.31551			6
2025.10.31	00:48:15.064	1.31504	1.31552			6
2025.10.31	00:48:17.236		1.31553			4
2025.10.31	00:48:18.474	1.31503				2
2025.10.31	00:48:23.713	1.31505				2
2025.10.31	00:48:24.022	1.31504	1.31552			6
2025.10.31	00:48:26.487	1.31503	1.31553			6
2025.10.31	00:48:26.796		1.31552			4
2025.10.31	00:48:27.110	1.31504				2
2025.10.31	00:48:28.957	1.31503	1.31553			6
2025.10.31	00:48:29.264	1.31504				2
2025.10.31	00:48:29.878	1.31503				2
2025.10.31	00:48:31.416	1.31504				2
2025.10.31	00:48:32.654		1.31552			4
2025.10.31	00:48:33.891	1.31507	1.31553			6
2025.10.31	00:48:34.200	1.31506				2
2025.10.31	00:48:34.505	1.31503				2
2025.10.31	00:48:37.899		1.31552			4
2025.10.31	00:48:38.514		1.31551			4
2025.10.31	00:48:40.055		1.31552			4
2025.10.31	00:48:41.597	1.31504				2
2025.10.31	00:48:41.909	1.31506	1.31553			6
2025.10.31	00:48:42.214	1.31505				2
2025.10.31	00:48:42.520	1.31504				2
2025.10.31	00:48:43.750	1.31503				2
2025.10.31	00:48:46.215		1.31551			4
2025.10.31	00:48:46.523	1.31504	1.31552			6
2025.10.31	00:48:46.833	1.31503				2
2025.10.31	00:48:47.141	1.31504				2
2025.10.31	00:48:48.371		1.31551			4
2025.10.31	00:48:50.229		1.31552			4
2025.10.31	00:48:52.080	1.31503	1.31551			6
2025.10.31	00:48:52.697	1.31504				2
2025.10.31	00:48:53.620	1.31503				2
2025.10.31	00:48:56.712	1.31506	1.31553			6
2025.10.31	00:48:57.016	1.31505				2
2025.10.31	00:48:57.325	1.31503	1.31551			6
2025.10.31	00:48:57.633	1.31504				2
2025.10.31	00:48:58.254	1.31503				2
2025.10.31	00:48:58.865	1.31504				2
2025.10.31	00:48:59.482		1.31552			4
2025.10.31	00:49:00.103	1.31504				2
2025.10.31	00:49:00.721		1.31553			4
2025.10.31	00:49:01.033	1.31506	1.31552			6
2025.10.31	00:49:01.340	1.31504				2
2025.10.31	00:49:01.956	1.31505				2
2025.10.31	00:49:03.194		1.31553			4
2025.10.31	00:49:03.502	1.31504	1.31552			6
2025.10.31	00:49:05.660	1.31503				2
2025.10.31	00:49:05.970	1.31506	1.31553			6
2025.10.31	00:49:06.281	1.31508				2
2025.10.31	00:49:06.893	1.31504	1.31551			6
2025.10.31	00:49:07.198	1.31503				2
2025.10.31	00:49:07.502	1.31502				2
2025.10.31	00:49:07.809		1.31550			4
2025.10.31	00:49:08.419	1.31503	1.31551			6
2025.10.31	00:49:08.730		1.31550			4
2025.10.31	00:49:09.035		1.31547			4
2025.10.31	00:49:09.969	1.31501				2
2025.10.31	00:49:10.280	1.31502				2
2025.10.31	00:49:10.590	1.31503	1.31548			6
2025.10.31	00:49:11.205	1.31502				2
2025.10.31	00:49:11.823	1.31504	1.31550			6
2025.10.31	00:49:15.221	1.31503				2
2025.10.31	00:49:15.840	1.31505				2
2025.10.31	00:49:16.773		1.31551			4
2025.10.31	00:49:17.378	1.31504				2
2025.10.31	00:49:18.316	1.31503				2
2025.10.31	00:49:20.477	1.31504				2
2025.10.31	00:49:20.784	1.31503				2
2025.10.31	00:49:21.715	1.31504	1.31552			6
2025.10.31	00:49:23.262	1.31502				2
2025.10.31	00:49:23.883	1.31503	1.31551			6
2025.10.31	00:49:29.754		1.31550			4
2025.10.31	00:49:32.531		1.31551			4
2025.10.31	00:49:32.843		1.31550			4
2025.10.31	00:49:34.376	1.31502				2
2025.10.31	00:49:35.302	1.31501				2
2025.10.31	00:49:35.919		1.31549			4
2025.10.31	00:49:36.539	1.31502	1.31550			6
2025.10.31	00:49:36.854	1.31504	1.31549			6
2025.10.31	00:49:37.160	1.31502				2
2025.10.31	00:49:37.469	1.31503	1.31550			6
2025.10.31	00:49:37.777	1.31504				2
2025.10.31	00:49:38.085	1.31502				2
2025.10.31	00:49:38.703	1.31503	1.31549			6
2025.10.31	00:49:39.014		1.31548			4
2025.10.31	00:49:39.941	1.31501				2
2025.10.31	00:49:40.251	1.31503				2
2025.10.31	00:49:41.800	1.31504	1.31549			6
2025.10.31	00:49:42.104	1.31502	1.31548			6
2025.10.31	00:49:42.416	1.31504				2
2025.10.31	00:49:43.959	1.31502	1.31549			6
2025.10.31	00:49:50.487		1.31550			4
2025.10.31	00:49:50.793		1.31549			4
2025.10.31	00:49:52.028		1.31547			4
2025.10.31	00:49:52.954	1.31503				2
2025.10.31	00:49:53.263	1.31504				2
2025.10.31	00:49:53.572	1.31502				2
2025.10.31	00:49:54.188	1.31503				2
2025.10.31	00:49:56.348	1.31501				2
2025.10.31	00:49:56.962	1.31505	1.31548			6
2025.10.31	00:49:57.275	1.31504				2
2025.10.31	00:50:00.051	1.31504				2
2025.10.31	00:50:03.438	1.31501	1.31549			6
2025.10.31	00:50:04.371	1.31502				2
2025.10.31	00:50:05.296		1.31550			4
2025.10.31	00:50:06.537	1.31503				2
2025.10.31	00:50:06.846	1.31504				2
2025.10.31	00:50:11.161	1.31503	1.31549			6
2025.10.31	00:50:11.472	1.31501				2
2025.10.31	00:50:11.784	1.31503				2
2025.10.31	00:50:13.936		1.31550			4
2025.10.31	00:50:15.172	1.31509				2
2025.10.31	00:50:17.334		1.31552			4
2025.10.31	00:50:17.950		1.31550			4
2025.10.31	00:50:21.668	1.31510				2
2025.10.31	00:50:21.982	1.31502	1.31549			6
2025.10.31	00:50:22.289	1.31501				2
2025.10.31	00:50:22.911	1.31503				2
2025.10.31	00:50:23.217		1.31546			4
2025.10.31	00:50:30.655		1.31548			4
2025.10.31	00:50:32.200	1.31504				2
2025.10.31	00:50:32.816	1.31503				2
2025.10.31	00:50:33.745		1.31550			4
2025.10.31	00:50:35.597	1.31502				2
2025.10.31	00:50:35.909		1.31547			4
2025.10.31	00:50:36.842	1.31503	1.31550			6
2025.10.31	00:50:37.149	1.31505				2
2025.10.31	00:50:37.771	1.31500	1.31551			6
2025.10.31	00:50:38.085	1.31501	1.31550			6
2025.10.31	00:50:38.391	1.31503				2
2025.10.31	00:50:38.702	1.31505	1.31549			6
2025.10.31	00:50:39.011	1.31504				2
2025.10.31	00:50:48.634	1.31502				2
2025.10.31	00:50:48.951	1.31504				2
2025.10.31	00:50:49.874	1.31502				2
2025.10.31	00:50:50.178	1.31503	1.31548			6
2025.10.31	00:50:50.485	1.31502				2
2025.10.31	00:50:52.037	1.31504				2
2025.10.31	00:50:52.657	1.31503	1.31549			6
2025.10.31	00:50:52.964	1.31504				2
2025.10.31	00:50:53.587	1.31503				2
2025.10.31	00:50:53.894	1.31504				2
2025.10.31	00:50:56.362	1.31503				2
2025.10.31	00:51:00.075	1.31503				2
2025.10.31	00:51:02.553	1.31506	1.31550			6
2025.10.31	00:51:03.781	1.31503	1.31549			6
2025.10.31	00:51:04.085		1.31547			4
2025.10.31	00:51:04.399	1.31502				2
2025.10.31	00:51:05.013	1.31500	1.31545			6
2025.10.31	00:51:05.317	1.31501				2
2025.10.31	00:51:06.539	1.31500				2
2025.10.31	00:51:06.844	1.31501				2
2025.10.31	00:51:07.145	1.31500				2
2025.10.31	00:51:09.583	1.31501				2
2025.10.31	00:51:09.888	1.31500				2
2025.10.31	00:51:10.199	1.31501				2
2025.10.31	00:51:11.112	1.31500				2
2025.10.31	00:51:11.419	1.31501				2
2025.10.31	00:51:11.725	1.31500				2
2025.10.31	00:51:12.027	1.31501				2
2025.10.31	00:51:12.333	1.31500				2
2025.10.31	00:51:12.640	1.31503				2
2025.10.31	00:51:12.941	1.31504	1.31547			6
2025.10.31	00:51:14.802	1.31503				2
2025.10.31	00:51:15.106	1.31504				2
2025.10.31	00:51:15.416	1.31503				2
2025.10.31	00:51:16.965	1.31504				2
2025.10.31	00:51:17.275	1.31502				2
2025.10.31	00:51:17.588	1.31504				2
2025.10.31	00:51:20.062	1.31505				2
2025.10.31	00:51:20.684		1.31548			4
2025.10.31	00:51:21.602	1.31503				2
2025.10.31	00:51:31.476	1.31505				2
2025.10.31	00:51:41.675		1.31549			4
2025.10.31	00:51:41.984	1.31506				2
2025.10.31	00:51:42.294	1.31507	1.31550			6
2025.10.31	00:51:42.599		1.31549			4
2025.10.31	00:51:42.917	1.31506				2
2025.10.31	00:51:43.222	1.31507				2
2025.10.31	00:51:43.532	1.31508				2
2025.10.31	00:51:50.047	1.31507				2
2025.10.31	00:51:50.350		1.31550			4
2025.10.31	00:51:50.670	1.31508				2
2025.10.31	00:51:54.383		1.31551			4
2025.10.31	00:52:00.253	1.31506	1.31549			6
2025.10.31	00:52:00.562	1.31507				2
2025.10.31	00:52:00.876	1.31508				2
2025.10.31	00:52:06.122	1.31509	1.31550			6
2025.10.31	00:52:07.664	1.31506	1.31548			6
2025.10.31	00:52:07.975	1.31507				2
2025.10.31	00:52:08.279	1.31508				2
2025.10.31	00:52:13.536	1.31504	1.31547			6
2025.10.31	00:52:13.843	1.31507				2
2025.10.31	00:52:15.388	1.31504	1.31546			6
2025.10.31	00:52:21.566	1.31505				2
2025.10.31	00:52:33.022	1.31506	1.31547			6
2025.10.31	00:52:33.331	1.31507	1.31551			6
2025.10.31	00:52:33.637	1.31508				2
2025.10.31	00:52:33.948	1.31509				2
2025.10.31	00:52:34.251	1.31507	1.31552			6
2025.10.31	00:52:35.802	1.31508				2
2025.10.31	00:52:41.065		1.31553			4
2025.10.31	00:52:41.375		1.31554			4
2025.10.31	00:52:41.676	1.31511				2
2025.10.31	00:52:42.615	1.31510				2
2025.10.31	00:52:42.925	1.31511				2
2025.10.31	00:52:43.544	1.31512				2
2025.10.31	00:52:43.849	1.31510	1.31553			6
2025.10.31	00:52:45.715	1.31511				2
2025.10.31	00:52:48.488	1.31508				2
2025.10.31	00:52:48.800	1.31511				2
2025.10.31	00:52:51.275	1.31509				2
2025.10.31	00:52:51.580		1.31552			4
2025.10.31	00:52:51.889	1.31510				2
2025.10.31	00:52:52.510	1.31509				2
2025.10.31	00:52:52.817	1.31510				2
2025.10.31	00:52:57.749	1.31512	1.31553			6
2025.10.31	00:52:58.060	1.31511	1.31552			6
2025.10.31	00:53:00.222	1.31510				2
2025.10.31	00:53:01.143	1.31511				2
2025.10.31	00:53:01.453	1.31509				2
2025.10.31	00:53:02.070	1.31511				2
2025.10.31	00:53:05.768		1.31553			4
2025.10.31	00:53:06.083	1.31509				2
2025.10.31	00:53:11.022	1.31510				2
2025.10.31	00:53:11.637		1.31554			4
2025.10.31	00:53:11.946	1.31509	1.31553			6
2025.10.31	00:53:12.255	1.31510				2
2025.10.31	00:53:12.571	1.31509				2
2025.10.31	00:53:12.875	1.31511				2
2025.10.31	00:53:19.975	1.31512	1.31554			6
2025.10.31	00:53:20.289		1.31553			4
2025.10.31	00:53:22.142	1.31517				2
2025.10.31	00:53:22.453	1.31516				2
2025.10.31	00:53:23.386	1.31517				2
2025.10.31	00:53:24.627	1.31516				2
2025.10.31	00:53:24.934	1.31517				2
2025.10.31	00:53:31.417	1.31516				2
2025.10.31	00:53:35.117		1.31554			4
2025.10.31	00:53:36.353	1.31515				2
2025.10.31	00:53:36.970		1.31553			4
2025.10.31	00:53:37.588	1.31516				2
2025.10.31	00:53:37.896	1.31515				2
2025.10.31	00:53:39.436	1.31516				2
2025.10.31	00:53:39.747		1.31554			4
2025.10.31	00:53:41.286	1.31515				2
2025.10.31	00:53:41.597	1.31517				2
2025.10.31	00:53:41.906	1.31516	1.31553			6
2025.10.31	00:53:43.146	1.31519				2
2025.10.31	00:53:46.250	1.31516	1.31554			6
2025.10.31	00:53:46.554	1.31517				2
2025.10.31	00:53:49.947	1.31515				2
2025.10.31	00:53:50.255	1.31517				2
2025.10.31	00:53:52.417	1.31516				2
2025.10.31	00:53:52.727	1.31517	1.31553			6
2025.10.31	00:53:53.652	1.31516				2
2025.10.31	00:54:00.145	1.31516				2
2025.10.31	00:54:01.382	1.31515	1.31554			6
2025.10.31	00:54:01.691	1.31517				2
2025.10.31	00:54:02.301	1.31516				2
2025.10.31	00:54:10.326		1.31553			4
2025.10.31	00:54:10.636	1.31517	1.31554			6
2025.10.31	00:54:10.942	1.31516	1.31553			6
2025.10.31	00:54:11.250	1.31517				2
2025.10.31	00:54:15.263	1.31516	1.31556			6
2025.10.31	00:54:15.574	1.31517				2
2025.10.31	00:54:31.894	1.31518				2
2025.10.31	00:54:34.976	1.31516				2
2025.10.31	00:54:35.279	1.31517				2
2025.10.31	00:54:35.600	1.31518				2
2025.10.31	00:54:36.831	1.31519				2
2025.10.31	00:54:38.680	1.31517				2
2025.10.31	00:54:38.982	1.31516	1.31557			6
2025.10.31	00:54:39.294	1.31517				2
2025.10.31	00:54:41.142	1.31518				2
2025.10.31	00:54:41.445		1.31559			4
2025.10.31	00:54:41.762	1.31517				2
2025.10.31	00:54:42.075	1.31518				2
2025.10.31	00:54:45.146	1.31517				2
2025.10.31	00:54:45.756	1.31518				2
2025.10.31	00:54:47.603	1.31516				2
2025.10.31	00:54:47.912	1.31518				2
2025.10.31	00:54:48.224	1.31519	1.31560			6
2025.10.31	00:54:48.528	1.31518				2
2025.10.31	00:54:48.839	1.31519				2
2025.10.31	00:54:50.077	1.31517				2
2025.10.31	00:54:50.699	1.31518				2
2025.10.31	00:55:00.283	1.31517				2
2025.10.31	00:55:01.209	1.31511	1.31552			6
2025.10.31	00:55:01.519		1.31551			4
2025.10.31	00:55:01.824	1.31512				2
2025.10.31	00:55:02.126	1.31514				2
2025.10.31	00:55:02.444		1.31550			4
2025.10.31	00:55:02.752	1.31515				2
2025.10.31	00:55:03.062	1.31516	1.31552			6
2025.10.31	00:55:03.677	1.31515	1.31550			6
2025.10.31	00:55:03.987	1.31513				2
2025.10.31	00:55:04.608	1.31514	1.31552			6
2025.10.31	00:55:05.220	1.31513	1.31551			6
2025.10.31	00:55:05.534	1.31514	1.31552			6
2025.10.31	00:55:05.842	1.31513	1.31550			6
2025.10.31	00:55:06.149	1.31511				2
2025.10.31	00:55:06.457	1.31510	1.31551			6
2025.10.31	00:55:06.770	1.31511	1.31552			6
2025.10.31	00:55:07.076	1.31510	1.31551			6
2025.10.31	00:55:07.698		1.31552			4
2025.10.31	00:55:08.001	1.31509	1.31551			6
2025.10.31	00:55:08.623	1.31510	1.31553			6
2025.10.31	00:55:08.927	1.31509	1.31551			6
2025.10.31	00:55:09.543	1.31510	1.31553			6
2025.10.31	00:55:09.854	1.31509	1.31551			6
2025.10.31	00:55:10.466		1.31553			4
2025.10.31	00:55:11.087		1.31552			4
2025.10.31	00:55:11.400		1.31553			4
2025.10.31	00:55:12.014		1.31552			4
2025.10.31	00:55:13.242	1.31510				2
2025.10.31	00:55:14.167		1.31551			4
2025.10.31	00:55:15.402	1.31511				2
2025.10.31	00:55:16.331		1.31552			4
2025.10.31	00:55:17.568		1.31553			4
2025.10.31	00:55:18.187		1.31552			4
2025.10.31	00:55:19.110		1.31553			4
2025.10.31	00:55:19.727	1.31510	1.31552			6
2025.10.31	00:55:20.034	1.31511	1.31553			6
2025.10.31	00:55:20.653	1.31510	1.31552			6
2025.10.31	00:55:20.961	1.31511	1.31553			6
2025.10.31	00:55:21.275		1.31554			4
2025.10.31	00:55:21.585	1.31510				2
2025.10.31	00:55:21.890	1.31512				2
2025.10.31	00:55:22.512	1.31511	1.31553			6
2025.10.31	00:55:22.816		1.31554			4
2025.10.31	00:55:23.436	1.31510	1.31552			6
2025.10.31	00:55:24.048	1.31511	1.31553			6
2025.10.31	00:55:24.662		1.31555			4
2025.10.31	00:55:25.280	1.31510	1.31553			6
2025.10.31	00:55:26.205	1.31511				2
2025.10.31	00:55:28.062		1.31554			4
2025.10.31	00:55:28.680	1.31512	1.31555			6
2025.10.31	00:55:28.987	1.31511	1.31554			6
2025.10.31	00:55:29.601	1.31512	1.31555			6
2025.10.31	00:55:29.911	1.31511	1.31554			6
2025.10.31	00:55:30.530	1.31512	1.31555			6
2025.10.31	00:55:30.839	1.31511	1.31554			6
2025.10.31	00:55:31.458	1.31512	1.31555			6
2025.10.31	00:55:31.767	1.31510	1.31554			6
2025.10.31	00:55:32.076	1.31511				2
2025.10.31	00:55:33.001		1.31555			4
2025.10.31	00:55:33.314	1.31512				2
2025.10.31	00:55:33.616	1.31511	1.31554			6
2025.10.31	00:55:34.541		1.31555			4
2025.10.31	00:55:34.852		1.31554			4
2025.10.31	00:55:35.776	1.31512	1.31555			6
2025.10.31	00:55:36.077	1.31511	1.31554			6
2025.10.31	00:55:36.392	1.31512	1.31555			6
2025.10.31	00:55:36.701	1.31511	1.31554			6
2025.10.31	00:55:37.011	1.31512				2
2025.10.31	00:55:37.318		1.31555			4
2025.10.31	00:55:37.626		1.31553			4
2025.10.31	00:55:38.243		1.31555			4
2025.10.31	00:55:38.550	1.31511	1.31553			6
2025.10.31	00:55:38.861	1.31512	1.31555			6
2025.10.31	00:55:39.168	1.31511	1.31553			6
2025.10.31	00:55:39.477	1.31512	1.31555			6
2025.10.31	00:55:39.787	1.31511	1.31554			6
2025.10.31	00:55:40.095	1.31512	1.31555			6
2025.10.31	00:55:40.711	1.31511	1.31554			6
2025.10.31	00:55:41.636	1.31512	1.31555			6
2025.10.31	00:55:41.945	1.31511	1.31554			6
2025.10.31	00:55:42.561	1.31512	1.31555			6
2025.10.31	00:55:43.175	1.31511	1.31554			6
2025.10.31	00:55:43.790	1.31512	1.31555			6
2025.10.31	00:55:44.098	1.31511	1.31554			6
2025.10.31	00:55:44.712	1.31512				2
2025.10.31	00:55:45.022	1.31511	1.31555			6
2025.10.31	00:55:45.331		1.31554			4
2025.10.31	00:55:45.637	1.31513	1.31555			6
2025.10.31	00:55:45.945	1.31511	1.31553			6
2025.10.31	00:55:46.560	1.31512				2
2025.10.31	00:55:46.868		1.31554			4
2025.10.31	00:55:47.791		1.31555			4
2025.10.31	00:55:48.099		1.31554			4
2025.10.31	00:55:48.409		1.31555			4
2025.10.31	00:55:49.023		1.31554			4
2025.10.31	00:55:49.332		1.31555			4
2025.10.31	00:55:49.641		1.31554			4
2025.10.31	00:55:50.262		1.31555			4
2025.10.31	00:55:50.575	1.31511	1.31554			6
2025.10.31	00:55:51.498	1.31512	1.31556			6
2025.10.31	00:55:51.808	1.31511	1.31554			6
2025.10.31	00:55:52.116	1.31512	1.31556			6
2025.10.31	00:55:52.426	1.31511	1.31555			6
2025.10.31	00:55:53.044	1.31512	1.31556			6
2025.10.31	00:55:53.354	1.31511	1.31555			6
2025.10.31	00:55:53.967	1.31512	1.31556			6
2025.10.31	00:55:54.280	1.31511	1.31555			6
2025.10.31	00:55:55.203	1.31512	1.31556			6
2025.10.31	00:55:55.510	1.31511	1.31555			6
2025.10.31	00:55:56.437	1.31512	1.31556			6
2025.10.31	00:55:57.052	1.31511	1.31555			6
2025.10.31	00:55:57.361	1.31512	1.31556			6
2025.10.31	00:55:57.974	1.31511	1.31555			6
2025.10.31	00:55:58.281		1.31556			4
2025.10.31	00:55:58.592		1.31555			4
2025.10.31	00:55:59.202		1.31557			4
2025.10.31	00:55:59.516		1.31555			4
2025.10.31	00:56:00.134	1.31511	1.31557			6
2025.10.31	00:56:00.439		1.31555			4
2025.10.31	00:56:00.748	1.31512	1.31557			6
2025.10.31	00:56:01.060		1.31555			4
2025.10.31	00:56:01.368		1.31556			4
2025.10.31	00:56:01.678	1.31513				2
2025.10.31	00:56:03.217	1.31512				2
2025.10.31	00:56:04.454		1.31555			4
2025.10.31	00:56:05.688		1.31556			4
2025.10.31	00:56:06.612	1.31513				2
2025.10.31	00:56:07.540	1.31512				2
2025.10.31	00:56:16.801	1.31511				2
2025.10.31	00:56:17.421	1.31510				2
2025.10.31	00:56:18.642	1.31511				2
2025.10.31	00:56:19.563	1.31513				2
2025.10.31	00:56:19.875		1.31557			4
2025.10.31	00:56:20.183	1.31514				2
2025.10.31	00:56:21.719	1.31513				2
2025.10.31	00:56:22.030	1.31514				2
2025.10.31	00:56:25.416	1.31515				2
2025.10.31	00:56:27.265		1.31558			4
2025.10.31	00:56:31.264	1.31512				2
2025.10.31	00:56:31.575		1.31557			4
2025.10.31	00:56:31.881	1.31511				2
2025.10.31	00:56:32.189	1.31512				2
2025.10.31	00:56:32.498	1.31511				2
2025.10.31	00:56:32.807	1.31512				2
2025.10.31	00:56:33.732	1.31511				2
2025.10.31	00:56:34.659	1.31512				2
2025.10.31	00:56:34.967	1.31513				2
2025.10.31	00:56:40.818	1.31508	1.31556			6
2025.10.31	00:56:41.136	1.31509				2
2025.10.31	00:56:41.440		1.31557			4
2025.10.31	00:56:41.750	1.31511				2
2025.10.31	00:56:42.057	1.31513				2
2025.10.31	00:56:42.359	1.31514	1.31558			6
2025.10.31	00:56:43.299	1.31515				2
2025.10.31	00:56:45.454	1.31508				2
2025.10.31	00:56:45.761	1.31507				2
2025.10.31	00:56:46.073		1.31557			4
2025.10.31	00:56:47.302	1.31508				2
2025.10.31	00:56:50.699	1.31506	1.31558			6
2025.10.31	00:56:51.007	1.31505				2
2025.10.31	00:56:51.316	1.31508				2
2025.10.31	00:56:51.621	1.31509				2
2025.10.31	00:56:52.237	1.31512				2
2025.10.31	00:56:53.163	1.31513				2
2025.10.31	00:56:53.469		1.31559			4
2025.10.31	00:56:55.635	1.31511				2
2025.10.31	00:56:55.943	1.31513	1.31558			6
2025.10.31	00:56:56.252	1.31512				2
2025.10.31	00:56:56.558	1.31513				2
2025.10.31	00:56:57.182		1.31559			4
2025.10.31	00:56:57.797	1.31512				2
2025.10.31	00:57:00.268	1.31512				2
2025.10.31	00:57:01.191	1.31515				2
2025.10.31	00:57:01.499	1.31514				2
2025.10.31	00:57:05.524		1.31560			4
2025.10.31	00:57:06.142	1.31506	1.31559			6
2025.10.31	00:57:06.449	1.31507				2
2025.10.31	00:57:07.069	1.31506				2
2025.10.31	00:57:07.688	1.31512				2
2025.10.31	00:57:07.997		1.31560			4
2025.10.31	00:57:08.310	1.31514				2
2025.10.31	00:57:09.230	1.31513				2
2025.10.31	00:57:09.539	1.31514				2
2025.10.31	00:57:11.397	1.31511				2
2025.10.31	00:57:11.707	1.31510				2
2025.10.31	00:57:12.017		1.31559			4
2025.10.31	00:57:15.115	1.31509				2
2025.10.31	00:57:17.897		1.31567			4
2025.10.31	00:57:18.204	1.31512	1.31570			6
2025.10.31	00:57:18.517	1.31513	1.31571			6
2025.10.31	00:57:18.826	1.31514	1.31572			6
2025.10.31	00:57:19.137	1.31513	1.31571			6
2025.10.31	00:57:20.059	1.31512	1.31570			6
2025.10.31	00:57:21.299	1.31511	1.31569			6
2025.10.31	00:57:22.843	1.31510	1.31568			6
2025.10.31	00:57:23.458	1.31511	1.31569			6
2025.10.31	00:57:25.313	1.31510	1.31568			6
2025.10.31	00:57:25.617	1.31509	1.31567			6
2025.10.31	00:57:27.474	1.31505	1.31563			6
2025.10.31	00:57:27.788	1.31504	1.31562			6
2025.10.31	00:57:28.091	1.31507	1.31565			6
2025.10.31	00:57:28.399	1.31508	1.31566			6
2025.10.31	00:57:29.948	1.31510	1.31568			6
2025.10.31	00:57:30.873	1.31508	1.31566			6
2025.10.31	00:57:34.900	1.31509	1.31567			6
2025.10.31	00:57:35.839	1.31508	1.31566			6
2025.10.31	00:57:36.153	1.31509	1.31567			6
2025.10.31	00:57:36.455	1.31508	1.31566			6
2025.10.31	00:57:37.076	1.31509	1.31567			6
2025.10.31	00:57:45.126	1.31508	1.31566			6
2025.10.31	00:57:47.287	1.31509	1.31567			6
2025.10.31	00:57:50.389	1.31508	1.31566			6
2025.10.31	00:57:53.497	1.31509	1.31567			6
2025.10.31	00:57:56.282	1.31510	1.31568			6
2025.10.31	00:57:56.597	1.31508	1.31566			6
2025.10.31	00:57:56.903	1.31509	1.31567			6
2025.10.31	00:57:57.522	1.31510	1.31568			6
2025.10.31	00:57:58.765	1.31509	1.31567			6
2025.10.31	00:58:00.007	1.31509				2
2025.10.31	00:58:01.237	1.31511	1.31569			6
2025.10.31	00:58:01.541	1.31510	1.31568			6
2025.10.31	00:58:02.163	1.31509	1.31567			6
2025.10.31	00:58:03.087	1.31511	1.31569			6
2025.10.31	00:58:04.631	1.31510	1.31568			6
2025.10.31	00:58:08.636	1.31509	1.31567			6
2025.10.31	00:58:13.275	1.31511				2
2025.10.31	00:58:17.274	1.31512				2
2025.10.31	00:58:17.582	1.31511				2
2025.10.31	00:58:17.893	1.31510				2
2025.10.31	00:58:21.275	1.31511				2
2025.10.31	00:58:21.582	1.31510				2
2025.10.31	00:58:22.508	1.31511				2
2025.10.31	00:58:26.184	1.31510				2
2025.10.31	00:58:26.499	1.31511				2
2025.10.31	00:58:26.806	1.31510				2
2025.10.31	00:58:27.418	1.31511				2
2025.10.31	00:58:27.727	1.31510				2
2025.10.31	00:58:28.031	1.31511				2
2025.10.31	00:58:28.345	1.31512				2
2025.10.31	00:58:29.258	1.31511				2
2025.10.31	00:58:30.799	1.31510				2
2025.10.31	00:58:33.875	1.31509	1.31566			6
2025.10.31	00:58:34.187	1.31511				2
2025.10.31	00:58:34.801	1.31509				2
2025.10.31	00:58:38.180	1.31511				2
2025.10.31	00:58:38.796	1.31510				2
2025.10.31	00:58:39.099	1.31509				2
2025.10.31	00:58:40.951	1.31511	1.31567			6
2025.10.31	00:58:41.261	1.31510				2
2025.10.31	00:58:43.410		1.31566			4
2025.10.31	00:58:43.716		1.31565			4
2025.10.31	00:58:45.871	1.31511				2
2025.10.31	00:58:48.027	1.31510	1.31566			6
2025.10.31	00:58:50.798	1.31509	1.31565			6
2025.10.31	00:58:54.798		1.31560			4
2025.10.31	00:58:55.101	1.31507	1.31559			6
2025.10.31	00:58:55.416	1.31508	1.31561			6
2025.10.31	00:58:55.720	1.31512	1.31563			6
2025.10.31	00:58:56.022		1.31565			4
2025.10.31	00:58:56.334	1.31509	1.31561			6
2025.10.31	00:58:56.646		1.31563			4
2025.10.31	00:58:56.949	1.31513	1.31562			6
2025.10.31	00:58:58.186	1.31508				2
2025.10.31	00:58:58.488	1.31507	1.31560			6
2025.10.31	00:58:58.797	1.31511	1.31562			6
2025.10.31	00:58:59.103	1.31509	1.31561			6
2025.10.31	00:58:59.413	1.31507				2
2025.10.31	00:59:00.026	1.31510				2
2025.10.31	00:59:00.336	1.31507	1.31560			6
2025.10.31	00:59:00.642		1.31561			4
2025.10.31	00:59:00.951	1.31509				2
2025.10.31	00:59:01.257	1.31510				2
2025.10.31	00:59:01.558	1.31507	1.31559			6
2025.10.31	00:59:01.874	1.31509	1.31560			6
2025.10.31	00:59:02.802		1.31561			4
2025.10.31	00:59:03.111	1.31510	1.31562			6
2025.10.31	00:59:03.422	1.31511				2
2025.10.31	00:59:06.516	1.31506	1.31560			6
2025.10.31	00:59:07.438	1.31509				2
2025.10.31	00:59:07.747		1.31561			4
2025.10.31	00:59:08.053	1.31511				2
2025.10.31	00:59:08.976	1.31508				2
2025.10.31	00:59:09.288	1.31510				2
2025.10.31	00:59:09.593	1.31511				2
2025.10.31	00:59:09.901		1.31563			4
2025.10.31	00:59:10.209	1.31509				2
2025.10.31	00:59:10.519	1.31511				2
2025.10.31	00:59:11.442	1.31510				2
2025.10.31	00:59:14.526	1.31511				2
2025.10.31	00:59:15.150	1.31506	1.31562			6
2025.10.31	00:59:15.459		1.31561			4
2025.10.31	00:59:16.697		1.31562			4
2025.10.31	00:59:17.009	1.31507	1.31560			6
2025.10.31	00:59:18.242	1.31506	1.31561			6
2025.10.31	00:59:18.555	1.31511				2
2025.10.31	00:59:18.857	1.31507				2
2025.10.31	00:59:19.175	1.31509	1.31560			6
2025.10.31	00:59:19.794	1.31507				2
2025.10.31	00:59:21.339	1.31506	1.31561			6
2025.10.31	00:59:21.646	1.31510				2
2025.10.31	00:59:21.954	1.31512				2
2025.10.31	00:59:22.262	1.31511				2
2025.10.31	00:59:24.739	1.31510				2
2025.10.31	00:59:25.355		1.31562			4
2025.10.31	00:59:33.701	1.31512	1.31570			6
2025.10.31	00:59:34.317	1.31510	1.31568			6
2025.10.31	00:59:34.631	1.31511	1.31566			6
2025.10.31	00:59:34.936	1.31510				2
2025.10.31	00:59:36.181	1.31509				2
2025.10.31	00:59:36.497	1.31511				2
2025.10.31	00:59:37.116	1.31508				2
2025.10.31	00:59:37.731	1.31507	1.31565			6
2025.10.31	00:59:38.355	1.31508	1.31566			6
2025.10.31	00:59:38.657	1.31514				2
2025.10.31	00:59:38.964	1.31515				2
2025.10.31	00:59:39.272	1.31516				2
2025.10.31	00:59:41.129	1.31515				2
2025.10.31	00:59:41.438	1.31517				2
2025.10.31	00:59:42.363	1.31525				2
2025.10.31	00:59:42.979	1.31511	1.31573			6
2025.10.31	00:59:43.285	1.31524				2
2025.10.31	00:59:43.904		1.31572			4
2025.10.31	00:59:44.216	1.31525				2
2025.10.31	00:59:44.832	1.31524				2
2025.10.31	00:59:45.146	1.31522	1.31574			6
2025.10.31	00:59:45.452	1.31523				2
2025.10.31	00:59:46.072	1.31525				2
2025.10.31	00:59:46.689	1.31526				2
2025.10.31	00:59:46.995	1.31524				2
2025.10.31	00:59:49.783	1.31527				2
2025.10.31	00:59:50.406	1.31526				2
2025.10.31	00:59:51.335	1.31524				2
2025.10.31	00:59:51.655	1.31525				2
2025.10.31	00:59:53.511	1.31526				2
2025.10.31	00:59:54.754	1.31525				2
2025.10.31	00:59:58.143	1.31517	1.31563			6
2025.10.31	00:59:58.447	1.31515				2
2025.10.31	00:59:59.381	1.31516				2
2025.10.31	01:00:00.001	1.31513				2
2025.10.31	01:00:00.305	1.31518	1.31585			6
2025.10.31	01:00:00.608		1.31576			4
2025.10.31	01:00:00.919		1.31587			4
2025.10.31	01:00:01.233		1.31583			4
2025.10.31	01:00:01.540	1.31519	1.31572			6
2025.10.31	01:00:01.843	1.31520	1.31556			6
2025.10.31	01:00:02.150	1.31522				2
2025.10.31	01:00:02.456	1.31524	1.31558			6
2025.10.31	01:00:02.757	1.31527				2
2025.10.31	01:00:03.373	1.31525	1.31568			6
2025.10.31	01:00:03.675	1.31522	1.31567			6
2025.10.31	01:00:03.982	1.31521	1.31566			6
2025.10.31	01:00:04.283	1.31519	1.31571			6
2025.10.31	01:00:04.601	1.31517	1.31569			6
2025.10.31	01:00:04.908	1.31521	1.31568			6
2025.10.31	01:00:05.218	1.31522				2
2025.10.31	01:00:05.520	1.31517	1.31564			6
2025.10.31	01:00:06.140		1.31562			4
2025.10.31	01:00:06.452	1.31519	1.31565			6
2025.10.31	01:00:06.764		1.31564			4
2025.10.31	01:00:07.070		1.31553			4
2025.10.31	01:00:07.689	1.31516				2
2025.10.31	01:00:08.921	1.31515				2
2025.10.31	01:00:09.552		1.31552			4
2025.10.31	01:00:09.856	1.31514				2
2025.10.31	01:00:10.469		1.31549			4
2025.10.31	01:00:11.383	1.31512				2
2025.10.31	01:00:12.310	1.31511				2
2025.10.31	01:00:12.624	1.31510				2
2025.10.31	01:00:12.930	1.31509	1.31548			6
2025.10.31	01:00:13.239	1.31513	1.31557			6
2025.10.31	01:00:13.552	1.31516				2
2025.10.31	01:00:14.169	1.31515				2
2025.10.31	01:00:14.476	1.31514				2
2025.10.31	01:00:14.780	1.31515	1.31568			6
2025.10.31	01:00:15.086	1.31516	1.31564			6
2025.10.31	01:00:15.391	1.31518	1.31563			6
2025.10.31	01:00:15.699	1.31517	1.31562			6
2025.10.31	01:00:16.012		1.31563			4
2025.10.31	01:00:16.323	1.31518	1.31565			6
2025.10.31	01:00:16.631	1.31520	1.31564			6
2025.10.31	01:00:16.937	1.31521	1.31565			6
2025.10.31	01:00:17.559	1.31520	1.31546			6
2025.10.31	01:00:17.865	1.31519				2
2025.10.31	01:00:18.172	1.31521				2
2025.10.31	01:00:18.478	1.31520				2
2025.10.31	01:00:18.785	1.31519	1.31543			6
2025.10.31	01:00:19.699	1.31531	1.31538			6
2025.10.31	01:00:23.070	1.31532	1.31539			6
2025.10.31	01:00:23.988	1.31530	1.31537			6
2025.10.31	01:00:26.764	1.31519	1.31558			6
2025.10.31	01:00:27.083	1.31518	1.31557			6
2025.10.31	01:00:27.392	1.31519				2
2025.10.31	01:00:28.010	1.31518	1.31553			6
2025.10.31	01:00:28.327	1.31519				2
2025.10.31	01:00:29.253	1.31520				2
2025.10.31	01:00:29.866	1.31518				2
2025.10.31	01:00:31.094		1.31552			4
2025.10.31	01:00:31.702	1.31520	1.31554			6
2025.10.31	01:00:32.004	1.31519	1.31552			6
2025.10.31	01:00:32.323		1.31554			4
2025.10.31	01:00:32.634	1.31518				2
2025.10.31	01:00:33.561	1.31519				2
2025.10.31	01:00:34.171	1.31520				2
2025.10.31	01:00:34.480	1.31518				2
2025.10.31	01:00:34.793	1.31517				2
2025.10.31	01:00:35.110	1.31518				2
2025.10.31	01:00:35.732	1.31519				2
2025.10.31	01:00:36.652	1.31517				2
2025.10.31	01:00:36.956	1.31518				2
2025.10.31	01:00:37.566	1.31519	1.31565			6
2025.10.31	01:00:37.882	1.31523	1.31562			6
2025.10.31	01:00:38.804		1.31561			4
2025.10.31	01:00:39.109	1.31522	1.31563			6
2025.10.31	01:00:39.426	1.31523	1.31562			6
2025.10.31	01:00:39.730	1.31522	1.31560			6
2025.10.31	01:00:40.036	1.31523	1.31561			6
2025.10.31	01:00:40.341	1.31525	1.31559			6
2025.10.31	01:00:40.947	1.31524				2
2025.10.31	01:00:41.252		1.31558			4
2025.10.31	01:00:41.559	1.31527	1.31562			6
2025.10.31	01:00:41.869	1.31528	1.31564			6
2025.10.31	01:00:42.171	1.31527	1.31563			6
2025.10.31	01:00:42.472	1.31525	1.31566			6
2025.10.31	01:00:42.780	1.31523	1.31570			6
2025.10.31	01:00:43.096	1.31526				2
2025.10.31	01:00:43.403	1.31524	1.31569			6
2025.10.31	01:00:43.719	1.31527	1.31570			6
2025.10.31	01:00:44.025	1.31524	1.31568			6
2025.10.31	01:00:44.329	1.31520	1.31569			6
2025.10.31	01:00:45.587	1.31522				2
2025.10.31	01:00:46.516	1.31523				2
2025.10.31	01:00:47.134	1.31526	1.31568			6
2025.10.31	01:00:47.441	1.31523	1.31569			6
2025.10.31	01:00:48.985	1.31521	1.31566			6
2025.10.31	01:00:50.224	1.31523	1.31569			6
2025.10.31	01:00:50.533		1.31568			4
2025.10.31	01:00:51.455	1.31524	1.31569			6
2025.10.31	01:00:52.380	1.31522	1.31565			6
2025.10.31	01:00:52.695		1.31564			4
2025.10.31	01:00:53.617	1.31524	1.31567			6
2025.10.31	01:00:53.919		1.31569			4
2025.10.31	01:00:54.849	1.31523				2
2025.10.31	01:00:55.165		1.31568			4
2025.10.31	01:00:56.092	1.31528	1.31563			6
2025.10.31	01:00:56.397		1.31562			4
2025.10.31	01:00:56.701	1.31526	1.31569			6
2025.10.31	01:00:57.012	1.31524				2
2025.10.31	01:00:57.331	1.31523				2
2025.10.31	01:00:57.940	1.31522				2
2025.10.31	01:00:59.177	1.31524				2
2025.10.31	01:00:59.801		1.31546			4
2025.10.31	01:01:00.108	1.31525				2
2025.10.31	01:01:00.416	1.31524				2
2025.10.31	01:01:00.721	1.31535	1.31538			6
2025.10.31	01:01:01.328	1.31534	1.31539			6
2025.10.31	01:01:01.636	1.31530	1.31535			6
2025.10.31	01:01:01.949	1.31529	1.31534			6
2025.10.31	01:01:02.255	1.31530				2
2025.10.31	01:01:02.877	1.31529	1.31533			6
2025.10.31	01:01:03.184	1.31532	1.31535			6
2025.10.31	01:01:04.095	1.31533	1.31536			6
2025.10.31	01:01:04.701	1.31534	1.31537			6
2025.10.31	01:01:05.922	1.31533	1.31536			6
2025.10.31	01:01:06.537	1.31532	1.31535			6
2025.10.31	01:01:06.844	1.31533	1.31536			6
2025.10.31	01:01:07.147	1.31537	1.31539			6
2025.10.31	01:01:07.758	1.31538				2
2025.10.31	01:01:08.371	1.31537				2
2025.10.31	01:01:08.672	1.31536				2
2025.10.31	01:01:09.286	1.31534	1.31538			6
2025.10.31	01:01:09.587	1.31533	1.31537			6
2025.10.31	01:01:11.109	1.31535	1.31538			6
2025.10.31	01:01:11.721	1.31526	1.31542			6
2025.10.31	01:01:12.027	1.31523				2
2025.10.31	01:01:12.647	1.31524				2
2025.10.31	01:01:13.260	1.31533	1.31539			6
2025.10.31	01:01:13.572		1.31536			4
2025.10.31	01:01:13.876	1.31525	1.31542			6
2025.10.31	01:01:14.196	1.31523				2
2025.10.31	01:01:14.501	1.31525				2
2025.10.31	01:01:14.804	1.31524				2
2025.10.31	01:01:15.743	1.31525				2
2025.10.31	01:01:16.050	1.31535				2
2025.10.31	01:01:16.359	1.31528	1.31563			6
2025.10.31	01:01:16.664	1.31526	1.31564			6
2025.10.31	01:01:17.290	1.31529	1.31572			6
2025.10.31	01:01:17.592	1.31527	1.31564			6
2025.10.31	01:01:17.910	1.31526	1.31563			6
2025.10.31	01:01:18.221	1.31527	1.31564			6
2025.10.31	01:01:18.838	1.31528				2
2025.10.31	01:01:19.146	1.31527				2
2025.10.31	01:01:20.077	1.31528				2
2025.10.31	01:01:20.384	1.31527				2
2025.10.31	01:01:21.002	1.31526				2
2025.10.31	01:01:22.242	1.31527				2
2025.10.31	01:01:22.549	1.31528				2
2025.10.31	01:01:22.856	1.31527	1.31563			6
2025.10.31	01:01:23.170	1.31529	1.31564			6
2025.10.31	01:01:24.085	1.31527	1.31563			6
2025.10.31	01:01:24.388	1.31531	1.31565			6
2025.10.31	01:01:24.699	1.31530				2
2025.10.31	01:01:25.017	1.31529	1.31563			6
2025.10.31	01:01:26.244	1.31531				2
2025.10.31	01:01:27.791	1.31534	1.31562			6
2025.10.31	01:01:28.099		1.31561			4
2025.10.31	01:01:28.404	1.31535				2
2025.10.31	01:01:28.713	1.31529	1.31565			6
2025.10.31	01:01:29.334		1.31563			4
2025.10.31	01:01:29.943	1.31526	1.31562			6
2025.10.31	01:01:30.259		1.31561			4
2025.10.31	01:01:30.871		1.31562			4
2025.10.31	01:01:31.487	1.31527				2
2025.10.31	01:01:32.102	1.31528				2
2025.10.31	01:01:33.028	1.31527				2
2025.10.31	01:01:33.950	1.31526				2
2025.10.31	01:01:34.256	1.31527				2
2025.10.31	01:01:34.569	1.31528				2
2025.10.31	01:01:36.723	1.31527				2
2025.10.31	01:01:41.044		1.31561			4
2025.10.31	01:01:43.209	1.31528	1.31562			6
2025.10.31	01:01:43.511	1.31527	1.31561			6
2025.10.31	01:01:44.125	1.31529	1.31562			6
2025.10.31	01:01:47.504	1.31530	1.31561			6
2025.10.31	01:01:48.424		1.31562			4
2025.10.31	01:01:48.732	1.31528	1.31561			6
2025.10.31	01:01:49.653	1.31530	1.31562			6
2025.10.31	01:01:49.971	1.31529				2
2025.10.31	01:01:50.277	1.31530				2
2025.10.31	01:01:53.354	1.31531				2
2025.10.31	01:01:53.661	1.31545	1.31548			6
2025.10.31	01:01:53.967	1.31543	1.31546			6
2025.10.31	01:01:54.272	1.31529	1.31559			6
2025.10.31	01:01:54.881	1.31543	1.31546			6
2025.10.31	01:01:55.185	1.31542	1.31545			6
2025.10.31	01:01:55.492	1.31531	1.31560			6
2025.10.31	01:01:55.799		1.31559			4
2025.10.31	01:01:56.415	1.31544	1.31547			6
2025.10.31	01:01:57.327	1.31530	1.31560			6
2025.10.31	01:01:57.641	1.31529	1.31558			6
2025.10.31	01:01:57.948	1.31542	1.31549			6
2025.10.31	01:01:58.250	1.31540	1.31552			6
2025.10.31	01:01:58.859	1.31530	1.31560			6
2025.10.31	01:01:59.165	1.31532	1.31559			6
2025.10.31	01:01:59.470	1.31534	1.31546			6
2025.10.31	01:01:59.777	1.31535	1.31547			6
2025.10.31	01:02:00.085	1.31535				2
2025.10.31	01:02:02.236	1.31531	1.31543			6
2025.10.31	01:02:04.083		1.31542			4
2025.10.31	01:02:05.326	1.31532	1.31541			6
2025.10.31	01:02:06.239	1.31533				2
2025.10.31	01:02:06.857	1.31532	1.31540			6
2025.10.31	01:02:07.166	1.31533	1.31539			6
2025.10.31	01:02:08.079	1.31534	1.31538			6
2025.10.31	01:02:08.700	1.31535	1.31539			6
2025.10.31	01:02:09.920	1.31534	1.31538			6
2025.10.31	01:02:10.223	1.31535				2
2025.10.31	01:02:16.935	1.31529	1.31532			6
2025.10.31	01:02:17.238		1.31534			4
2025.10.31	01:02:17.542	1.31528	1.31533			6
2025.10.31	01:02:18.162	1.31529				2
2025.10.31	01:02:19.085	1.31530				2
2025.10.31	01:02:21.830	1.31528	1.31531			6
2025.10.31	01:02:22.448	1.31529	1.31532			6
2025.10.31	01:02:22.755	1.31528	1.31531			6
2025.10.31	01:02:23.055	1.31529	1.31532			6
2025.10.31	01:02:23.976	1.31530	1.31533			6
2025.10.31	01:02:24.283	1.31529	1.31532			6
2025.10.31	01:02:28.283	1.31530	1.31533			6
2025.10.31	01:02:28.891	1.31529	1.31532			6
2025.10.31	01:02:29.497	1.31530	1.31533			6
2025.10.31	01:02:31.031	1.31527	1.31530			6
2025.10.31	01:02:31.947	1.31526	1.31529			6
2025.10.31	01:02:35.617	1.31527	1.31530			6
2025.10.31	01:02:39.288	1.31528	1.31531			6
2025.10.31	01:02:39.598	1.31527	1.31530			6
2025.10.31	01:02:41.129	1.31528	1.31531			6
2025.10.31	01:02:41.434	1.31527	1.31530			6
2025.10.31	01:02:42.348	1.31526	1.31529			6
2025.10.31	01:02:47.234	1.31525	1.31528			6
2025.10.31	01:02:49.385	1.31526	1.31529			6
2025.10.31	01:02:49.696	1.31525	1.31528			6
2025.10.31	01:02:50.308	1.31528	1.31531			6
2025.10.31	01:02:51.235	1.31526	1.31529			6
2025.10.31	01:02:51.541	1.31524	1.31527			6
2025.10.31	01:02:52.156	1.31525	1.31529			6
2025.10.31	01:02:53.378	1.31526	1.31530			6
2025.10.31	01:02:55.203	1.31527				2
2025.10.31	01:02:55.808	1.31526	1.31529			6
2025.10.31	01:02:56.416	1.31524	1.31527			6
2025.10.31	01:02:57.027	1.31523	1.31526			6
2025.10.31	01:02:57.338		1.31527			4
2025.10.31	01:02:57.959	1.31524	1.31528			6
2025.10.31	01:02:58.877	1.31523	1.31527			6
2025.10.31	01:03:00.102	1.31524				2
2025.10.31	01:03:00.411	1.31523	1.31526			6
2025.10.31	01:03:01.331	1.31521	1.31524			6
2025.10.31	01:03:01.635	1.31524	1.31527			6
2025.10.31	01:03:01.944	1.31522	1.31525			6
2025.10.31	01:03:03.172	1.31523	1.31526			6
2025.10.31	01:03:04.395	1.31522	1.31525			6
2025.10.31	01:03:06.529	1.31521	1.31524			6
2025.10.31	01:03:07.442	1.31522	1.31525			6
2025.10.31	01:03:08.362	1.31523	1.31526			6
2025.10.31	01:03:09.884	1.31522	1.31525			6
2025.10.31	01:03:10.492	1.31523	1.31526			6
2025.10.31	01:03:16.001	1.31522	1.31525			6
2025.10.31	01:03:21.205	1.31521	1.31524			6
2025.10.31	01:03:21.514	1.31527	1.31530			6
2025.10.31	01:03:22.125	1.31526	1.31529			6
2025.10.31	01:03:22.738	1.31525	1.31528			6
2025.10.31	01:03:23.353	1.31521	1.31529			6
2025.10.31	01:03:24.273	1.31520	1.31524			6
2025.10.31	01:03:24.882	1.31519				2
2025.10.31	01:03:25.190	1.31516				2
2025.10.31	01:03:26.432	1.31517				2
2025.10.31	01:03:27.370	1.31518				2
2025.10.31	01:03:27.673	1.31517				2
2025.10.31	01:03:29.236	1.31518				2
2025.10.31	01:03:30.149	1.31519				2
2025.10.31	01:03:30.461	1.31518				2
2025.10.31	01:03:31.071	1.31519				2
2025.10.31	01:03:31.684	1.31518	1.31523			6
2025.10.31	01:03:32.293	1.31519				2
2025.10.31	01:03:32.901	1.31520	1.31524			6
2025.10.31	01:03:33.211		1.31523			4
2025.10.31	01:03:41.522	1.31519	1.31522			6
2025.10.31	01:03:54.719	1.31520	1.31523			6
2025.10.31	01:03:55.637	1.31519	1.31522			6
2025.10.31	01:03:56.559	1.31520	1.31523			6
2025.10.31	01:04:00.254	1.31520				2
2025.10.31	01:04:00.876	1.31521	1.31524			6
2025.10.31	01:04:03.334	1.31518	1.31521			6
2025.10.31	01:04:04.259	1.31517				2
2025.10.31	01:04:05.175	1.31518				2
2025.10.31	01:04:10.391	1.31517	1.31520			6
2025.10.31	01:04:11.303	1.31518	1.31521			6
2025.10.31	01:04:21.431	1.31517	1.31520			6
2025.10.31	01:04:26.318	1.31518	1.31521			6
2025.10.31	01:04:45.336	1.31512	1.31513			6
2025.10.31	01:04:46.248	1.31513	1.31517			6
2025.10.31	01:04:46.859		1.31516			4
2025.10.31	01:04:49.663	1.31510				2
2025.10.31	01:04:51.230	1.31509				2
2025.10.31	01:04:52.159		1.31515			4
2025.10.31	01:04:54.340		1.31514			4
2025.10.31	01:04:55.268		1.31515			4
2025.10.31	01:04:55.887		1.31516			4
2025.10.31	01:04:56.193		1.31515			4
2025.10.31	01:04:57.131		1.31514			4
2025.10.31	01:04:57.448		1.31513			4
2025.10.31	01:04:57.756		1.31514			4
2025.10.31	01:04:58.074		1.31513			4
2025.10.31	01:04:58.382		1.31514			4
2025.10.31	01:05:00.248	1.31509	1.31513			6
2025.10.31	01:05:00.554	1.31510	1.31514			6
2025.10.31	01:05:00.865	1.31509	1.31513			6
2025.10.31	01:05:03.307		1.31512			4
2025.10.31	01:05:06.364	1.31510	1.31513			6
2025.10.31	01:05:06.665		1.31512			4
2025.10.31	01:05:09.733		1.31513			4
2025.10.31	01:05:10.656		1.31512			4
2025.10.31	01:05:12.486		1.31513			4
2025.10.31	01:05:14.635		1.31512			4
2025.10.31	01:05:21.682		1.31513			4
2025.10.31	01:05:40.064		1.31512			4
2025.10.31	01:05:47.451		1.31511			4
2025.10.31	01:05:47.757		1.31512			4
2025.10.31	01:05:52.980		1.31511			4
2025.10.31	01:06:00.005	1.31510				2
2025.10.31	01:06:00.318		1.31512			4
2025.10.31	01:06:03.387	1.31509	1.31511			6
2025.10.31	01:06:05.234		1.31512			4
2025.10.31	01:06:39.969	1.31508	1.31511			6
2025.10.31	01:06:41.220	1.31507	1.31510			6
2025.10.31	01:06:42.150	1.31506				2
2025.10.31	01:06:45.241		1.31509			4
2025.10.31	01:06:47.411	1.31505	1.31508			6
2025.10.31	01:06:48.337	1.31506	1.31509			6
2025.10.31	01:06:49.272	1.31505	1.31511			6
2025.10.31	01:06:49.578	1.31503	1.31509			6
2025.10.31	01:06:50.197	1.31502	1.31511			6
2025.10.31	01:06:51.123		1.31510			4
2025.10.31	01:06:52.361	1.31504	1.31511			6
2025.10.31	01:06:53.285	1.31502	1.31512			6
2025.10.31	01:06:54.213	1.31503				2
2025.10.31	01:06:54.520		1.31511			4
2025.10.31	01:06:56.082		1.31510			4
2025.10.31	01:06:57.351		1.31509			4
2025.10.31	01:06:59.216		1.31508			4
2025.10.31	01:07:00.154	1.31504	1.31509			6
2025.10.31	01:07:00.787	1.31503	1.31508			6
2025.10.31	01:07:01.400		1.31509			4
2025.10.31	01:07:02.328		1.31510			4
2025.10.31	01:07:03.287		1.31509			4
2025.10.31	01:07:05.162		1.31508			4
2025.10.31	01:07:06.089	1.31504				2
2025.10.31	01:07:08.269	1.31503	1.31506			6
2025.10.31	01:07:08.576	1.31504	1.31507			6
2025.10.31	01:07:09.195	1.31503	1.31506			6
2025.10.31	01:07:11.345		1.31507			4
2025.10.31	01:07:11.652	1.31504	1.31508			6
2025.10.31	01:07:12.282	1.31503	1.31511			6
2025.10.31	01:07:12.589		1.31510			4
2025.10.31	01:07:15.360		1.31509			4
2025.10.31	01:07:17.213		1.31508			4
2025.10.31	01:07:18.144		1.31507			4
2025.10.31	01:07:19.704	1.31502				2
2025.10.31	01:07:20.322		1.31506			4
2025.10.31	01:07:20.933	1.31501	1.31505			6
2025.10.31	01:07:22.171		1.31504			4
2025.10.31	01:07:23.999	1.31500	1.31503			6
2025.10.31	01:07:32.588	1.31501	1.31504			6
2025.10.31	01:07:33.202	1.31500				2
2025.10.31	01:07:34.138	1.31501				2
2025.10.31	01:07:37.204	1.31502	1.31505			6
2025.10.31	01:07:42.107	1.31500	1.31503			6
2025.10.31	01:07:43.330		1.31507			4
2025.10.31	01:07:44.261		1.31506			4
2025.10.31	01:07:45.193		1.31508			4
2025.10.31	01:07:47.361		1.31509			4
2025.10.31	01:07:47.673		1.31507			4
2025.10.31	01:07:47.982		1.31506			4
2025.10.31	01:07:48.296		1.31509			4
2025.10.31	01:07:49.857		1.31510			4
2025.10.31	01:07:50.479		1.31508			4
2025.10.31	01:07:50.787		1.31509			4
2025.10.31	01:07:52.675		1.31510			4
2025.10.31	01:07:53.598		1.31509			4
2025.10.31	01:07:55.464		1.31510			4
2025.10.31	01:07:55.778		1.31509			4
2025.10.31	01:07:56.085		1.31504			4
2025.10.31	01:07:56.393	1.31504	1.31508			6
2025.10.31	01:07:56.705	1.31500	1.31504			6
2025.10.31	01:07:57.328	1.31504	1.31507			6
2025.10.31	01:07:57.643	1.31500	1.31504			6
2025.10.31	01:07:57.954	1.31504	1.31507			6
2025.10.31	01:07:58.255	1.31500	1.31504			6
2025.10.31	01:07:58.568	1.31504	1.31506			6
2025.10.31	01:07:58.876	1.31500	1.31504			6
2025.10.31	01:07:59.190	1.31504	1.31505			6
2025.10.31	01:07:59.499	1.31500	1.31504			6
2025.10.31	01:07:59.814	1.31504	1.31505			6
2025.10.31	01:08:00.120	1.31501				2
2025.10.31	01:08:01.340		1.31504			4
2025.10.31	01:08:08.368	1.31502	1.31505			6
2025.10.31	01:08:12.358	1.31501	1.31504			6
2025.10.31	01:08:15.420	1.31505	1.31506			6
2025.10.31	01:08:16.337		1.31507			4
2025.10.31	01:08:18.206		1.31506			4
2025.10.31	01:08:19.726	1.31504				2
2025.10.31	01:08:20.637	1.31503				2
2025.10.31	01:08:21.252		1.31505			4
2025.10.31	01:08:22.174		1.31506			4
2025.10.31	01:08:22.476	1.31504	1.31507			6
2025.10.31	01:08:23.086		1.31508			4
2025.10.31	01:08:24.325	1.31503	1.31507			6
2025.10.31	01:08:24.631	1.31504				2
2025.10.31	01:08:24.948		1.31508			4
2025.10.31	01:08:25.257		1.31507			4
2025.10.31	01:08:27.112		1.31506			4
2025.10.31	01:08:30.183	1.31505				2
2025.10.31	01:08:43.971	1.31504				2
2025.10.31	01:08:50.078	1.31503	1.31505			6
2025.10.31	01:08:50.381	1.31506	1.31509			6
2025.10.31	01:08:50.692	1.31507	1.31508			6
2025.10.31	01:08:51.003		1.31509			4
2025.10.31	01:08:51.306		1.31513			4
2025.10.31	01:08:53.174		1.31512			4
2025.10.31	01:08:54.414		1.31513			4
2025.10.31	01:08:56.265		1.31512			4
2025.10.31	01:08:58.133		1.31511			4
2025.10.31	01:08:59.376		1.31510			4
2025.10.31	01:09:00.296	1.31507	1.31509			6
2025.10.31	01:09:01.213		1.31508			4
2025.10.31	01:09:02.429	1.31508	1.31509			6
2025.10.31	01:09:06.748		1.31511			4
2025.10.31	01:09:07.363	1.31507	1.31516			6
2025.10.31	01:09:09.233	1.31504	1.31511			6
2025.10.31	01:09:10.176	1.31505				2
2025.10.31	01:09:12.359		1.31512			4
