<DATE>	<TIME>	<BID>	<ASK>	<LAST>	<VOLUME>	<FLAGS>
2025.12.26	00:03:31.260	1.35202	1.35344			6
2025.12.26	00:04:00.258	1.35202				2
2025.12.26	00:04:10.158		1.35351			4
2025.12.26	00:04:14.168		1.35344			4
2025.12.26	00:04:59.571		1.35351			4
2025.12.26	00:04:59.873		1.35344			4
2025.12.26	00:05:00.189	1.35202				2
2025.12.26	00:05:00.497		1.35321			4
2025.12.26	00:05:06.981		1.35328			4
2025.12.26	00:05:07.912		1.35315			4
2025.12.26	00:05:09.440		1.35313			4
2025.12.26	00:05:10.352		1.35314			4
2025.12.26	00:05:10.653		1.35313			4
2025.12.26	00:05:10.963		1.35314			4
2025.12.26	00:05:15.266		1.35313			4
2025.12.26	00:05:21.704		1.35307			4
2025.12.26	00:05:27.819		1.35306			4
2025.12.26	00:05:28.736		1.35307			4
2025.12.26	00:05:36.099		1.35305			4
2025.12.26	00:05:36.408		1.35307			4
2025.12.26	00:06:00.001	1.35202				2
2025.12.26	00:06:06.441		1.35304			4
2025.12.26	00:06:15.636		1.35303			4
2025.12.26	00:06:25.767		1.35302			4
2025.12.26	00:06:44.793		1.35301			4
2025.12.26	00:07:00.160	1.35202				2
2025.12.26	00:07:15.299		1.35300			4
2025.12.26	00:07:15.606		1.35302			4
2025.12.26	00:07:19.003		1.35301			4
2025.12.26	00:07:28.554		1.35282			4
2025.12.26	00:07:46.933		1.35281			4
2025.12.26	00:08:00.128	1.35202				2
2025.12.26	00:08:02.888		1.35280			4
2025.12.26	00:08:14.287		1.35281			4
2025.12.26	00:08:22.889		1.35280			4
2025.12.26	00:08:32.391		1.35278			4
2025.12.26	00:08:33.000		1.35277			4
2025.12.26	00:08:38.838		1.35276			4
2025.12.26	00:08:52.014		1.35277			4
2025.12.26	00:08:57.868		1.35276			4
2025.12.26	00:09:00.034	1.35202				2
2025.12.26	00:09:01.890		1.35275			4
2025.12.26	00:09:06.781		1.35277			4
2025.12.26	00:09:08.027		1.35276			4
2025.12.26	00:09:08.957	1.35192	1.35260			6
2025.12.26	00:09:09.575	1.35195	1.35263			6
2025.12.26	00:09:19.712	1.35202	1.35284			6
2025.12.26	00:09:32.625		1.35282			4
2025.12.26	00:09:40.928		1.35284			4
2025.12.26	00:09:45.531		1.35281			4
2025.12.26	00:09:51.994		1.35282			4
2025.12.26	00:09:55.684		1.35281			4
2025.12.26	00:09:57.230		1.35282			4
2025.12.26	00:10:00.015	1.35202				2
2025.12.26	00:10:00.636		1.35283			4
2025.12.26	00:10:01.868		1.35281			4
2025.12.26	00:10:06.192		1.35300			4
2025.12.26	00:10:07.116		1.35298			4
2025.12.26	00:10:08.051		1.35300			4
2025.12.26	00:10:08.979		1.35277			4
2025.12.26	00:10:21.923		1.35279			4
2025.12.26	00:10:33.346		1.35277			4
2025.12.26	00:10:35.525		1.35279			4
2025.12.26	00:10:45.714		1.35276			4
2025.12.26	00:10:52.173		1.35278			4
2025.12.26	00:10:55.857		1.35280			4
2025.12.26	00:10:57.095		1.35279			4
2025.12.26	00:11:00.178	1.35202				2
2025.12.26	00:11:00.483		1.35280			4
2025.12.26	00:11:11.210		1.35279			4
2025.12.26	00:11:17.697		1.35281			4
2025.12.26	00:11:34.978		1.35280			4
2025.12.26	00:11:36.212		1.35281			4
2025.12.26	00:12:00.016	1.35202				2
2025.12.26	00:12:04.948		1.35280			4
2025.12.26	00:12:06.470		1.35282			4
2025.12.26	00:12:08.310		1.35275			4
2025.12.26	00:12:08.925		1.35273			4
2025.12.26	00:12:10.470		1.35275			4
2025.12.26	00:12:15.725		1.35273			4
2025.12.26	00:13:00.127	1.35202				2
2025.12.26	00:13:03.204		1.35275			4
2025.12.26	00:13:03.516		1.35274			4
2025.12.26	00:13:09.373		1.35280			4
2025.12.26	00:13:09.679		1.35277			4
2025.12.26	00:13:09.987		1.35278			4
2025.12.26	00:13:10.602		1.35280			4
2025.12.26	00:13:14.282		1.35278			4
2025.12.26	00:13:14.588		1.35280			4
2025.12.26	00:13:15.515		1.35278			4
2025.12.26	00:13:17.979		1.35262			4
2025.12.26	00:13:18.284		1.35268			4
2025.12.26	00:13:19.216		1.35258			4
2025.12.26	00:13:20.146		1.35260			4
2025.12.26	00:13:21.071		1.35286			4
2025.12.26	00:13:21.378		1.35268			4
2025.12.26	00:13:22.297		1.35259			4
2025.12.26	00:13:23.219		1.35260			4
2025.12.26	00:13:24.136		1.35262			4
2025.12.26	00:13:43.143		1.35263			4
2025.12.26	00:13:45.599		1.35264			4
2025.12.26	00:13:49.890		1.35254			4
2025.12.26	00:13:56.928		1.35253			4
2025.12.26	00:13:57.841		1.35254			4
2025.12.26	00:13:59.066		1.35253			4
2025.12.26	00:14:00.292	1.35202				2
2025.12.26	00:14:07.669		1.35252			4
2025.12.26	00:14:16.844	1.35201				2
2025.12.26	00:14:17.148		1.35251			4
2025.12.26	00:14:27.578	1.35196	1.35247			6
2025.12.26	00:14:28.496		1.35248			4
2025.12.26	00:14:28.799	1.35199				2
2025.12.26	00:14:34.004	1.35198				2
2025.12.26	00:14:37.369		1.35247			4
2025.12.26	00:14:47.826		1.35246			4
2025.12.26	00:14:48.750	1.35197				2
2025.12.26	00:15:00.126	1.35197				2
2025.12.26	00:15:01.057	1.35195				2
2025.12.26	00:15:01.670		1.35245			4
2025.12.26	00:15:04.762	1.35196				2
2025.12.26	00:15:12.455	1.35194				2
2025.12.26	00:15:20.473		1.35244			4
2025.12.26	00:15:22.316		1.35245			4
2025.12.26	00:15:23.552		1.35244			4
2025.12.26	00:15:26.323		1.35245			4
2025.12.26	00:15:27.259		1.35244			4
2025.12.26	00:15:28.784		1.35245			4
2025.12.26	00:15:31.872	1.35195				2
2025.12.26	00:15:34.938		1.35244			4
2025.12.26	00:15:36.482		1.35245			4
2025.12.26	00:15:37.710		1.35244			4
2025.12.26	00:15:38.936		1.35245			4
2025.12.26	00:15:41.395		1.35244			4
2025.12.26	00:15:49.697		1.35245			4
2025.12.26	00:15:50.927		1.35244			4
2025.12.26	00:16:00.163	1.35195				2
2025.12.26	00:16:06.328		1.35243			4
2025.12.26	00:16:08.482		1.35245			4
2025.12.26	00:16:09.106		1.35247			4
2025.12.26	00:16:09.414		1.35246			4
2025.12.26	00:16:10.026		1.35247			4
2025.12.26	00:16:12.807	1.35194				2
2025.12.26	00:16:13.736		1.35246			4
2025.12.26	00:16:18.653		1.35245			4
2025.12.26	00:16:23.285		1.35246			4
2025.12.26	00:16:23.908		1.35247			4
2025.12.26	00:16:30.083		1.35246			4
2025.12.26	00:16:32.853		1.35247			4
2025.12.26	00:16:33.770		1.35246			4
2025.12.26	00:16:38.699		1.35247			4
2025.12.26	00:16:39.626		1.35246			4
2025.12.26	00:16:55.674		1.35245			4
2025.12.26	00:16:58.152		1.35246			4
2025.12.26	00:17:00.011	1.35194				2
2025.12.26	00:17:02.164		1.35245			4
2025.12.26	00:17:03.395		1.35246			4
2025.12.26	00:17:06.484		1.35245			4
2025.12.26	00:17:22.210		1.35246			4
2025.12.26	00:17:23.139		1.35245			4
2025.12.26	00:18:00.108	1.35194				2
2025.12.26	00:18:23.201		1.35245			4
2025.12.26	00:18:38.297	1.35195	1.35243			6
2025.12.26	00:18:38.610	1.35191				2
2025.12.26	00:18:40.155	1.35193				2
2025.12.26	00:18:48.485	1.35139	1.35234			6
2025.12.26	00:18:48.790		1.35231			4
2025.12.26	00:18:49.722	1.35137				2
2025.12.26	00:18:50.036		1.35230			4
2025.12.26	00:18:52.496		1.35228			4
2025.12.26	00:18:54.345		1.35231			4
2025.12.26	00:19:00.203	1.35137				2
2025.12.26	00:19:08.214	1.35192	1.35242			6
2025.12.26	00:19:12.533		1.35241			4
2025.12.26	00:19:17.422	1.35191				2
2025.12.26	00:19:18.656	1.35137	1.35227			6
2025.12.26	00:19:18.959		1.35229			4
2025.12.26	00:19:21.418		1.35228			4
2025.12.26	00:19:23.280	1.35192	1.35241			6
2025.12.26	00:19:23.588	1.35193				2
2025.12.26	00:19:23.896	1.35192				2
2025.12.26	00:19:24.815		1.35242			4
2025.12.26	00:19:33.385	1.35137	1.35228			6
2025.12.26	00:19:39.846		1.35227			4
2025.12.26	00:19:49.088		1.35230			4
2025.12.26	00:19:50.008		1.35229			4
2025.12.26	00:19:53.392	1.35192	1.35242			6
2025.12.26	00:20:00.153	1.35192				2
2025.12.26	00:20:00.460	1.35148				2
2025.12.26	00:20:03.307	1.35139	1.35229			6
2025.12.26	00:20:03.623	1.35137				2
2025.12.26	00:20:08.255	1.35148	1.35242			6
2025.12.26	00:20:11.762		1.35241			4
2025.12.26	00:20:13.208		1.35240			4
2025.12.26	00:20:18.610	1.35137	1.35237			6
2025.12.26	00:20:19.002		1.35230			4
2025.12.26	00:20:24.859		1.35229			4
2025.12.26	00:20:38.399	1.35148	1.35240			6
2025.12.26	00:20:48.770	1.35137	1.35229			6
2025.12.26	00:20:53.406	1.35148	1.35239			6
2025.12.26	00:20:54.909		1.35240			4
2025.12.26	00:21:00.008	1.35148				2
2025.12.26	00:21:03.588	1.35137	1.35230			6
2025.12.26	00:21:04.203		1.35229			4
2025.12.26	00:21:08.260	1.35148	1.35240			6
2025.12.26	00:21:16.162		1.35244			4
2025.12.26	00:21:16.576		1.35243			4
2025.12.26	00:21:18.798	1.35137	1.35232			6
2025.12.26	00:21:23.111		1.35231			4
2025.12.26	00:21:23.412	1.35148	1.35242			6
2025.12.26	00:21:28.509		1.35243			4
2025.12.26	00:21:33.612	1.35137	1.35229			6
2025.12.26	00:21:37.926		1.35228			4
2025.12.26	00:21:38.232	1.35148	1.35241			6
2025.12.26	00:21:39.007		1.35242			4
2025.12.26	00:21:39.557		1.35241			4
2025.12.26	00:21:48.424	1.35137	1.35228			6
2025.12.26	00:21:49.961		1.35230			4
2025.12.26	00:21:53.340	1.35148	1.35242			6
2025.12.26	00:22:00.840	1.35148	1.35243			6
2025.12.26	00:22:03.638	1.35137	1.35231			6
2025.12.26	00:22:08.242	1.35148	1.35241			6
2025.12.26	00:22:18.449	1.35137	1.35230			6
2025.12.26	00:22:23.377	1.35148	1.35241			6
2025.12.26	00:22:33.666	1.35137	1.35230			6
2025.12.26	00:22:41.954		1.35231			4
2025.12.26	00:22:53.323	1.35148	1.35242			6
2025.12.26	00:23:00.908	1.35148				2
2025.12.26	00:23:02.108		1.35243			4
2025.12.26	00:23:03.610	1.35137	1.35231			6
2025.12.26	00:23:03.916		1.35230			4
2025.12.26	00:23:08.227	1.35148	1.35242			6
2025.12.26	00:23:08.679		1.35241			4
2025.12.26	00:23:08.984		1.35242			4
2025.12.26	00:23:17.109		1.35243			4
2025.12.26	00:23:18.506	1.35137	1.35230			6
2025.12.26	00:23:23.120	1.35141				2
2025.12.26	00:23:23.430	1.35148	1.35239			6
2025.12.26	00:23:24.049		1.35242			4
2025.12.26	00:23:30.822		1.35241			4
2025.12.26	00:23:32.409		1.35240			4
2025.12.26	00:23:33.609	1.35137	1.35231			6
2025.12.26	00:23:41.000		1.35230			4
2025.12.26	00:23:42.855		1.35229			4
2025.12.26	00:23:49.954		1.35231			4
2025.12.26	00:23:50.267		1.35232			4
2025.12.26	00:23:53.410	1.35148	1.35246			6
2025.12.26	00:23:53.752		1.35244			4
2025.12.26	00:23:59.663		1.35242			4
2025.12.26	00:24:00.607	1.35148	1.35243			6
2025.12.26	00:24:02.411		1.35245			4
2025.12.26	00:24:03.750	1.35137	1.35229			6
2025.12.26	00:24:04.054		1.35228			4
2025.12.26	00:24:08.374	1.35148	1.35245			6
2025.12.26	00:24:18.562	1.35137	1.35230			6
2025.12.26	00:24:26.901		1.35227			4
2025.12.26	00:24:38.301	1.35148	1.35244			6
2025.12.26	00:24:48.590	1.35137	1.35230			6
2025.12.26	00:24:49.815		1.35229			4
2025.12.26	00:24:51.673		1.35230			4
2025.12.26	00:24:53.414	1.35148	1.35244			6
2025.12.26	00:25:00.909	1.35148				2
2025.12.26	00:25:03.801	1.35137	1.35231			6
2025.12.26	00:25:11.386		1.35230			4
2025.12.26	00:25:13.858		1.35231			4
2025.12.26	00:25:17.016		1.35228			4
2025.12.26	00:25:21.019		1.35229			4
2025.12.26	00:25:23.173	1.35148	1.35241			6
2025.12.26	00:25:33.427	1.35137	1.35230			6
2025.12.26	00:25:36.525		1.35231			4
2025.12.26	00:25:38.414	1.35148	1.35242			6
2025.12.26	00:25:38.796		1.35241			4
2025.12.26	00:25:39.823		1.35239			4
2025.12.26	00:25:48.640	1.35137	1.35229			6
2025.12.26	00:25:53.135	1.35148				2
2025.12.26	00:25:53.438		1.35241			4
2025.12.26	00:25:55.808		1.35242			4
2025.12.26	00:26:01.208	1.35148				2
2025.12.26	00:26:03.456	1.35137	1.35229			6
2025.12.26	00:26:10.239		1.35227			4
2025.12.26	00:26:23.194	1.35148	1.35243			6
2025.12.26	00:26:31.887		1.35242			4
2025.12.26	00:26:32.407		1.35241			4
2025.12.26	00:26:33.482	1.35137	1.35224			6
2025.12.26	00:26:34.098		1.35227			4
2025.12.26	00:26:38.415	1.35148	1.35243			6
2025.12.26	00:26:39.609		1.35244			4
2025.12.26	00:26:47.064		1.35240			4
2025.12.26	00:26:47.706		1.35239			4
2025.12.26	00:26:48.061		1.35240			4
2025.12.26	00:26:48.700	1.35137	1.35227			6
2025.12.26	00:26:53.317	1.35148	1.35243			6
2025.12.26	00:26:56.783		1.35242			4
2025.12.26	00:26:57.588		1.35240			4
2025.12.26	00:27:00.034	1.35148				2
2025.12.26	00:27:01.808		1.35241			4
2025.12.26	00:27:03.308	1.35137	1.35231			6
2025.12.26	00:27:03.773		1.35227			4
2025.12.26	00:27:05.617		1.35223			4
2025.12.26	00:27:06.853		1.35226			4
2025.12.26	00:27:12.701		1.35223			4
2025.12.26	00:27:13.625		1.35226			4
2025.12.26	00:27:18.866		1.35222			4
2025.12.26	00:27:19.800		1.35224			4
2025.12.26	00:27:20.103		1.35226			4
2025.12.26	00:27:23.189	1.35148	1.35238			6
2025.12.26	00:27:26.858		1.35239			4
2025.12.26	00:27:27.309		1.35240			4
2025.12.26	00:27:28.510		1.35241			4
2025.12.26	00:27:33.308	1.35137	1.35226			6
2025.12.26	00:27:33.613		1.35223			4
2025.12.26	00:27:33.921		1.35222			4
2025.12.26	00:27:38.228	1.35148	1.35239			6
2025.12.26	00:27:39.222		1.35236			4
2025.12.26	00:27:39.876		1.35235			4
2025.12.26	00:27:43.840		1.35234			4
2025.12.26	00:27:44.408		1.35233			4
2025.12.26	00:27:48.748	1.35137	1.35221			6
2025.12.26	00:27:55.518		1.35222			4
2025.12.26	00:27:56.765		1.35225			4
2025.12.26	00:28:00.157	1.35137				2
2025.12.26	00:28:02.627		1.35221			4
2025.12.26	00:28:02.937		1.35220			4
2025.12.26	00:28:03.559		1.35224			4
2025.12.26	00:28:07.568		1.35222			4
2025.12.26	00:28:08.189	1.35148	1.35234			6
2025.12.26	00:28:13.736		1.35235			4
2025.12.26	00:28:15.010		1.35236			4
2025.12.26	00:28:18.754	1.35137	1.35222			6
2025.12.26	00:28:19.684		1.35223			4
2025.12.26	00:28:23.375	1.35148	1.35234			6
2025.12.26	00:28:26.782		1.35233			4
2025.12.26	00:28:33.599	1.35137	1.35224			6
2025.12.26	00:28:36.686		1.35221			4
2025.12.26	00:28:37.606		1.35220			4
2025.12.26	00:28:42.543		1.35222			4
2025.12.26	00:28:43.780		1.35223			4
2025.12.26	00:28:53.340	1.35148	1.35233			6
2025.12.26	00:28:54.010		1.35234			4
2025.12.26	00:28:56.309		1.35233			4
2025.12.26	00:29:00.308	1.35148				2
2025.12.26	00:29:03.615	1.35137	1.35223			6
2025.12.26	00:29:03.925		1.35221			4
2025.12.26	00:29:04.851		1.35222			4
2025.12.26	00:29:06.707		1.35220			4
2025.12.26	00:29:07.937		1.35221			4
2025.12.26	00:29:08.244	1.35148	1.35239			6
2025.12.26	00:29:12.910		1.35241			4
2025.12.26	00:29:18.429	1.35137	1.35222			6
2025.12.26	00:29:18.740		1.35221			4
2025.12.26	00:29:29.848		1.35222			4
2025.12.26	00:29:31.106		1.35224			4
2025.12.26	00:29:34.843		1.35221			4
2025.12.26	00:29:35.157		1.35219			4
2025.12.26	00:29:35.785		1.35223			4
2025.12.26	00:29:38.261	1.35148	1.35239			6
2025.12.26	00:29:48.458	1.35137	1.35222			6
2025.12.26	00:29:48.764		1.35219			4
2025.12.26	00:29:49.069		1.35222			4
2025.12.26	00:29:53.394	1.35148	1.35240			6
2025.12.26	00:29:53.984		1.35242			4
2025.12.26	00:30:00.411	1.35148	1.35244			6
2025.12.26	00:30:01.058		1.35233			4
2025.12.26	00:30:01.508		1.35232			4
2025.12.26	00:30:01.988		1.35236			4
2025.12.26	00:30:03.151		1.35231			4
2025.12.26	00:30:03.453	1.35147	1.35221			6
2025.12.26	00:30:03.761		1.35217			4
2025.12.26	00:30:04.984		1.35215			4
2025.12.26	00:30:05.299		1.35217			4
2025.12.26	00:30:05.912		1.35216			4
2025.12.26	00:30:06.217		1.35215			4
2025.12.26	00:30:08.352		1.35217			4
2025.12.26	00:30:10.814		1.35216			4
2025.12.26	00:30:11.729		1.35218			4
2025.12.26	00:30:12.954		1.35216			4
2025.12.26	00:30:17.881		1.35224			4
2025.12.26	00:30:18.499		1.35221			4
2025.12.26	00:30:18.808		1.35218			4
2025.12.26	00:30:19.110		1.35214			4
2025.12.26	00:30:24.028		1.35215			4
2025.12.26	00:30:28.322		1.35208			4
2025.12.26	00:30:29.841		1.35216			4
2025.12.26	00:30:30.756		1.35214			4
2025.12.26	00:30:31.077		1.35223			4
2025.12.26	00:30:32.005		1.35212			4
2025.12.26	00:30:32.307		1.35214			4
2025.12.26	00:30:35.976		1.35213			4
2025.12.26	00:30:36.890		1.35212			4
2025.12.26	00:30:41.806		1.35213			4
2025.12.26	00:30:42.112		1.35214			4
2025.12.26	00:30:43.028		1.35212			4
2025.12.26	00:30:46.707		1.35214			4
2025.12.26	00:30:47.016		1.35221			4
2025.12.26	00:30:47.956		1.35214			4
2025.12.26	00:30:48.560		1.35212			4
2025.12.26	00:30:51.008		1.35214			4
2025.12.26	00:30:53.750		1.35217			4
2025.12.26	00:30:54.051		1.35223			4
2025.12.26	00:30:54.987		1.35212			4
2025.12.26	00:30:58.974		1.35220			4
2025.12.26	00:30:59.888		1.35221			4
2025.12.26	00:31:00.199	1.35147	1.35213			6
2025.12.26	00:31:02.955		1.35212			4
2025.12.26	00:31:05.709		1.35213			4
2025.12.26	00:31:06.010		1.35220			4
2025.12.26	00:31:06.940		1.35221			4
2025.12.26	00:31:07.246		1.35214			4
2025.12.26	00:31:11.838		1.35220			4
2025.12.26	00:31:12.769		1.35221			4
2025.12.26	00:31:13.082		1.35212			4
2025.12.26	00:31:17.073		1.35219			4
2025.12.26	00:31:17.998		1.35213			4
2025.12.26	00:31:18.911		1.35212			4
2025.12.26	00:31:22.265		1.35213			4
2025.12.26	00:31:22.568		1.35219			4
2025.12.26	00:31:23.188		1.35214			4
2025.12.26	00:31:23.489		1.35212			4
2025.12.26	00:31:29.952		1.35219			4
2025.12.26	00:31:31.206		1.35211			4
2025.12.26	00:31:34.864		1.35219			4
2025.12.26	00:31:36.098		1.35211			4
2025.12.26	00:31:41.922		1.35219			4
2025.12.26	00:31:43.162		1.35212			4
2025.12.26	00:31:46.827		1.35211			4
2025.12.26	00:31:48.057		1.35220			4
2025.12.26	00:31:48.982		1.35219			4
2025.12.26	00:31:49.296		1.35210			4
2025.12.26	00:31:52.962		1.35212			4
2025.12.26	00:31:53.886		1.35220			4
2025.12.26	00:31:54.802		1.35218			4
2025.12.26	00:31:55.106		1.35212			4
2025.12.26	00:31:59.080		1.35219			4
2025.12.26	00:32:00.006	1.35147				2
2025.12.26	00:32:00.312		1.35211			4
2025.12.26	00:32:04.009		1.35212			4
2025.12.26	00:32:04.316		1.35219			4
2025.12.26	00:32:04.931		1.35218			4
2025.12.26	00:32:05.869		1.35211			4
2025.12.26	00:32:11.095		1.35219			4
2025.12.26	00:32:12.024		1.35211			4
2025.12.26	00:32:17.830		1.35217			4
2025.12.26	00:32:19.076		1.35211			4
2025.12.26	00:32:24.007		1.35220			4
2025.12.26	00:32:24.310		1.35219			4
2025.12.26	00:32:24.922		1.35218			4
2025.12.26	00:32:25.233		1.35212			4
2025.12.26	00:32:25.537		1.35210			4
2025.12.26	00:32:29.829		1.35218			4
2025.12.26	00:32:30.765		1.35214			4
2025.12.26	00:32:31.073		1.35210			4
2025.12.26	00:32:31.378		1.35212			4
2025.12.26	00:32:31.682		1.35211			4
2025.12.26	00:32:35.058		1.35218			4
2025.12.26	00:32:35.981		1.35212			4
2025.12.26	00:32:36.285		1.35211			4
2025.12.26	00:32:40.895		1.35220			4
2025.12.26	00:32:41.202		1.35219			4
2025.12.26	00:32:41.818		1.35218			4
2025.12.26	00:32:42.123		1.35211			4
2025.12.26	00:32:43.974		1.35210			4
2025.12.26	00:32:47.028		1.35218			4
2025.12.26	00:32:47.960		1.35214			4
2025.12.26	00:32:48.263		1.35211			4
2025.12.26	00:32:49.178	1.35143				2
2025.12.26	00:32:54.123		1.35217			4
2025.12.26	00:32:54.739		1.35214			4
2025.12.26	00:32:55.051		1.35222			4
2025.12.26	00:32:55.355		1.35221			4
2025.12.26	00:32:55.981		1.35214			4
2025.12.26	00:33:00.291	1.35143				2
2025.12.26	00:33:02.764		1.35212			4
2025.12.26	00:33:03.067		1.35219			4
2025.12.26	00:33:03.684		1.35218			4
2025.12.26	00:33:03.994		1.35210			4
2025.12.26	00:33:04.902		1.35220			4
2025.12.26	00:33:05.838		1.35210			4
2025.12.26	00:33:06.148		1.35214			4
2025.12.26	00:33:11.393		1.35215			4
2025.12.26	00:33:11.701		1.35213			4
2025.12.26	00:33:12.008		1.35218			4
2025.12.26	00:33:12.938		1.35211			4
2025.12.26	00:33:13.850		1.35209			4
2025.12.26	00:33:15.675		1.35211			4
2025.12.26	00:33:15.976		1.35218			4
2025.12.26	00:33:16.595		1.35219			4
2025.12.26	00:33:17.826		1.35212			4
2025.12.26	00:33:18.438		1.35210			4
2025.12.26	00:33:23.963		1.35218			4
2025.12.26	00:33:24.900		1.35217			4
2025.12.26	00:33:25.208		1.35215			4
2025.12.26	00:33:25.837		1.35213			4
2025.12.26	00:33:28.969		1.35214			4
2025.12.26	00:33:29.909		1.35217			4
2025.12.26	00:33:30.224		1.35218			4
2025.12.26	00:33:30.842		1.35217			4
2025.12.26	00:33:31.152		1.35214			4
2025.12.26	00:33:34.874		1.35217			4
2025.12.26	00:33:35.183		1.35220			4
2025.12.26	00:33:35.812		1.35218			4
2025.12.26	00:33:36.123		1.35213			4
2025.12.26	00:33:40.172		1.35211			4
2025.12.26	00:33:40.806		1.35218			4
2025.12.26	00:33:41.117		1.35216			4
2025.12.26	00:33:41.430		1.35213			4
2025.12.26	00:33:42.049		1.35214			4
2025.12.26	00:33:45.762		1.35213			4
2025.12.26	00:33:46.077		1.35216			4
2025.12.26	00:33:47.003		1.35214			4
2025.12.26	00:33:52.002		1.35218			4
2025.12.26	00:33:52.927		1.35217			4
2025.12.26	00:33:53.246		1.35210			4
2025.12.26	00:33:53.860		1.35211			4
2025.12.26	00:33:58.765		1.35215			4
2025.12.26	00:33:59.086		1.35218			4
2025.12.26	00:33:59.702		1.35219			4
2025.12.26	00:34:00.017	1.35143	1.35212			6
2025.12.26	00:34:00.330		1.35213			4
2025.12.26	00:34:04.050		1.35212			4
2025.12.26	00:34:04.976		1.35220			4
2025.12.26	00:34:05.286		1.35214			4
2025.12.26	00:34:06.211		1.35215			4
2025.12.26	00:34:10.239		1.35214			4
2025.12.26	00:34:10.856		1.35222			4
2025.12.26	00:34:11.794		1.35220			4
2025.12.26	00:34:12.107		1.35213			4
2025.12.26	00:34:12.408		1.35214			4
2025.12.26	00:34:15.822		1.35217			4
2025.12.26	00:34:16.757		1.35218			4
2025.12.26	00:34:17.060		1.35213			4
2025.12.26	00:34:17.362		1.35211			4
2025.12.26	00:34:17.975		1.35210			4
2025.12.26	00:34:18.285		1.35211			4
2025.12.26	00:34:21.927		1.35220			4
2025.12.26	00:34:22.865		1.35211			4
2025.12.26	00:34:23.175		1.35213			4
2025.12.26	00:34:27.190		1.35217			4
2025.12.26	00:34:27.809		1.35223			4
2025.12.26	00:34:28.116		1.35222			4
2025.12.26	00:34:28.737		1.35218			4
2025.12.26	00:34:29.049		1.35214			4
2025.12.26	00:34:29.353		1.35213			4
2025.12.26	00:34:29.970		1.35212			4
2025.12.26	00:34:36.087		1.35221			4
2025.12.26	00:34:36.706		1.35213			4
2025.12.26	00:34:37.945		1.35214			4
2025.12.26	00:34:39.792		1.35212			4
2025.12.26	00:34:40.101		1.35221			4
2025.12.26	00:34:40.716		1.35219			4
2025.12.26	00:34:41.024		1.35215			4
2025.12.26	00:34:41.947		1.35213			4
2025.12.26	00:34:46.887		1.35218			4
2025.12.26	00:34:47.195		1.35221			4
2025.12.26	00:34:47.816		1.35219			4
2025.12.26	00:34:48.123		1.35215			4
2025.12.26	00:34:51.838		1.35217			4
2025.12.26	00:34:52.147		1.35222			4
2025.12.26	00:34:52.760		1.35218			4
2025.12.26	00:34:53.073		1.35214			4
2025.12.26	00:34:57.713		1.35211			4
2025.12.26	00:34:58.024		1.35219			4
2025.12.26	00:34:58.952		1.35213			4
2025.12.26	00:34:59.266		1.35216			4
2025.12.26	00:34:59.879		1.35214			4
2025.12.26	00:35:00.189	1.35143				2
2025.12.26	00:35:01.423		1.35213			4
2025.12.26	00:35:04.207		1.35223			4
2025.12.26	00:35:05.130		1.35218			4
2025.12.26	00:35:05.435		1.35217			4
2025.12.26	00:35:05.744		1.35210			4
2025.12.26	00:35:06.045		1.35215			4
2025.12.26	00:35:09.113		1.35213			4
2025.12.26	00:35:10.043		1.35222			4
2025.12.26	00:35:10.354		1.35220			4
2025.12.26	00:35:10.975		1.35214			4
2025.12.26	00:35:15.908		1.35213			4
2025.12.26	00:35:16.218		1.35220			4
2025.12.26	00:35:16.837		1.35219			4
2025.12.26	00:35:17.143		1.35217			4
2025.12.26	00:35:17.453		1.35216			4
2025.12.26	00:35:22.693		1.35213			4
2025.12.26	00:35:23.002		1.35220			4
2025.12.26	00:35:23.928		1.35214			4
2025.12.26	00:35:24.234		1.35216			4
2025.12.26	00:35:24.856		1.35214			4
2025.12.26	00:35:29.786		1.35212			4
2025.12.26	00:35:30.096		1.35221			4
2025.12.26	00:35:30.719		1.35222			4
2025.12.26	00:35:31.025		1.35215			4
2025.12.26	00:35:31.333		1.35216			4
2025.12.26	00:35:31.948		1.35213			4
2025.12.26	00:35:34.106		1.35217			4
2025.12.26	00:35:35.032		1.35218			4
2025.12.26	00:35:35.336		1.35213			4
2025.12.26	00:35:35.648		1.35212			4
2025.12.26	00:35:41.181		1.35215			4
2025.12.26	00:35:42.099		1.35214			4
2025.12.26	00:35:45.803		1.35213			4
2025.12.26	00:35:46.109		1.35215			4
2025.12.26	00:35:46.735		1.35213			4
2025.12.26	00:35:47.974		1.35212			4
2025.12.26	00:35:54.758		1.35211			4
2025.12.26	00:35:55.070		1.35213			4
2025.12.26	00:35:55.682		1.35212			4
2025.12.26	00:35:55.988		1.35214			4
2025.12.26	00:35:56.912		1.35213			4
2025.12.26	00:35:57.225		1.35212			4
2025.12.26	00:35:59.692		1.35211			4
2025.12.26	00:36:00.000	1.35143	1.35214			6
2025.12.26	00:36:00.616		1.35215			4
2025.12.26	00:36:00.919		1.35213			4
2025.12.26	00:36:01.223		1.35214			4
2025.12.26	00:36:01.850		1.35212			4
2025.12.26	00:36:04.012		1.35213			4
2025.12.26	00:36:04.629		1.35209			4
2025.12.26	00:36:06.189		1.35210			4
2025.12.26	00:36:10.768		1.35209			4
2025.12.26	00:36:11.989		1.35212			4
2025.12.26	00:36:13.233		1.35210			4
2025.12.26	00:36:17.822		1.35212			4
2025.12.26	00:36:18.128		1.35211			4
2025.12.26	00:36:18.438		1.35212			4
2025.12.26	00:36:22.135		1.35211			4
2025.12.26	00:36:22.450		1.35208			4
2025.12.26	00:36:23.059		1.35211			4
2025.12.26	00:36:25.818		1.35212			4
2025.12.26	00:36:27.051	1.35123	1.35222			6
2025.12.26	00:36:27.421		1.35217			4
2025.12.26	00:36:28.037		1.35209			4
2025.12.26	00:36:28.980		1.35219			4
2025.12.26	00:36:29.601		1.35217			4
2025.12.26	00:36:29.907		1.35219			4
2025.12.26	00:36:31.130		1.35218			4
2025.12.26	00:36:32.055		1.35237			4
2025.12.26	00:36:32.373		1.35235			4
2025.12.26	00:36:32.679		1.35232			4
2025.12.26	00:36:32.990		1.35231			4
2025.12.26	00:36:33.298		1.35226			4
2025.12.26	00:36:33.942	1.35139				2
2025.12.26	00:36:34.960		1.35222			4
2025.12.26	00:36:35.878		1.35221			4
2025.12.26	00:36:36.800		1.35224			4
2025.12.26	00:36:39.907		1.35225			4
2025.12.26	00:36:47.108		1.35224			4
2025.12.26	00:36:55.406	1.35143	1.35213			6
2025.12.26	00:36:56.344		1.35214			4
2025.12.26	00:37:00.057	1.35143				2
2025.12.26	00:37:56.234		1.35215			4
2025.12.26	00:38:00.257	1.35143				2
2025.12.26	00:38:07.058		1.35213			4
2025.12.26	00:38:19.463		1.35211			4
2025.12.26	00:38:38.114		1.35212			4
2025.12.26	00:38:38.427		1.35214			4
2025.12.26	00:38:45.592		1.35212			4
2025.12.26	00:38:47.160		1.35213			4
2025.12.26	00:39:00.223	1.35143				2
2025.12.26	00:39:34.088		1.35212			4
2025.12.26	00:39:36.573		1.35213			4
2025.12.26	00:39:37.803		1.35214			4
2025.12.26	00:39:53.688		1.35213			4
2025.12.26	00:40:00.186	1.35143				2
2025.12.26	00:40:02.672		1.35211			4
2025.12.26	00:40:02.980		1.35214			4
2025.12.26	00:40:08.886		1.35213			4
2025.12.26	00:40:12.624		1.35212			4
2025.12.26	00:40:19.763		1.35215			4
2025.12.26	00:40:20.685		1.35214			4
2025.12.26	00:40:24.723		1.35215			4
2025.12.26	00:40:26.268		1.35212			4
2025.12.26	00:40:34.671		1.35214			4
2025.12.26	00:40:35.902		1.35213			4
2025.12.26	00:40:37.774		1.35214			4
2025.12.26	00:40:39.945		1.35213			4
2025.12.26	00:40:40.878		1.35214			4
2025.12.26	00:40:43.669		1.35213			4
2025.12.26	00:40:44.897		1.35215			4
2025.12.26	00:40:45.517		1.35214			4
2025.12.26	00:40:47.703		1.35213			4
2025.12.26	00:40:48.010		1.35212			4
2025.12.26	00:41:00.106	1.35143				2
2025.12.26	00:41:20.580		1.35215			4
2025.12.26	00:41:20.881		1.35213			4
2025.12.26	00:41:23.043		1.35212			4
2025.12.26	00:41:26.161		1.35213			4
2025.12.26	00:41:39.804		1.35214			4
2025.12.26	00:41:40.733		1.35211			4
2025.12.26	00:41:45.701		1.35212			4
2025.12.26	00:41:52.830		1.35214			4
2025.12.26	00:41:55.947		1.35213			4
2025.12.26	00:41:59.686		1.35214			4
2025.12.26	00:42:00.312	1.35143				2
2025.12.26	00:42:00.936		1.35212			4
2025.12.26	00:42:04.673		1.35214			4
2025.12.26	00:42:05.912		1.35212			4
2025.12.26	00:42:08.720		1.35214			4
2025.12.26	00:42:09.646		1.35212			4
2025.12.26	00:42:11.824		1.35214			4
2025.12.26	00:42:12.757		1.35212			4
2025.12.26	00:42:16.789		1.35211			4
2025.12.26	00:42:17.719		1.35212			4
2025.12.26	00:42:20.195		1.35211			4
2025.12.26	00:42:21.122		1.35212			4
2025.12.26	00:42:23.905		1.35211			4
2025.12.26	00:42:36.649		1.35213			4
2025.12.26	00:42:36.953		1.35211			4
2025.12.26	00:42:53.419	1.35147				2
2025.12.26	00:42:53.727	1.35148				2
2025.12.26	00:43:00.230	1.35148				2
2025.12.26	00:43:09.189		1.35213			4
2025.12.26	00:43:09.807		1.35214			4
2025.12.26	00:43:11.652		1.35213			4
2025.12.26	00:43:12.276		1.35212			4
2025.12.26	00:43:47.859	1.35147				2
2025.12.26	00:44:00.218	1.35147				2
2025.12.26	00:44:12.289		1.35212			4
2025.12.26	00:44:42.339	1.35155	1.35232			6
2025.12.26	00:44:42.642	1.35149	1.35225			6
2025.12.26	00:44:42.948	1.35145	1.35222			6
2025.12.26	00:44:44.783	1.35142	1.35224			6
2025.12.26	00:44:45.698	1.35146	1.35239			6
2025.12.26	00:44:46.011	1.35148	1.35224			6
2025.12.26	00:44:46.623	1.35150	1.35225			6
2025.12.26	00:44:46.928	1.35133	1.35242			6
2025.12.26	00:44:47.232		1.35246			4
2025.12.26	00:44:47.540		1.35234			4
2025.12.26	00:44:47.855		1.35232			4
2025.12.26	00:44:48.163		1.35235			4
2025.12.26	00:44:48.477		1.35245			4
2025.12.26	00:44:48.788		1.35234			4
2025.12.26	00:44:49.095		1.35244			4
2025.12.26	00:44:49.396		1.35229			4
2025.12.26	00:44:50.024		1.35227			4
2025.12.26	00:44:50.634		1.35225			4
2025.12.26	00:44:51.567		1.35228			4
2025.12.26	00:44:53.723		1.35227			4
2025.12.26	00:44:56.502		1.35225			4
2025.12.26	00:44:57.123	1.35084				2
2025.12.26	00:44:57.735		1.35227			4
2025.12.26	00:45:00.206	1.35084	1.35228			6
2025.12.26	00:45:01.144		1.35225			4
2025.12.26	00:45:01.449		1.35229			4
2025.12.26	00:45:02.994	1.35064				2
2025.12.26	00:45:05.470	1.35063				2
2025.12.26	00:45:06.410	1.35084				2
2025.12.26	00:45:08.263		1.35228			4
2025.12.26	00:45:09.194	1.35085	1.35239			6
2025.12.26	00:45:09.500	1.35084	1.35240			6
2025.12.26	00:45:12.121	1.35100	1.35224			6
2025.12.26	00:45:14.640	1.35101	1.35213			6
2025.12.26	00:45:14.940	1.35100	1.35214			6
2025.12.26	00:45:15.241		1.35215			4
2025.12.26	00:45:15.555		1.35221			4
2025.12.26	00:45:17.408	1.35150				2
2025.12.26	00:45:19.874		1.35217			4
2025.12.26	00:45:20.181		1.35218			4
2025.12.26	00:45:20.802		1.35224			4
2025.12.26	00:45:21.110		1.35221			4
2025.12.26	00:45:23.584		1.35219			4
2025.12.26	00:45:24.512		1.35230			4
2025.12.26	00:45:24.823		1.35223			4
2025.12.26	00:45:25.128		1.35217			4
2025.12.26	00:45:27.598		1.35214			4
2025.12.26	00:45:28.522		1.35206			4
2025.12.26	00:45:29.451		1.35239			4
2025.12.26	00:45:31.318		1.35228			4
2025.12.26	00:45:31.939		1.35212			4
2025.12.26	00:45:32.865		1.35223			4
2025.12.26	00:45:33.186		1.35222			4
2025.12.26	00:45:36.587		1.35213			4
2025.12.26	00:45:36.896		1.35214			4
2025.12.26	00:45:37.812		1.35219			4
2025.12.26	00:45:40.608		1.35223			4
2025.12.26	00:45:40.915		1.35214			4
2025.12.26	00:45:41.529		1.35221			4
2025.12.26	00:45:43.688		1.35218			4
2025.12.26	00:45:44.619		1.35240			4
2025.12.26	00:45:44.927		1.35232			4
2025.12.26	00:45:45.234		1.35218			4
2025.12.26	00:45:46.183		1.35228			4
2025.12.26	00:45:47.718		1.35221			4
2025.12.26	00:45:48.659	1.35151	1.35227			6
2025.12.26	00:45:50.819		1.35216			4
2025.12.26	00:45:52.685		1.35207			4
2025.12.26	00:45:53.622		1.35238			4
2025.12.26	00:45:54.245		1.35229			4
2025.12.26	00:45:54.870		1.35221			4
2025.12.26	00:45:55.798		1.35220			4
2025.12.26	00:45:56.725		1.35223			4
2025.12.26	00:45:57.034		1.35221			4
2025.12.26	00:46:00.145	1.35151				2
2025.12.26	00:46:01.685		1.35218			4
2025.12.26	00:46:02.620		1.35219			4
2025.12.26	00:46:02.934		1.35217			4
2025.12.26	00:46:03.555		1.35222			4
2025.12.26	00:46:03.866	1.35158				2
2025.12.26	00:46:05.421		1.35221			4
2025.12.26	00:46:08.523		1.35216			4
2025.12.26	00:46:08.834		1.35214			4
2025.12.26	00:46:09.452		1.35212			4
2025.12.26	00:46:09.761		1.35221			4
2025.12.26	00:46:11.616		1.35213			4
2025.12.26	00:46:12.227		1.35214			4
2025.12.26	00:46:12.536		1.35222			4
2025.12.26	00:46:12.848		1.35223			4
2025.12.26	00:46:16.562		1.35224			4
2025.12.26	00:46:16.871		1.35219			4
2025.12.26	00:46:17.188		1.35221			4
2025.12.26	00:46:17.501		1.35223			4
2025.12.26	00:46:17.809		1.35217			4
2025.12.26	00:46:19.974	1.35109				2
2025.12.26	00:46:20.595	1.35100	1.35209			6
2025.12.26	00:46:21.210		1.35211			4
2025.12.26	00:46:21.517		1.35228			4
2025.12.26	00:46:24.624		1.35230			4
2025.12.26	00:46:24.934		1.35225			4
2025.12.26	00:46:25.252		1.35221			4
2025.12.26	00:46:27.738		1.35219			4
2025.12.26	00:46:28.056		1.35220			4
2025.12.26	00:46:28.366		1.35219			4
2025.12.26	00:46:28.667		1.35221			4
2025.12.26	00:46:28.988		1.35220			4
2025.12.26	00:46:29.292		1.35218			4
2025.12.26	00:46:32.100		1.35217			4
2025.12.26	00:46:32.711		1.35209			4
2025.12.26	00:46:33.012		1.35221			4
2025.12.26	00:46:33.640		1.35229			4
2025.12.26	00:46:33.947	1.35097				2
2025.12.26	00:46:35.495		1.35228			4
2025.12.26	00:46:35.811		1.35224			4
2025.12.26	00:46:36.121	1.35159				2
2025.12.26	00:46:36.740		1.35222			4
2025.12.26	00:46:40.447		1.35224			4
2025.12.26	00:46:40.755		1.35215			4
2025.12.26	00:46:41.681		1.35221			4
2025.12.26	00:46:44.780		1.35216			4
2025.12.26	00:46:45.089		1.35214			4
2025.12.26	00:46:46.006		1.35221			4
2025.12.26	00:46:48.799		1.35223			4
2025.12.26	00:46:49.101		1.35221			4
2025.12.26	00:46:50.018		1.35222			4
2025.12.26	00:46:50.331		1.35221			4
2025.12.26	00:46:50.949		1.35218			4
2025.12.26	00:46:51.875		1.35210			4
2025.12.26	00:46:53.116		1.35221			4
2025.12.26	00:46:54.038		1.35218			4
2025.12.26	00:46:56.808		1.35211			4
2025.12.26	00:46:57.116		1.35214			4
2025.12.26	00:46:57.426		1.35215			4
2025.12.26	00:46:57.730		1.35223			4
2025.12.26	00:47:00.193	1.35159				2
2025.12.26	00:47:00.803		1.35216			4
2025.12.26	00:47:01.109		1.35215			4
2025.12.26	00:47:01.724		1.35224			4
2025.12.26	00:47:02.032		1.35222			4
2025.12.26	00:47:02.957	1.35080				2
2025.12.26	00:47:04.808	1.35079	1.35223			6
2025.12.26	00:47:05.116	1.35080	1.35221			6
2025.12.26	00:47:05.423		1.35218			4
2025.12.26	00:47:05.735	1.35081				2
2025.12.26	00:47:06.041		1.35221			4
2025.12.26	00:47:06.354	1.35159				2
2025.12.26	00:47:06.657	1.35097				2
2025.12.26	00:47:08.813		1.35215			4
2025.12.26	00:47:09.737		1.35223			4
2025.12.26	00:47:10.050		1.35217			4
2025.12.26	00:47:12.837		1.35211			4
2025.12.26	00:47:13.149		1.35222			4
2025.12.26	00:47:13.760		1.35230			4
2025.12.26	00:47:14.067		1.35228			4
2025.12.26	00:47:15.922		1.35231			4
2025.12.26	00:47:16.232		1.35224			4
2025.12.26	00:47:16.851		1.35225			4
2025.12.26	00:47:17.158		1.35223			4
2025.12.26	00:47:20.848		1.35225			4
2025.12.26	00:47:21.155		1.35221			4
2025.12.26	00:47:21.469		1.35219			4
2025.12.26	00:47:21.770		1.35225			4
2025.12.26	00:47:22.079		1.35223			4
2025.12.26	00:47:23.930		1.35224			4
2025.12.26	00:47:24.866		1.35226			4
2025.12.26	00:47:25.167		1.35221			4
2025.12.26	00:47:25.477		1.35220			4
2025.12.26	00:47:25.785		1.35224			4
2025.12.26	00:47:26.095		1.35223			4
2025.12.26	00:47:28.871		1.35221			4
2025.12.26	00:47:29.179	1.35100				2
2025.12.26	00:47:29.794		1.35223			4
2025.12.26	00:47:30.103		1.35221			4
2025.12.26	00:47:30.410		1.35218			4
2025.12.26	00:47:31.957		1.35220			4
2025.12.26	00:47:32.891		1.35211			4
2025.12.26	00:47:33.822		1.35229			4
2025.12.26	00:47:34.139		1.35227			4
2025.12.26	00:47:34.453		1.35217			4
2025.12.26	00:47:35.999		1.35211			4
2025.12.26	00:47:36.310		1.35215			4
2025.12.26	00:47:36.627		1.35216			4
2025.12.26	00:47:36.947		1.35228			4
2025.12.26	00:47:37.256		1.35227			4
2025.12.26	00:47:39.729		1.35229			4
2025.12.26	00:47:40.044		1.35227			4
2025.12.26	00:47:40.359		1.35219			4
2025.12.26	00:47:40.975		1.35224			4
2025.12.26	00:47:41.286		1.35223			4
2025.12.26	00:47:43.135		1.35226			4
2025.12.26	00:47:43.448		1.35220			4
2025.12.26	00:47:44.065		1.35229			4
2025.12.26	00:47:44.371	1.35159				2
2025.12.26	00:47:49.030		1.35224			4
2025.12.26	00:47:49.946		1.35233			4
2025.12.26	00:47:50.258		1.35229			4
2025.12.26	00:47:53.674		1.35221			4
2025.12.26	00:47:54.609		1.35220			4
2025.12.26	00:47:55.532		1.35225			4
2025.12.26	00:47:55.840		1.35223			4
2025.12.26	00:47:56.153		1.35222			4
2025.12.26	00:47:59.544		1.35226			4
2025.12.26	00:47:59.850		1.35220			4
2025.12.26	00:48:00.163	1.35159				2
2025.12.26	00:48:00.776		1.35223			4
2025.12.26	00:48:04.799		1.35221			4
2025.12.26	00:48:06.037		1.35222			4
2025.12.26	00:48:07.611		1.35223			4
2025.12.26	00:48:09.767		1.35215			4
2025.12.26	00:48:10.703		1.35222			4
2025.12.26	00:48:11.632		1.35230			4
2025.12.26	00:48:11.940		1.35229			4
2025.12.26	00:48:15.049	1.35100				2
2025.12.26	00:48:15.672		1.35221			4
2025.12.26	00:48:15.980		1.35211			4
2025.12.26	00:48:16.608		1.35207			4
2025.12.26	00:48:20.013		1.35210			4
2025.12.26	00:48:22.179		1.35212			4
2025.12.26	00:48:23.101		1.35215			4
2025.12.26	00:48:25.261		1.35217			4
2025.12.26	00:48:26.818		1.35216			4
2025.12.26	00:48:37.966		1.35215			4
2025.12.26	00:48:41.969		1.35216			4
2025.12.26	00:48:42.277		1.35215			4
2025.12.26	00:48:42.887		1.35214			4
2025.12.26	00:48:43.822	1.35112				2
2025.12.26	00:48:44.124	1.35100	1.35217			6
2025.12.26	00:49:00.055	1.35100				2
2025.12.26	00:49:00.664	1.35159				2
2025.12.26	00:49:09.259		1.35197			4
2025.12.26	00:49:09.563		1.35212			4
2025.12.26	00:49:09.877		1.35215			4
2025.12.26	00:49:16.626		1.35202			4
2025.12.26	00:49:18.168		1.35201			4
2025.12.26	00:49:19.696		1.35203			4
2025.12.26	00:49:20.000		1.35204			4
2025.12.26	00:49:21.845		1.35209			4
2025.12.26	00:49:23.079		1.35215			4
2025.12.26	00:49:24.931		1.35217			4
2025.12.26	00:49:31.717	1.35100				2
2025.12.26	00:49:32.025	1.35159				2
2025.12.26	00:49:42.854		1.35215			4
2025.12.26	00:49:44.698		1.35221			4
2025.12.26	00:49:49.613		1.35222			4
2025.12.26	00:49:51.146		1.35224			4
2025.12.26	00:49:52.063		1.35223			4
2025.12.26	00:49:54.522		1.35221			4
2025.12.26	00:49:54.827		1.35222			4
2025.12.26	00:50:00.032	1.35159				2
2025.12.26	00:50:02.789	1.35100				2
2025.12.26	00:50:08.016		1.35215			4
2025.12.26	00:50:08.319		1.35236			4
2025.12.26	00:50:08.939		1.35237			4
2025.12.26	00:50:12.001		1.35240			4
2025.12.26	00:50:12.302		1.35232			4
2025.12.26	00:50:12.614		1.35224			4
2025.12.26	00:50:19.047		1.35219			4
2025.12.26	00:50:19.353		1.35220			4
2025.12.26	00:50:19.971		1.35216			4
2025.12.26	00:50:21.199	1.35106				2
2025.12.26	00:50:24.276		1.35217			4
2025.12.26	00:50:29.799		1.35219			4
2025.12.26	00:50:31.956	1.35104	1.35218			6
2025.12.26	00:50:32.259		1.35220			4
2025.12.26	00:50:32.878		1.35221			4
2025.12.26	00:50:35.952		1.35218			4
2025.12.26	00:50:39.963		1.35219			4
2025.12.26	00:50:43.347		1.35220			4
2025.12.26	00:50:48.273		1.35219			4
2025.12.26	00:50:57.509	1.35156				2
2025.12.26	00:51:00.296	1.35156				2
2025.12.26	00:51:19.149		1.35217			4
2025.12.26	00:51:19.454		1.35222			4
2025.12.26	00:51:19.759		1.35219			4
2025.12.26	00:51:20.394		1.35218			4
2025.12.26	00:51:20.700		1.35221			4
2025.12.26	00:51:21.009		1.35222			4
2025.12.26	00:51:21.316		1.35223			4
2025.12.26	00:51:21.623		1.35218			4
2025.12.26	00:51:21.937		1.35215			4
2025.12.26	00:51:27.184		1.35216			4
2025.12.26	00:51:27.492		1.35214			4
2025.12.26	00:51:28.418	1.35104				2
2025.12.26	00:51:32.129		1.35215			4
2025.12.26	00:51:33.065		1.35217			4
2025.12.26	00:51:33.682		1.35216			4
2025.12.26	00:51:37.077		1.35217			4
2025.12.26	00:51:39.229		1.35216			4
2025.12.26	00:51:39.537		1.35217			4
2025.12.26	00:51:39.839	1.35107	1.35219			6
2025.12.26	00:51:40.145	1.35104	1.35218			6
2025.12.26	00:51:40.446		1.35224			4
2025.12.26	00:51:40.765		1.35226			4
2025.12.26	00:51:41.380	1.35106	1.35220			6
2025.12.26	00:51:41.681	1.35104				2
2025.12.26	00:51:43.227		1.35219			4
2025.12.26	00:51:43.847		1.35214			4
2025.12.26	00:51:44.155		1.35221			4
2025.12.26	00:51:44.463		1.35219			4
2025.12.26	00:51:44.773		1.35220			4
2025.12.26	00:51:45.082		1.35215			4
2025.12.26	00:51:45.384		1.35217			4
2025.12.26	00:51:45.697		1.35218			4
2025.12.26	00:51:46.005		1.35219			4
2025.12.26	00:51:46.310		1.35218			4
2025.12.26	00:51:46.619		1.35215			4
2025.12.26	00:51:46.925		1.35212			4
2025.12.26	00:51:47.233		1.35215			4
2025.12.26	00:51:47.542		1.35219			4
2025.12.26	00:51:47.849		1.35218			4
2025.12.26	00:51:48.161		1.35219			4
2025.12.26	00:51:48.468		1.35216			4
2025.12.26	00:51:48.778		1.35219			4
2025.12.26	00:51:49.089		1.35218			4
2025.12.26	00:51:49.700		1.35219			4
2025.12.26	00:51:50.010	1.35158	1.35216			6
2025.12.26	00:51:50.317		1.35215			4
2025.12.26	00:51:50.627		1.35214			4
2025.12.26	00:51:50.937		1.35217			4
2025.12.26	00:51:51.243		1.35220			4
2025.12.26	00:51:51.553		1.35218			4
2025.12.26	00:51:51.860		1.35217			4
2025.12.26	00:51:52.475		1.35212			4
2025.12.26	00:51:52.779		1.35215			4
2025.12.26	00:51:53.089		1.35217			4
2025.12.26	00:51:54.012		1.35219			4
2025.12.26	00:51:54.321		1.35215			4
2025.12.26	00:51:54.628		1.35218			4
2025.12.26	00:51:54.935		1.35220			4
2025.12.26	00:51:55.552		1.35217			4
2025.12.26	00:51:55.858		1.35214			4
2025.12.26	00:51:56.166		1.35217			4
2025.12.26	00:51:56.469		1.35213			4
2025.12.26	00:51:56.785		1.35217			4
2025.12.26	00:51:58.933		1.35218			4
2025.12.26	00:51:59.239		1.35217			4
2025.12.26	00:51:59.857		1.35216			4
2025.12.26	00:52:00.162	1.35158	1.35219			6
2025.12.26	00:52:00.474		1.35218			4
2025.12.26	00:52:01.399		1.35217			4
2025.12.26	00:52:01.711		1.35216			4
2025.12.26	00:52:02.015		1.35217			4
2025.12.26	00:52:02.936		1.35216			4
2025.12.26	00:52:10.319		1.35215			4
2025.12.26	00:52:10.629		1.35217			4
2025.12.26	00:52:11.246		1.35218			4
2025.12.26	00:52:11.552		1.35219			4
2025.12.26	00:52:11.861		1.35213			4
2025.12.26	00:52:12.170		1.35217			4
2025.12.26	00:52:12.788		1.35218			4
2025.12.26	00:52:13.093		1.35217			4
2025.12.26	00:52:13.406		1.35211			4
2025.12.26	00:52:14.017		1.35215			4
2025.12.26	00:52:14.329		1.35212			4
2025.12.26	00:52:14.947		1.35211			4
2025.12.26	00:52:15.255		1.35212			4
2025.12.26	00:52:15.881		1.35213			4
2025.12.26	00:52:16.189		1.35214			4
2025.12.26	00:52:16.497		1.35213			4
2025.12.26	00:52:17.109		1.35214			4
2025.12.26	00:52:17.729		1.35215			4
2025.12.26	00:52:18.030		1.35211			4
2025.12.26	00:52:18.338		1.35214			4
2025.12.26	00:52:18.956		1.35212			4
2025.12.26	00:52:19.262		1.35213			4
2025.12.26	00:52:19.570		1.35212			4
2025.12.26	00:52:20.185		1.35214			4
2025.12.26	00:52:20.494		1.35212			4
2025.12.26	00:52:20.801	1.35104	1.35214			6
2025.12.26	00:52:21.108		1.35213			4
2025.12.26	00:52:21.417		1.35212			4
2025.12.26	00:52:22.032		1.35213			4
2025.12.26	00:52:22.649		1.35211			4
2025.12.26	00:52:22.957		1.35214			4
2025.12.26	00:52:23.265		1.35215			4
2025.12.26	00:52:23.573		1.35214			4
2025.12.26	00:52:23.879		1.35213			4
2025.12.26	00:52:24.189		1.35212			4
2025.12.26	00:52:24.498		1.35213			4
2025.12.26	00:52:25.116		1.35215			4
2025.12.26	00:52:25.422		1.35212			4
2025.12.26	00:52:25.729		1.35214			4
2025.12.26	00:52:26.037		1.35213			4
2025.12.26	00:52:26.961		1.35212			4
2025.12.26	00:52:27.572		1.35214			4
2025.12.26	00:52:27.883		1.35212			4
2025.12.26	00:52:28.191		1.35213			4
2025.12.26	00:52:28.500		1.35211			4
2025.12.26	00:52:28.806		1.35213			4
2025.12.26	00:52:29.427		1.35212			4
2025.12.26	00:52:30.044		1.35215			4
2025.12.26	00:52:30.355		1.35213			4
2025.12.26	00:52:31.278		1.35210			4
2025.12.26	00:52:31.588		1.35214			4
2025.12.26	00:52:31.893		1.35213			4
2025.12.26	00:52:32.506		1.35210			4
2025.12.26	00:52:32.813		1.35212			4
2025.12.26	00:52:33.120		1.35213			4
2025.12.26	00:52:33.738		1.35214			4
2025.12.26	00:52:34.670		1.35213			4
2025.12.26	00:52:35.281		1.35212			4
2025.12.26	00:52:37.738		1.35211			4
2025.12.26	00:52:38.669		1.35213			4
2025.12.26	00:52:39.280		1.35210			4
2025.12.26	00:52:39.596	1.35111	1.35209			6
2025.12.26	00:52:39.899	1.35104	1.35212			6
2025.12.26	00:52:42.678		1.35211			4
2025.12.26	00:52:43.908		1.35209			4
2025.12.26	00:52:44.218		1.35213			4
2025.12.26	00:52:46.070		1.35212			4
2025.12.26	00:52:48.540		1.35214			4
2025.12.26	00:52:57.180		1.35212			4
2025.12.26	00:53:00.264	1.35104				2
2025.12.26	00:53:01.498	1.35158				2
2025.12.26	00:53:03.348		1.35214			4
2025.12.26	00:53:04.267		1.35212			4
2025.12.26	00:53:05.193		1.35209			4
2025.12.26	00:53:05.501		1.35210			4
2025.12.26	00:53:09.202		1.35212			4
2025.12.26	00:53:13.508		1.35213			4
2025.12.26	00:53:15.354		1.35220			4
2025.12.26	00:53:15.661		1.35221			4
2025.12.26	00:53:18.740		1.35219			4
2025.12.26	00:53:23.063		1.35220			4
2025.12.26	00:53:28.601		1.35211			4
2025.12.26	00:53:28.909		1.35214			4
2025.12.26	00:53:32.604	1.35104				2
2025.12.26	00:53:47.084		1.35210			4
2025.12.26	00:53:52.321		1.35212			4
2025.12.26	00:53:52.945		1.35214			4
2025.12.26	00:53:58.499		1.35215			4
2025.12.26	00:54:00.043	1.35104				2
2025.12.26	00:54:15.131	1.35158				2
2025.12.26	00:54:16.985		1.35216			4
2025.12.26	00:54:18.525		1.35217			4
2025.12.26	00:54:21.916		1.35216			4
2025.12.26	00:54:45.962	1.35123				2
2025.12.26	00:54:47.199		1.35212			4
2025.12.26	00:54:55.524	1.35158				2
2025.12.26	00:54:59.222		1.35214			4
2025.12.26	00:55:00.147	1.35158				2
2025.12.26	00:55:06.948		1.35200			4
2025.12.26	00:55:07.257		1.35204			4
2025.12.26	00:55:07.563		1.35203			4
2025.12.26	00:55:08.174		1.35211			4
2025.12.26	00:55:08.482		1.35214			4
2025.12.26	00:55:08.792		1.35213			4
2025.12.26	00:55:10.322		1.35212			4
2025.12.26	00:55:13.996		1.35213			4
2025.12.26	00:55:16.777		1.35242			4
2025.12.26	00:55:18.327		1.35212			4
2025.12.26	00:55:18.931		1.35216			4
2025.12.26	00:55:19.241		1.35213			4
2025.12.26	00:55:22.011		1.35218			4
2025.12.26	00:55:22.313		1.35242			4
2025.12.26	00:55:26.637	1.35124				2
2025.12.26	00:55:26.953		1.35217			4
2025.12.26	00:55:27.875		1.35214			4
2025.12.26	00:55:31.551		1.35213			4
2025.12.26	00:55:41.101		1.35214			4
2025.12.26	00:55:42.984		1.35213			4
2025.12.26	00:55:44.529		1.35217			4
2025.12.26	00:55:44.845		1.35214			4
2025.12.26	00:55:48.910	1.35139				2
2025.12.26	00:55:49.216		1.35211			4
2025.12.26	00:55:49.835	1.35136	1.35212			6
2025.12.26	00:55:50.456		1.35215			4
2025.12.26	00:55:51.076		1.35212			4
2025.12.26	00:55:51.701		1.35213			4
2025.12.26	00:56:00.065	1.35136				2
2025.12.26	00:56:00.683		1.35211			4
2025.12.26	00:56:02.233		1.35216			4
2025.12.26	00:56:02.541		1.35211			4
2025.12.26	00:56:08.750		1.35219			4
2025.12.26	00:56:09.064		1.35213			4
2025.12.26	00:56:10.301		1.35212			4
2025.12.26	00:56:14.024		1.35222			4
2025.12.26	00:56:14.337		1.35212			4
2025.12.26	00:56:15.260		1.35210			4
2025.12.26	00:56:15.569		1.35207			4
2025.12.26	00:56:17.428		1.35210			4
2025.12.26	00:56:20.209		1.35211			4
2025.12.26	00:56:21.139		1.35221			4
2025.12.26	00:56:21.454		1.35214			4
2025.12.26	00:56:23.300	1.35158				2
2025.12.26	00:56:25.477		1.35215			4
2025.12.26	00:56:25.791		1.35214			4
2025.12.26	00:56:28.259		1.35208			4
2025.12.26	00:56:28.569		1.35207			4
2025.12.26	00:56:28.877		1.35214			4
2025.12.26	00:56:29.185		1.35208			4
2025.12.26	00:56:31.016		1.35214			4
2025.12.26	00:56:31.326		1.35210			4
2025.12.26	00:56:32.246		1.35209			4
2025.12.26	00:56:33.163		1.35219			4
2025.12.26	00:56:33.473		1.35210			4
2025.12.26	00:56:34.088		1.35220			4
2025.12.26	00:56:34.393		1.35211			4
2025.12.26	00:56:34.705		1.35213			4
2025.12.26	00:56:35.316		1.35212			4
2025.12.26	00:56:37.488		1.35213			4
2025.12.26	00:56:42.104		1.35221			4
2025.12.26	00:56:42.420		1.35216			4
2025.12.26	00:56:42.736		1.35213			4
2025.12.26	00:56:47.065		1.35218			4
2025.12.26	00:56:47.373		1.35214			4
2025.12.26	00:56:49.236		1.35213			4
2025.12.26	00:56:54.523	1.35125				2
2025.12.26	00:56:57.303		1.35212			4
2025.12.26	00:56:57.609		1.35214			4
2025.12.26	00:56:58.859		1.35215			4
2025.12.26	00:57:00.095	1.35125				2
2025.12.26	00:57:08.134	1.35158				2
2025.12.26	00:57:15.551		1.35213			4
2025.12.26	00:57:23.267		1.35214			4
2025.12.26	00:57:23.886		1.35213			4
2025.12.26	00:57:29.755		1.35218			4
2025.12.26	00:57:30.062		1.35212			4
2025.12.26	00:57:31.917		1.35225			4
2025.12.26	00:57:33.159		1.35214			4
2025.12.26	00:57:35.636		1.35217			4
2025.12.26	00:57:35.947		1.35213			4
2025.12.26	00:57:37.180		1.35212			4
2025.12.26	00:57:39.647	1.35136				2
2025.12.26	00:57:40.262		1.35213			4
2025.12.26	00:57:40.578	1.35158				2
2025.12.26	00:57:47.062		1.35209			4
2025.12.26	00:57:47.367		1.35210			4
2025.12.26	00:57:51.099		1.35211			4
2025.12.26	00:57:55.776		1.35215			4
2025.12.26	00:58:00.109	1.35158				2
2025.12.26	00:58:01.352		1.35214			4
2025.12.26	00:58:03.823		1.35240			4
2025.12.26	00:58:04.129		1.35241			4
2025.12.26	00:58:04.445		1.35242			4
2025.12.26	00:58:04.749		1.35244			4
2025.12.26	00:58:06.315		1.35242			4
2025.12.26	00:58:07.864		1.35243			4
2025.12.26	00:58:08.497		1.35257			4
2025.12.26	00:58:08.802		1.35256			4
2025.12.26	00:58:09.732		1.35272			4
2025.12.26	00:58:11.599	1.35098	1.35270			6
2025.12.26	00:58:12.217	1.35099				2
2025.12.26	00:58:12.840		1.35268			4
2025.12.26	00:58:15.026	1.35100				2
2025.12.26	00:58:15.345	1.35158				2
2025.12.26	00:58:18.133		1.35264			4
2025.12.26	00:58:19.059		1.35282			4
2025.12.26	00:58:21.538		1.35284			4
2025.12.26	00:58:22.787		1.35280			4
2025.12.26	00:58:24.323		1.35281			4
2025.12.26	00:58:24.640		1.35280			4
2025.12.26	00:58:24.942		1.35281			4
2025.12.26	00:58:25.263		1.35280			4
2025.12.26	00:58:25.571		1.35281			4
2025.12.26	00:58:25.889		1.35280			4
2025.12.26	00:58:32.693		1.35258			4
2025.12.26	00:58:33.923		1.35251			4
2025.12.26	00:58:35.469		1.35258			4
2025.12.26	00:58:45.439	1.35119				2
2025.12.26	00:58:46.058	1.35120				2
2025.12.26	00:58:48.837	1.35119				2
2025.12.26	00:58:49.464	1.35118				2
2025.12.26	00:58:49.769	1.35117				2
2025.12.26	00:58:50.382	1.35116				2
2025.12.26	00:58:51.301	1.35115				2
2025.12.26	00:58:51.605	1.35116				2
2025.12.26	00:58:52.514	1.35115				2
2025.12.26	00:58:52.831	1.35116				2
2025.12.26	00:58:53.136	1.35115				2
2025.12.26	00:58:53.444	1.35114				2
2025.12.26	00:58:54.064	1.35115				2
2025.12.26	00:58:54.674	1.35114				2
2025.12.26	00:58:54.978		1.35261			4
2025.12.26	00:58:55.594	1.35113				2
2025.12.26	00:58:55.900	1.35112				2
2025.12.26	00:58:56.205	1.35113				2
2025.12.26	00:58:56.506	1.35112				2
2025.12.26	00:58:57.728	1.35111				2
2025.12.26	00:58:58.334	1.35112				2
2025.12.26	00:58:58.636	1.35111				2
2025.12.26	00:58:58.950	1.35112				2
2025.12.26	00:58:59.258	1.35111				2
2025.12.26	00:59:00.199	1.35111				2
2025.12.26	00:59:00.817	1.35105				2
2025.12.26	00:59:01.118	1.35093	1.35263			6
2025.12.26	00:59:04.216		1.35264			4
2025.12.26	00:59:06.356		1.35263			4
2025.12.26	00:59:06.663		1.35265			4
2025.12.26	00:59:10.658		1.35262			4
2025.12.26	00:59:13.746		1.35259			4
2025.12.26	00:59:14.678		1.35258			4
2025.12.26	00:59:21.158		1.35255			4
2025.12.26	00:59:24.885		1.35252			4
2025.12.26	00:59:26.427		1.35250			4
2025.12.26	00:59:27.050		1.35249			4
2025.12.26	00:59:29.192		1.35248			4
2025.12.26	00:59:30.422	1.35083				2
2025.12.26	00:59:32.277		1.35247			4
2025.12.26	00:59:34.458		1.35246			4
2025.12.26	00:59:38.161		1.35245			4
2025.12.26	00:59:38.476		1.35244			4
2025.12.26	00:59:39.400	1.35158				2
2025.12.26	00:59:40.325		1.35247			4
2025.12.26	00:59:49.032		1.35240			4
2025.12.26	00:59:53.974		1.35243			4
2025.12.26	00:59:56.137		1.35260			4
2025.12.26	00:59:56.760		1.35239			4
2025.12.26	00:59:58.323		1.35259			4
2025.12.26	00:59:58.631		1.35240			4
2025.12.26	01:00:00.195	1.35098	1.35222			6
2025.12.26	01:00:00.553	1.35086	1.35210			6
2025.12.26	01:00:01.024	1.35155	1.35167			6
2025.12.26	01:00:01.334		1.35166			4
2025.12.26	01:00:01.642		1.35202			4
2025.12.26	01:00:02.268		1.35210			4
2025.12.26	01:00:03.500	1.35078	1.35193			6
2025.12.26	01:00:03.807		1.35192			4
2025.12.26	01:00:04.112		1.35196			4
2025.12.26	01:00:04.422	1.35105	1.35229			6
2025.12.26	01:00:05.039	1.35095	1.35219			6
2025.12.26	01:00:05.355	1.35102	1.35226			6
2025.12.26	01:00:05.983	1.35105	1.35229			6
2025.12.26	01:00:06.304	1.35095	1.35219			6
2025.12.26	01:00:06.606	1.35156	1.35213			6
2025.12.26	01:00:06.910	1.35152	1.35226			6
2025.12.26	01:00:07.229		1.35218			4
2025.12.26	01:00:07.531	1.35151	1.35191			6
2025.12.26	01:00:07.838	1.35160	1.35203			6
2025.12.26	01:00:08.148		1.35209			4
2025.12.26	01:00:08.452	1.35153	1.35215			6
2025.12.26	01:00:08.757		1.35203			4
2025.12.26	01:00:09.063	1.35152	1.35205			6
2025.12.26	01:00:09.369		1.35220			4
2025.12.26	01:00:09.695	1.35161				2
2025.12.26	01:00:09.999	1.35102	1.35216			6
2025.12.26	01:00:10.311	1.35083	1.35207			6
2025.12.26	01:00:10.621	1.35086	1.35208			6
2025.12.26	01:00:10.925		1.35209			4
2025.12.26	01:00:11.225	1.35091	1.35215			6
2025.12.26	01:00:12.159	1.35087	1.35192			6
2025.12.26	01:00:12.467		1.35195			4
2025.12.26	01:00:12.768		1.35198			4
2025.12.26	01:00:13.075	1.35089	1.35213			6
2025.12.26	01:00:13.390	1.35094	1.35218			6
2025.12.26	01:00:13.704	1.35092	1.35216			6
2025.12.26	01:00:14.010	1.35096	1.35220			6
2025.12.26	01:00:14.319	1.35097	1.35221			6
2025.12.26	01:00:14.630	1.35096	1.35220			6
2025.12.26	01:00:14.939	1.35095	1.35219			6
2025.12.26	01:00:15.253		1.35203			4
2025.12.26	01:00:15.557	1.35093	1.35217			6
2025.12.26	01:00:15.861		1.35214			4
2025.12.26	01:00:16.165	1.35090				2
2025.12.26	01:00:16.472	1.35091	1.35215			6
2025.12.26	01:00:16.783	1.35093	1.35216			6
2025.12.26	01:00:17.098		1.35217			4
2025.12.26	01:00:17.400	1.35091	1.35212			6
2025.12.26	01:00:17.701	1.34970	1.35232			6
2025.12.26	01:00:18.023	1.35052	1.35176			6
2025.12.26	01:00:18.325	1.35068	1.35187			6
2025.12.26	01:00:18.638	1.35086	1.35176			6
2025.12.26	01:00:18.941	1.35054	1.35167			6
2025.12.26	01:00:19.257	1.35030	1.35154			6
2025.12.26	01:00:19.559	1.35056	1.35180			6
2025.12.26	01:00:19.871	1.35055	1.35179			6
2025.12.26	01:00:20.180	1.35068	1.35192			6
2025.12.26	01:00:20.493	1.35064	1.35188			6
2025.12.26	01:00:20.794	1.35062	1.35186			6
2025.12.26	01:00:21.098	1.35049	1.35173			6
2025.12.26	01:00:21.411	1.35052	1.35167			6
2025.12.26	01:00:21.732	1.35062	1.35186			6
2025.12.26	01:00:22.037	1.35064	1.35188			6
2025.12.26	01:00:22.677	1.35070	1.35194			6
2025.12.26	01:00:22.978	1.35067	1.35191			6
2025.12.26	01:00:23.285	1.35060	1.35184			6
2025.12.26	01:00:23.586	1.35030	1.35154			6
2025.12.26	01:00:24.203	1.35034	1.35158			6
2025.12.26	01:00:24.506	1.35042	1.35166			6
2025.12.26	01:00:24.809	1.35066	1.35190			6
2025.12.26	01:00:25.414	1.35062	1.35186			6
2025.12.26	01:00:25.718	1.35065	1.35180			6
2025.12.26	01:00:26.033	1.35078	1.35172			6
2025.12.26	01:00:26.339	1.35084	1.35164			6
2025.12.26	01:00:26.660	1.35085	1.35163			6
2025.12.26	01:00:27.276	1.35065				2
2025.12.26	01:00:27.895	1.35086				2
2025.12.26	01:00:30.027		1.35166			4
2025.12.26	01:00:30.333		1.35163			4
2025.12.26	01:00:30.948		1.35153			4
2025.12.26	01:00:32.180		1.35156			4
2025.12.26	01:00:33.717		1.35163			4
2025.12.26	01:00:35.558		1.35174			4
2025.12.26	01:00:35.866		1.35156			4
2025.12.26	01:00:36.796		1.35145			4
2025.12.26	01:00:37.711		1.35166			4
2025.12.26	01:00:38.013		1.35171			4
2025.12.26	01:00:38.932		1.35159			4
2025.12.26	01:00:39.238		1.35156			4
2025.12.26	01:00:40.463		1.35165			4
2025.12.26	01:00:40.766		1.35158			4
2025.12.26	01:00:41.372		1.35159			4
2025.12.26	01:00:41.988		1.35155			4
2025.12.26	01:00:47.545		1.35142			4
2025.12.26	01:00:51.861		1.35141			4
2025.12.26	01:00:55.216	1.35078				2
2025.12.26	01:00:56.432		1.35142			4
2025.12.26	01:00:58.280	1.35086				2
2025.12.26	01:00:58.889		1.35169			4
2025.12.26	01:00:59.195		1.35168			4
2025.12.26	01:00:59.512		1.35166			4
2025.12.26	01:01:00.130	1.35086				2
2025.12.26	01:01:00.439		1.35179			4
2025.12.26	01:01:00.747		1.35178			4
2025.12.26	01:01:03.237		1.35179			4
2025.12.26	01:01:04.175		1.35177			4
2025.12.26	01:01:06.062		1.35175			4
2025.12.26	01:01:13.860		1.35177			4
2025.12.26	01:01:14.476		1.35175			4
2025.12.26	01:01:26.032		1.35174			4
2025.12.26	01:01:29.132	1.35078				2
2025.12.26	01:01:30.393		1.35177			4
2025.12.26	01:01:30.696		1.35176			4
2025.12.26	01:01:32.575		1.35175			4
2025.12.26	01:01:33.501		1.35176			4
2025.12.26	01:01:36.312		1.35175			4
2025.12.26	01:01:36.917		1.35149			4
2025.12.26	01:01:37.221		1.35153			4
2025.12.26	01:01:38.446		1.35144			4
2025.12.26	01:01:42.132		1.35135			4
2025.12.26	01:01:43.058		1.35159			4
2025.12.26	01:01:43.371		1.35149			4
2025.12.26	01:01:43.678		1.35150			4
2025.12.26	01:01:44.292		1.35138			4
2025.12.26	01:01:45.825		1.35148			4
2025.12.26	01:01:47.049		1.35132			4
2025.12.26	01:01:47.351		1.35139			4
2025.12.26	01:01:47.969		1.35155			4
2025.12.26	01:01:48.271		1.35138			4
2025.12.26	01:01:52.896		1.35127			4
2025.12.26	01:01:54.123		1.35131			4
2025.12.26	01:01:56.280		1.35135			4
2025.12.26	01:01:57.203		1.35134			4
2025.12.26	01:01:58.123		1.35139			4
2025.12.26	01:02:00.270	1.35078				2
2025.12.26	01:02:03.024		1.35165			4
2025.12.26	01:02:04.572	1.35086				2
2025.12.26	01:02:07.989	1.35078				2
2025.12.26	01:02:08.912	1.35086				2
2025.12.26	01:02:10.475		1.35150			4
2025.12.26	01:02:11.094	1.35096	1.35137			6
2025.12.26	01:02:11.399		1.35135			4
2025.12.26	01:02:11.708	1.35099	1.35138			6
2025.12.26	01:02:12.946	1.35108				2
2025.12.26	01:02:15.743		1.35133			4
2025.12.26	01:02:16.363		1.35134			4
2025.12.26	01:02:16.665		1.35138			4
2025.12.26	01:02:21.655	1.35031	1.35135			6
2025.12.26	01:02:21.976	1.35038	1.35129			6
2025.12.26	01:02:22.277	1.35072	1.35120			6
2025.12.26	01:02:22.586	1.35082	1.35132			6
2025.12.26	01:02:22.894	1.35090	1.35128			6
2025.12.26	01:02:23.195	1.35031	1.35120			6
2025.12.26	01:02:23.501		1.35122			4
2025.12.26	01:02:23.817	1.35073	1.35131			6
2025.12.26	01:02:24.442		1.35125			4
2025.12.26	01:02:24.751	1.35031	1.35105			6
2025.12.26	01:02:25.063		1.35106			4
2025.12.26	01:02:25.375	1.35045	1.35131			6
2025.12.26	01:02:25.690		1.35132			4
2025.12.26	01:02:25.997		1.35129			4
2025.12.26	01:02:26.310	1.35093	1.35130			6
2025.12.26	01:02:27.249	1.35039				2
2025.12.26	01:02:27.560	1.35031	1.35104			6
2025.12.26	01:02:27.870	1.35073	1.35130			6
2025.12.26	01:02:28.797	1.35031	1.35114			6
2025.12.26	01:02:29.099		1.35111			4
2025.12.26	01:02:29.401	1.35073	1.35134			6
2025.12.26	01:02:29.704	1.35082	1.35122			6
2025.12.26	01:02:30.017	1.35091	1.35137			6
2025.12.26	01:02:30.332	1.35031	1.35131			6
2025.12.26	01:02:30.639		1.35130			4
2025.12.26	01:02:30.956	1.35056	1.35134			6
2025.12.26	01:02:31.271	1.35083	1.35120			6
2025.12.26	01:02:31.575	1.35091				2
2025.12.26	01:02:31.895	1.35031	1.35128			6
2025.12.26	01:02:32.199		1.35124			4
2025.12.26	01:02:32.516	1.35073	1.35137			6
2025.12.26	01:02:33.450	1.35031	1.35110			6
2025.12.26	01:02:33.753		1.35109			4
2025.12.26	01:02:34.065	1.35073	1.35131			6
2025.12.26	01:02:34.987	1.35031	1.35114			6
2025.12.26	01:02:35.303		1.35108			4
2025.12.26	01:02:35.609	1.35082	1.35131			6
2025.12.26	01:02:35.913	1.35031	1.35137			6
2025.12.26	01:02:36.224	1.35044				2
2025.12.26	01:02:36.535	1.35029	1.35128			6
2025.12.26	01:02:36.845		1.35125			4
2025.12.26	01:02:37.149	1.35031	1.35137			6
2025.12.26	01:02:37.469		1.35136			4
2025.12.26	01:02:37.773	1.35020	1.35116			6
2025.12.26	01:02:38.088	1.35047	1.35137			6
2025.12.26	01:02:38.397	1.35046				2
2025.12.26	01:02:39.026	1.35031	1.35136			6
2025.12.26	01:02:39.331	1.35029	1.35128			6
2025.12.26	01:02:39.652	1.35046	1.35137			6
2025.12.26	01:02:40.569	1.35031				2
2025.12.26	01:02:40.882	1.35029	1.35128			6
2025.12.26	01:02:41.186	1.35051	1.35138			6
2025.12.26	01:02:41.806	1.35048	1.35136			6
2025.12.26	01:02:42.112	1.35027	1.35119			6
2025.12.26	01:02:42.428		1.35120			4
2025.12.26	01:02:42.734	1.35045	1.35128			6
2025.12.26	01:02:43.042		1.35130			4
2025.12.26	01:02:43.345	1.35044	1.35134			6
2025.12.26	01:02:43.656	1.35016	1.35118			6
2025.12.26	01:02:43.959		1.35116			4
2025.12.26	01:02:44.278	1.35043	1.35134			6
2025.12.26	01:02:44.583	1.35044	1.35133			6
2025.12.26	01:02:44.885		1.35132			4
2025.12.26	01:02:45.202	1.35029	1.35135			6
2025.12.26	01:02:45.823	1.35003	1.35125			6
2025.12.26	01:02:46.129	1.35045	1.35137			6
2025.12.26	01:02:46.747	1.35021	1.35119			6
2025.12.26	01:02:47.061		1.35117			4
2025.12.26	01:02:47.364	1.35034	1.35137			6
2025.12.26	01:02:47.665	1.35035	1.35133			6
2025.12.26	01:02:47.973	1.35044	1.35137			6
2025.12.26	01:02:48.278	1.35026	1.35120			6
2025.12.26	01:02:48.581	1.35039	1.35136			6
2025.12.26	01:02:48.894	1.35013	1.35125			6
2025.12.26	01:02:49.201	1.35015	1.35130			6
2025.12.26	01:02:49.511		1.35128			4
2025.12.26	01:02:49.816	1.35029	1.35135			6
2025.12.26	01:02:50.120		1.35134			4
2025.12.26	01:02:50.430	1.35044	1.35137			6
2025.12.26	01:02:51.362	1.35011	1.35120			6
2025.12.26	01:02:51.666	1.35029	1.35130			6
2025.12.26	01:02:51.976	1.35035	1.35137			6
2025.12.26	01:02:52.286	1.35005	1.35122			6
2025.12.26	01:02:52.587	1.35043	1.35138			6
2025.12.26	01:02:52.893	1.35012	1.35135			6
2025.12.26	01:02:53.207	1.35053	1.35138			6
2025.12.26	01:02:53.515	1.35017	1.35136			6
2025.12.26	01:02:53.816		1.35134			4
2025.12.26	01:02:54.132		1.35136			4
2025.12.26	01:02:54.453		1.35134			4
2025.12.26	01:02:55.065	1.35019	1.35137			6
2025.12.26	01:02:55.378		1.35136			4
2025.12.26	01:02:55.693		1.35134			4
2025.12.26	01:02:56.619	1.35016				2
2025.12.26	01:02:56.933		1.35132			4
2025.12.26	01:02:57.240	1.35029	1.35140			6
2025.12.26	01:02:57.556		1.35138			4
2025.12.26	01:02:57.866	1.35016	1.35130			6
2025.12.26	01:02:58.168	1.35012				2
2025.12.26	01:02:58.473	1.35016				2
2025.12.26	01:02:58.786		1.35132			4
2025.12.26	01:02:59.096	1.35017	1.35130			6
2025.12.26	01:02:59.400	1.35030	1.35138			6
2025.12.26	01:03:00.022	1.35030	1.35136			6
2025.12.26	01:03:00.331		1.35135			4
2025.12.26	01:03:00.640		1.35133			4
2025.12.26	01:03:01.271	1.35031	1.35131			6
2025.12.26	01:03:01.579	1.35046	1.35123			6
2025.12.26	01:03:01.882	1.35045	1.35124			6
2025.12.26	01:03:02.495		1.35125			4
2025.12.26	01:03:02.799	1.35031	1.35119			6
2025.12.26	01:03:03.119	1.35047				2
2025.12.26	01:03:03.423		1.35120			4
2025.12.26	01:03:03.731		1.35119			4
2025.12.26	01:03:04.341	1.35012	1.35102			6
2025.12.26	01:03:04.649	1.35010	1.35113			6
2025.12.26	01:03:05.580		1.35112			4
2025.12.26	01:03:05.888	1.35008	1.35098			6
2025.12.26	01:03:06.196	1.35047	1.35116			6
2025.12.26	01:03:07.422	1.35011	1.35104			6
2025.12.26	01:03:07.734	1.35044	1.35119			6
2025.12.26	01:03:08.041		1.35114			4
2025.12.26	01:03:08.967	1.35011	1.35104			6
2025.12.26	01:03:09.283	1.35044	1.35121			6
2025.12.26	01:03:09.589		1.35115			4
2025.12.26	01:03:09.900		1.35114			4
2025.12.26	01:03:10.512	1.35012	1.35104			6
2025.12.26	01:03:10.829	1.35009	1.35114			6
2025.12.26	01:03:11.134		1.35113			4
2025.12.26	01:03:11.450		1.35118			4
2025.12.26	01:03:11.759		1.35117			4
2025.12.26	01:03:12.063	1.35012	1.35110			6
2025.12.26	01:03:12.375	1.35045	1.35123			6
2025.12.26	01:03:13.596	1.35011	1.35105			6
2025.12.26	01:03:13.903	1.35046	1.35122			6
2025.12.26	01:03:14.209	1.35045	1.35124			6
2025.12.26	01:03:14.819		1.35123			4
2025.12.26	01:03:15.122	1.35039	1.35110			6
2025.12.26	01:03:15.423	1.35045	1.35129			6
2025.12.26	01:03:15.725	1.35018	1.35121			6
2025.12.26	01:03:16.047		1.35122			4
2025.12.26	01:03:16.351		1.35120			4
2025.12.26	01:03:16.665	1.35031	1.35128			6
2025.12.26	01:03:16.970	1.35046	1.35123			6
2025.12.26	01:03:17.273		1.35126			4
2025.12.26	01:03:17.575		1.35125			4
2025.12.26	01:03:17.878		1.35124			4
2025.12.26	01:03:18.189	1.35010	1.35108			6
2025.12.26	01:03:18.498	1.35047	1.35120			6
2025.12.26	01:03:18.801		1.35121			4
2025.12.26	01:03:19.412		1.35122			4
2025.12.26	01:03:19.717	1.35010	1.35104			6
2025.12.26	01:03:20.037	1.35046	1.35125			6
2025.12.26	01:03:20.344		1.35129			4
2025.12.26	01:03:20.648	1.35031	1.35124			6
2025.12.26	01:03:20.962		1.35126			4
2025.12.26	01:03:21.283	1.35047	1.35128			6
2025.12.26	01:03:21.589	1.35046				2
2025.12.26	01:03:22.209	1.35030	1.35129			6
2025.12.26	01:03:22.523	1.35021	1.35125			6
2025.12.26	01:03:22.829	1.35048	1.35127			6
2025.12.26	01:03:23.136		1.35126			4
2025.12.26	01:03:23.748	1.35011	1.35108			6
2025.12.26	01:03:24.353	1.35045	1.35118			6
2025.12.26	01:03:24.667	1.35044				2
2025.12.26	01:03:25.894	1.35018	1.35108			6
2025.12.26	01:03:26.201	1.35047	1.35118			6
2025.12.26	01:03:26.824	1.35042	1.35116			6
2025.12.26	01:03:27.139	1.35026	1.35115			6
2025.12.26	01:03:27.443	1.35021	1.35100			6
2025.12.26	01:03:27.747	1.35038	1.35118			6
2025.12.26	01:03:28.060	1.35053				2
2025.12.26	01:03:28.366	1.35070				2
2025.12.26	01:03:28.678	1.35081				2
2025.12.26	01:03:28.979	1.35016	1.35102			6
2025.12.26	01:03:29.286	1.35032	1.35117			6
2025.12.26	01:03:29.597	1.35041				2
2025.12.26	01:03:29.911		1.35112			4
2025.12.26	01:03:30.222		1.35113			4
2025.12.26	01:03:30.528	1.35080	1.35114			6
2025.12.26	01:03:30.837		1.35115			4
2025.12.26	01:03:31.145		1.35117			4
2025.12.26	01:03:31.457	1.35089	1.35116			6
2025.12.26	01:03:32.996		1.35113			4
2025.12.26	01:03:34.531		1.35112			4
2025.12.26	01:03:34.843		1.35110			4
2025.12.26	01:03:35.768		1.35111			4
2025.12.26	01:03:36.077		1.35113			4
2025.12.26	01:03:36.390		1.35111			4
2025.12.26	01:03:37.629	1.35092	1.35113			6
2025.12.26	01:03:37.936	1.35091	1.35112			6
2025.12.26	01:03:38.237		1.35101			4
2025.12.26	01:03:38.541	1.35093	1.35095			6
2025.12.26	01:03:38.853		1.35114			4
2025.12.26	01:03:39.160		1.35113			4
2025.12.26	01:03:39.467	1.35031	1.35112			6
2025.12.26	01:03:39.777	1.35021	1.35095			6
2025.12.26	01:03:40.086	1.35061	1.35102			6
2025.12.26	01:03:40.399	1.35076				2
2025.12.26	01:03:40.700		1.35101			4
2025.12.26	01:03:41.008	1.35025				2
2025.12.26	01:03:41.315	1.35021	1.35096			6
2025.12.26	01:03:41.645	1.35043	1.35110			6
2025.12.26	01:03:41.946	1.35060				2
2025.12.26	01:03:42.250		1.35111			4
2025.12.26	01:03:42.551	1.35084				2
2025.12.26	01:03:42.857	1.35020	1.35097			6
2025.12.26	01:03:43.159	1.35036	1.35111			6
2025.12.26	01:03:43.479	1.35055				2
2025.12.26	01:03:43.792	1.35073				2
2025.12.26	01:03:44.097	1.35082	1.35095			6
2025.12.26	01:03:44.400	1.35020	1.35098			6
2025.12.26	01:03:44.705	1.35036	1.35110			6
2025.12.26	01:03:45.014	1.35051				2
2025.12.26	01:03:45.322	1.35072	1.35109			6
2025.12.26	01:03:45.625	1.35082	1.35097			6
2025.12.26	01:03:45.931	1.35019	1.35092			6
2025.12.26	01:03:46.239	1.35035	1.35108			6
2025.12.26	01:03:46.545	1.35051	1.35111			6
2025.12.26	01:03:46.846	1.35069	1.35110			6
2025.12.26	01:03:47.151	1.35080				2
2025.12.26	01:03:47.467	1.35018	1.35108			6
2025.12.26	01:03:47.773	1.35035	1.35109			6
2025.12.26	01:03:48.080	1.35050	1.35114			6
2025.12.26	01:03:48.392	1.35066	1.35113			6
2025.12.26	01:03:48.699	1.35082	1.35112			6
2025.12.26	01:03:49.012	1.35020	1.35097			6
2025.12.26	01:03:49.320	1.35050	1.35106			6
2025.12.26	01:03:49.624	1.35061	1.35119			6
2025.12.26	01:03:49.936	1.35072				2
2025.12.26	01:03:50.245	1.35021	1.35116			6
2025.12.26	01:03:50.548		1.35092			4
2025.12.26	01:03:50.865	1.35059	1.35112			6
2025.12.26	01:03:51.176	1.35071	1.35115			6
2025.12.26	01:03:51.482		1.35114			4
2025.12.26	01:03:51.791	1.35087	1.35113			6
2025.12.26	01:03:52.100	1.35020	1.35099			6
2025.12.26	01:03:52.402	1.35037	1.35112			6
2025.12.26	01:03:52.711	1.35054	1.35115			6
2025.12.26	01:03:53.027		1.35114			4
2025.12.26	01:03:53.334	1.35016	1.35096			6
2025.12.26	01:03:53.637	1.35020	1.35093			6
2025.12.26	01:03:53.951	1.35036	1.35115			6
2025.12.26	01:03:54.259	1.35066	1.35114			6
2025.12.26	01:03:54.570	1.35074				2
2025.12.26	01:03:54.877		1.35113			4
2025.12.26	01:03:55.181	1.35084				2
2025.12.26	01:03:55.496	1.35016	1.35096			6
2025.12.26	01:03:55.798	1.35020	1.35081			6
2025.12.26	01:03:56.106	1.35042	1.35113			6
2025.12.26	01:03:56.420		1.35111			4
2025.12.26	01:03:57.037		1.35112			4
2025.12.26	01:03:57.346	1.35085				2
2025.12.26	01:03:57.652		1.35111			4
2025.12.26	01:03:57.968	1.35016	1.35096			6
2025.12.26	01:03:58.272	1.35020	1.35092			6
2025.12.26	01:03:58.589	1.35033	1.35110			6
2025.12.26	01:03:58.911	1.35036	1.35111			6
2025.12.26	01:03:59.215	1.35035				2
2025.12.26	01:03:59.529	1.35009	1.35098			6
2025.12.26	01:03:59.833	1.35020	1.35090			6
2025.12.26	01:04:00.150	1.35041	1.35119			6
2025.12.26	01:04:00.456	1.35037	1.35117			6
2025.12.26	01:04:00.763		1.35110			4
2025.12.26	01:04:01.077	1.35010	1.35098			6
2025.12.26	01:04:01.383	1.35018	1.35095			6
2025.12.26	01:04:01.688	1.35034	1.35110			6
2025.12.26	01:04:01.996	1.35032	1.35111			6
2025.12.26	01:04:02.299	1.35036				2
2025.12.26	01:04:02.606	1.35007	1.35098			6
2025.12.26	01:04:02.912	1.35020	1.35088			6
2025.12.26	01:04:03.222	1.35034	1.35112			6
2025.12.26	01:04:03.523	1.35036				2
2025.12.26	01:04:03.829		1.35113			4
2025.12.26	01:04:04.146	1.35009	1.35098			6
2025.12.26	01:04:04.451	1.35018	1.35091			6
2025.12.26	01:04:04.759	1.35033	1.35111			6
2025.12.26	01:04:05.061	1.35035	1.35112			6
2025.12.26	01:04:05.378		1.35111			4
2025.12.26	01:04:05.684	1.35009	1.35098			6
2025.12.26	01:04:05.988	1.35020	1.35090			6
2025.12.26	01:04:06.304	1.35032	1.35107			6
2025.12.26	01:04:06.608	1.35034	1.35113			6
2025.12.26	01:04:06.938		1.35112			4
2025.12.26	01:04:07.560	1.35030	1.35118			6
2025.12.26	01:04:07.870	1.35015	1.35098			6
2025.12.26	01:04:08.172	1.35018	1.35113			6
2025.12.26	01:04:08.473	1.35032	1.35117			6
2025.12.26	01:04:09.109	1.35031				2
2025.12.26	01:04:09.415	1.35010	1.35096			6
2025.12.26	01:04:09.736	1.35013	1.35110			6
2025.12.26	01:04:10.052	1.35029	1.35109			6
2025.12.26	01:04:10.357	1.35031	1.35110			6
2025.12.26	01:04:10.673	1.35019				2
2025.12.26	01:04:10.977	1.35008	1.35096			6
2025.12.26	01:04:11.279	1.35030	1.35104			6
2025.12.26	01:04:11.587	1.35031	1.35108			6
2025.12.26	01:04:11.899	1.35037	1.35113			6
2025.12.26	01:04:12.213	1.35023				2
2025.12.26	01:04:12.519	1.35014	1.35104			6
2025.12.26	01:04:12.827	1.35021	1.35093			6
2025.12.26	01:04:13.448	1.35030	1.35100			6
2025.12.26	01:04:13.760	1.35031	1.35102			6
2025.12.26	01:04:14.979	1.35019	1.35100			6
2025.12.26	01:04:15.601	1.34972	1.35096			6
2025.12.26	01:04:15.915	1.35018	1.35108			6
2025.12.26	01:04:16.229		1.35109			4
2025.12.26	01:04:17.151	1.35017	1.35110			6
2025.12.26	01:04:17.458	1.34965	1.35089			6
2025.12.26	01:04:17.775	1.34986	1.35097			6
2025.12.26	01:04:18.082	1.35017	1.35102			6
2025.12.26	01:04:18.392	1.35031	1.35105			6
2025.12.26	01:04:19.001		1.35103			4
2025.12.26	01:04:19.611		1.35104			4
2025.12.26	01:04:19.925	1.35018	1.35101			6
2025.12.26	01:04:20.230	1.35020	1.35090			6
2025.12.26	01:04:20.539	1.35030	1.35100			6
2025.12.26	01:04:20.846	1.35031	1.35102			6
2025.12.26	01:04:21.155		1.35103			4
2025.12.26	01:04:21.472	1.35032	1.35101			6
2025.12.26	01:04:22.078	1.35033	1.35118			6
2025.12.26	01:04:22.394	1.35035				2
2025.12.26	01:04:22.699	1.35009	1.35102			6
2025.12.26	01:04:23.018	1.35035	1.35107			6
2025.12.26	01:04:23.323	1.35038	1.35119			6
2025.12.26	01:04:23.639	1.35034	1.35117			6
2025.12.26	01:04:23.949		1.35112			4
2025.12.26	01:04:24.254	1.35015	1.35096			6
2025.12.26	01:04:24.564	1.35018	1.35111			6
2025.12.26	01:04:24.873	1.35031				2
2025.12.26	01:04:25.806		1.35110			4
2025.12.26	01:04:26.419		1.35111			4
2025.12.26	01:04:26.733		1.35110			4
2025.12.26	01:04:27.040		1.35102			4
2025.12.26	01:04:27.662	1.35030	1.35100			6
2025.12.26	01:04:28.582		1.35098			4
2025.12.26	01:04:28.883		1.35097			4
2025.12.26	01:04:29.195	1.35026	1.35118			6
2025.12.26	01:04:29.502	1.35029				2
2025.12.26	01:04:30.131	1.35030				2
2025.12.26	01:04:31.361		1.35100			4
2025.12.26	01:04:31.665	1.35016				2
2025.12.26	01:04:31.968	1.35004	1.35089			6
2025.12.26	01:04:32.275	1.35030	1.35111			6
2025.12.26	01:04:32.584	1.35032	1.35112			6
2025.12.26	01:04:32.896		1.35113			4
2025.12.26	01:04:33.203	1.35093				2
2025.12.26	01:04:33.509		1.35115			4
2025.12.26	01:04:33.843	1.35016	1.35102			6
2025.12.26	01:04:34.149	1.35018	1.35100			6
2025.12.26	01:04:34.453	1.35033	1.35111			6
2025.12.26	01:04:34.757	1.35053	1.35114			6
2025.12.26	01:04:35.377	1.35016	1.35101			6
2025.12.26	01:04:35.680	1.35020	1.35108			6
2025.12.26	01:04:35.998	1.35051	1.35110			6
2025.12.26	01:04:36.299	1.35066	1.35112			6
2025.12.26	01:04:36.601	1.35076				2
2025.12.26	01:04:36.918	1.35016	1.35098			6
2025.12.26	01:04:37.222	1.35018	1.35115			6
2025.12.26	01:04:37.525	1.35034	1.35112			6
2025.12.26	01:04:37.832	1.35053	1.35113			6
2025.12.26	01:04:38.449	1.34970	1.35094			6
2025.12.26	01:04:38.762	1.34984	1.35102			6
2025.12.26	01:04:39.071	1.35015	1.35115			6
2025.12.26	01:04:39.388		1.35114			4
2025.12.26	01:04:39.996	1.34972	1.35096			6
2025.12.26	01:04:40.309	1.34988	1.35109			6
2025.12.26	01:04:40.615	1.35000	1.35110			6
2025.12.26	01:04:40.926	1.35016	1.35118			6
2025.12.26	01:04:41.237		1.35117			4
2025.12.26	01:04:41.552	1.34978	1.35102			6
2025.12.26	01:04:41.857	1.35017	1.35114			6
2025.12.26	01:04:42.172	1.35048	1.35117			6
2025.12.26	01:04:42.481	1.35065	1.35115			6
2025.12.26	01:04:43.098	1.35016	1.35104			6
2025.12.26	01:04:43.405	1.35019	1.35106			6
2025.12.26	01:04:43.707	1.35054	1.35116			6
2025.12.26	01:04:44.644	1.35016	1.35098			6
2025.12.26	01:04:44.951	1.35020	1.35106			6
2025.12.26	01:04:45.261	1.35039	1.35117			6
2025.12.26	01:04:45.565	1.35070	1.35113			6
2025.12.26	01:04:45.873	1.35078				2
2025.12.26	01:04:46.185	1.35017	1.35095			6
2025.12.26	01:04:46.487	1.35020	1.35103			6
2025.12.26	01:04:46.789	1.35051	1.35118			6
2025.12.26	01:04:47.092	1.35066				2
2025.12.26	01:04:47.400	1.35074				2
2025.12.26	01:04:48.022	1.35087				2
2025.12.26	01:04:48.329	1.35016	1.35099			6
2025.12.26	01:04:48.633	1.35028	1.35115			6
2025.12.26	01:04:48.944	1.35055	1.35116			6
2025.12.26	01:04:49.263	1.35066				2
2025.12.26	01:04:49.568	1.35079				2
2025.12.26	01:04:50.187	1.35016	1.35115			6
2025.12.26	01:04:50.488	1.35020	1.35116			6
2025.12.26	01:04:50.792	1.35035				2
2025.12.26	01:04:51.096	1.35066	1.35117			6
2025.12.26	01:04:51.397	1.35075	1.35118			6
2025.12.26	01:04:51.716	1.35016	1.35098			6
2025.12.26	01:04:52.016	1.35018	1.35106			6
2025.12.26	01:04:52.327	1.35034	1.35112			6
2025.12.26	01:04:52.636	1.35066				2
2025.12.26	01:04:53.256	1.35016	1.35095			6
2025.12.26	01:04:53.558	1.35020	1.35100			6
2025.12.26	01:04:53.869	1.35035	1.35110			6
2025.12.26	01:04:54.176	1.35066	1.35112			6
2025.12.26	01:04:54.479	1.35074	1.35111			6
2025.12.26	01:04:55.083	1.35085	1.35110			6
2025.12.26	01:04:55.391	1.35016	1.35090			6
2025.12.26	01:04:55.698	1.35018	1.35098			6
2025.12.26	01:04:56.008	1.35052	1.35109			6
2025.12.26	01:04:56.311	1.35067	1.35111			6
2025.12.26	01:04:56.631	1.35076				2
2025.12.26	01:04:56.937	1.35016	1.35094			6
2025.12.26	01:04:57.238	1.35020	1.35098			6
2025.12.26	01:04:57.556	1.35051	1.35106			6
2025.12.26	01:04:57.862	1.35066	1.35110			6
2025.12.26	01:04:58.171	1.35074	1.35109			6
2025.12.26	01:04:58.479		1.35110			4
2025.12.26	01:04:59.102	1.35016	1.35092			6
2025.12.26	01:04:59.422	1.35029	1.35107			6
2025.12.26	01:04:59.723	1.35043	1.35109			6
2025.12.26	01:05:00.028	1.35070	1.35117			6
2025.12.26	01:05:00.345		1.35118			4
2025.12.26	01:05:00.650	1.35080				2
2025.12.26	01:05:00.963	1.35016	1.35098			6
2025.12.26	01:05:01.273	1.35018	1.35090			6
2025.12.26	01:05:01.582	1.35035	1.35118			6
2025.12.26	01:05:02.519	1.35081				2
2025.12.26	01:05:03.440	1.35090	1.35116			6
2025.12.26	01:05:03.749	1.35021	1.35104			6
2025.12.26	01:05:04.059	1.35055	1.35115			6
2025.12.26	01:05:04.375	1.35030	1.35116			6
2025.12.26	01:05:04.682		1.35115			4
2025.12.26	01:05:04.989	1.35021				2
2025.12.26	01:05:05.299		1.35089			4
2025.12.26	01:05:05.605	1.35028	1.35111			6
2025.12.26	01:05:05.913	1.35015	1.35110			6
2025.12.26	01:05:06.229	1.35008	1.35107			6
2025.12.26	01:05:06.534	1.35021				2
2025.12.26	01:05:06.838		1.35087			4
2025.12.26	01:05:07.150	1.35033	1.35118			6
2025.12.26	01:05:07.456	1.35020	1.35092			6
2025.12.26	01:05:08.692	1.35035	1.35103			6
2025.12.26	01:05:09.001		1.35118			4
2025.12.26	01:05:09.615	1.35022	1.35116			6
2025.12.26	01:05:09.918	1.35021	1.35099			6
2025.12.26	01:05:10.240	1.35035	1.35103			6
2025.12.26	01:05:10.548		1.35116			4
2025.12.26	01:05:10.854	1.35044	1.35129			6
2025.12.26	01:05:11.160	1.35038	1.35130			6
2025.12.26	01:05:11.464	1.35033	1.35137			6
2025.12.26	01:05:11.778	1.35041	1.35133			6
2025.12.26	01:05:12.391	1.35043	1.35132			6
2025.12.26	01:05:12.702		1.35142			4
2025.12.26	01:05:13.005		1.35139			4
2025.12.26	01:05:13.307	1.35044	1.35156			6
2025.12.26	01:05:13.614		1.35160			4
2025.12.26	01:05:14.233	1.35049	1.35156			6
2025.12.26	01:05:14.538		1.35166			4
2025.12.26	01:05:15.157	1.35048	1.35162			6
2025.12.26	01:05:15.461		1.35168			4
2025.12.26	01:05:15.782	1.35041	1.35157			6
2025.12.26	01:05:16.088	1.35046	1.35166			6
2025.12.26	01:05:16.701	1.35047	1.35171			6
2025.12.26	01:05:17.626	1.35052	1.35176			6
2025.12.26	01:05:17.933	1.35054	1.35178			6
2025.12.26	01:05:18.247	1.35052	1.35176			6
2025.12.26	01:05:18.554	1.35056	1.35180			6
2025.12.26	01:05:18.866	1.35058	1.35182			6
2025.12.26	01:05:19.169	1.35049	1.35170			6
2025.12.26	01:05:19.481	1.35012	1.35215			6
2025.12.26	01:05:19.901	1.35048	1.35206			6
2025.12.26	01:05:20.220	1.35058	1.35182			6
2025.12.26	01:05:20.535	1.35060	1.35184			6
2025.12.26	01:05:21.149	1.35062	1.35186			6
2025.12.26	01:05:21.461	1.35063	1.35187			6
2025.12.26	01:05:21.766	1.35065	1.35189			6
2025.12.26	01:05:22.084	1.35064	1.35188			6
2025.12.26	01:05:22.691	1.35057	1.35181			6
2025.12.26	01:05:23.003	1.35061	1.35185			6
2025.12.26	01:05:23.311	1.35056	1.35180			6
2025.12.26	01:05:23.623	1.35054	1.35178			6
2025.12.26	01:05:23.932	1.35053	1.35177			6
2025.12.26	01:05:26.402	1.35062	1.35186			6
2025.12.26	01:05:28.888	1.35064	1.35188			6
2025.12.26	01:05:30.740	1.35066	1.35190			6
2025.12.26	01:05:32.286	1.35064	1.35188			6
2025.12.26	01:05:33.830	1.35065	1.35189			6
2025.12.26	01:05:34.144	1.35060	1.35184			6
2025.12.26	01:05:34.449	1.35064	1.35188			6
2025.12.26	01:05:35.068	1.35065	1.35189			6
2025.12.26	01:05:35.686	1.35052	1.35176			6
2025.12.26	01:05:36.300	1.35038	1.35162			6
2025.12.26	01:05:36.612	1.35027	1.35140			6
2025.12.26	01:05:36.919	1.34982	1.35209			6
2025.12.26	01:05:37.309	1.35023	1.35142			6
2025.12.26	01:05:37.612	1.34993	1.35163			6
2025.12.26	01:05:37.926	1.35039				2
2025.12.26	01:05:38.564	1.35036	1.35160			6
2025.12.26	01:05:38.870	1.35037				2
2025.12.26	01:05:39.803	1.35045				2
2025.12.26	01:05:40.418		1.35124			4
2025.12.26	01:05:41.040		1.35153			4
2025.12.26	01:05:41.656	1.35051	1.35156			6
2025.12.26	01:05:41.964		1.35157			4
2025.12.26	01:05:42.268		1.35162			4
2025.12.26	01:05:42.572	1.35067	1.35163			6
2025.12.26	01:05:42.885	1.35052	1.35145			6
2025.12.26	01:05:43.187	1.35014	1.35149			6
2025.12.26	01:05:43.499	1.35020	1.35144			6
2025.12.26	01:05:43.803	1.35024	1.35148			6
2025.12.26	01:05:44.105	1.35030	1.35154			6
2025.12.26	01:05:44.412	1.35029	1.35153			6
2025.12.26	01:05:44.729	1.35032	1.35156			6
2025.12.26	01:05:45.035	1.35034	1.35158			6
2025.12.26	01:05:45.976	1.35035	1.35159			6
2025.12.26	01:05:46.297	1.35032	1.35156			6
2025.12.26	01:05:47.240	1.35029	1.35152			6
2025.12.26	01:05:47.543	1.35036				2
2025.12.26	01:05:49.122		1.35156			4
2025.12.26	01:05:49.429		1.35158			4
2025.12.26	01:05:49.746		1.35154			4
2025.12.26	01:05:50.669		1.35160			4
2025.12.26	01:05:51.616		1.35156			4
2025.12.26	01:05:51.931	1.35042	1.35155			6
2025.12.26	01:05:52.239	1.35047	1.35156			6
2025.12.26	01:05:52.542		1.35158			4
2025.12.26	01:05:52.859		1.35154			4
2025.12.26	01:05:53.480		1.35159			4
2025.12.26	01:05:53.786	1.35061	1.35154			6
2025.12.26	01:05:54.092		1.35153			4
2025.12.26	01:05:54.399	1.35070	1.35161			6
2025.12.26	01:05:54.705		1.35160			4
2025.12.26	01:05:55.006		1.35156			4
2025.12.26	01:05:55.307		1.35152			4
2025.12.26	01:05:55.612		1.35156			4
2025.12.26	01:05:55.927		1.35157			4
2025.12.26	01:05:56.232		1.35153			4
2025.12.26	01:05:56.551		1.35152			4
2025.12.26	01:05:57.797		1.35160			4
2025.12.26	01:05:58.416		1.35156			4
2025.12.26	01:05:59.035	1.35014	1.35119			6
2025.12.26	01:05:59.339	1.35013	1.35134			6
2025.12.26	01:05:59.644	1.35016	1.35140			6
2025.12.26	01:05:59.951	1.35018	1.35142			6
2025.12.26	01:06:00.266	1.35023	1.35147			6
2025.12.26	01:06:00.582	1.35024	1.35148			6
2025.12.26	01:06:00.888	1.35029	1.35153			6
2025.12.26	01:06:01.191	1.35026	1.35144			6
2025.12.26	01:06:01.506	1.35028	1.35152			6
2025.12.26	01:06:01.812	1.35027	1.35148			6
2025.12.26	01:06:02.754	1.35025				2
2025.12.26	01:06:03.063		1.35146			4
2025.12.26	01:06:03.679	1.35028				2
2025.12.26	01:06:04.292	1.35025				2
2025.12.26	01:06:05.205	1.35038	1.35152			6
2025.12.26	01:06:05.509	1.35056	1.35155			6
2025.12.26	01:06:05.818	1.35041	1.35152			6
2025.12.26	01:06:06.125	1.35051				2
2025.12.26	01:06:06.439	1.35038	1.35147			6
2025.12.26	01:06:10.157		1.35146			4
2025.12.26	01:06:10.471	1.35040	1.35144			6
2025.12.26	01:06:10.775	1.35056				2
2025.12.26	01:06:11.092		1.35143			4
2025.12.26	01:06:11.713		1.35142			4
2025.12.26	01:06:12.958		1.35140			4
2025.12.26	01:06:13.266		1.35141			4
2025.12.26	01:06:13.886		1.35139			4
2025.12.26	01:06:15.121	1.35010	1.35124			6
2025.12.26	01:06:15.425	1.35013	1.35127			6
2025.12.26	01:06:15.729	1.35011	1.35108			6
2025.12.26	01:06:16.037	1.35012	1.35102			6
2025.12.26	01:06:16.345	1.35018	1.35116			6
2025.12.26	01:06:16.646	1.35029	1.35125			6
2025.12.26	01:06:16.947	1.35035				2
2025.12.26	01:06:17.252	1.35042				2
2025.12.26	01:06:17.861		1.35132			4
2025.12.26	01:06:18.180	1.35044	1.35133			6
2025.12.26	01:06:18.499		1.35136			4
2025.12.26	01:06:18.804		1.35138			4
2025.12.26	01:06:19.422		1.35143			4
2025.12.26	01:06:19.730		1.35146			4
2025.12.26	01:06:20.043		1.35147			4
2025.12.26	01:06:20.349	1.35038	1.35134			6
2025.12.26	01:06:20.655		1.35162			4
2025.12.26	01:06:20.972	1.35040	1.35164			6
2025.12.26	01:06:21.287		1.35149			4
2025.12.26	01:06:21.589	1.34984	1.35108			6
2025.12.26	01:06:21.899	1.35010	1.35114			6
2025.12.26	01:06:22.207		1.35117			4
2025.12.26	01:06:22.516	1.35009	1.35131			6
2025.12.26	01:06:22.835		1.35128			4
2025.12.26	01:06:23.150		1.35127			4
2025.12.26	01:06:23.459		1.35128			4
2025.12.26	01:06:24.080		1.35123			4
2025.12.26	01:06:24.695		1.35122			4
2025.12.26	01:06:25.309	1.35016	1.35140			6
2025.12.26	01:06:25.926	1.35017	1.35141			6
2025.12.26	01:06:26.227	1.35014	1.35138			6
2025.12.26	01:06:26.549	1.35012	1.35136			6
2025.12.26	01:06:26.857	1.35011	1.35135			6
2025.12.26	01:06:27.472	1.35012	1.35136			6
2025.12.26	01:06:28.401	1.35017	1.35141			6
2025.12.26	01:06:28.717	1.35018	1.35142			6
2025.12.26	01:06:30.564	1.35023	1.35147			6
2025.12.26	01:06:30.884	1.35026	1.35150			6
2025.12.26	01:06:31.819	1.35040	1.35164			6
2025.12.26	01:06:32.126	1.35041	1.35165			6
2025.12.26	01:06:32.438	1.35040	1.35164			6
2025.12.26	01:06:32.754	1.35006	1.35130			6
2025.12.26	01:06:33.059	1.34928	1.35156			6
2025.12.26	01:06:33.371	1.35035	1.35136			6
2025.12.26	01:06:33.676		1.35157			4
2025.12.26	01:06:33.982		1.35156			4
2025.12.26	01:06:34.295		1.35155			4
2025.12.26	01:06:34.602		1.35156			4
2025.12.26	01:06:34.909	1.35010	1.35134			6
2025.12.26	01:06:35.212	1.35023	1.35147			6
2025.12.26	01:06:35.519	1.35024	1.35148			6
2025.12.26	01:06:35.832	1.35027	1.35151			6
2025.12.26	01:06:36.453	1.35032	1.35156			6
2025.12.26	01:06:37.676	1.35031	1.35155			6
2025.12.26	01:06:37.980	1.35032	1.35156			6
2025.12.26	01:06:38.298	1.35030	1.35154			6
2025.12.26	01:06:39.242	1.35036	1.35160			6
2025.12.26	01:06:41.728	1.35032	1.35156			6
2025.12.26	01:06:42.656	1.35031	1.35155			6
2025.12.26	01:06:43.582	1.35032	1.35150			6
2025.12.26	01:06:43.887	1.35016	1.35140			6
2025.12.26	01:06:44.509	1.35013	1.35137			6
2025.12.26	01:06:44.826	1.35018	1.35142			6
2025.12.26	01:06:45.129	1.35017	1.35141			6
2025.12.26	01:06:45.739	1.35019	1.35143			6
2025.12.26	01:06:46.045	1.35024	1.35148			6
2025.12.26	01:06:46.350	1.35026	1.35150			6
2025.12.26	01:06:47.582	1.35030	1.35154			6
2025.12.26	01:06:49.727	1.35026	1.35150			6
2025.12.26	01:06:50.644	1.35042	1.35152			6
2025.12.26	01:06:54.026		1.35153			4
2025.12.26	01:06:54.637	1.35052	1.35152			6
2025.12.26	01:06:54.938		1.35151			4
2025.12.26	01:06:55.243		1.35156			4
2025.12.26	01:06:55.557	1.35058	1.35159			6
2025.12.26	01:06:55.859	1.35067	1.35139			6
2025.12.26	01:06:56.162		1.35146			4
2025.12.26	01:06:56.770	1.35017	1.35131			6
2025.12.26	01:06:57.087	1.35023	1.35137			6
2025.12.26	01:06:57.398	1.35025	1.35147			6
2025.12.26	01:06:57.705	1.35027	1.35151			6
2025.12.26	01:06:58.006	1.35028	1.35152			6
2025.12.26	01:06:58.309	1.35040	1.35163			6
2025.12.26	01:06:58.621		1.35158			4
2025.12.26	01:06:59.226	1.35007	1.35175			6
2025.12.26	01:06:59.937	1.35025	1.35148			6
2025.12.26	01:07:00.238	1.35030	1.35151			6
2025.12.26	01:07:00.541		1.35152			4
2025.12.26	01:07:01.462	1.35040				2
2025.12.26	01:07:03.345		1.35158			4
2025.12.26	01:07:03.651		1.35156			4
2025.12.26	01:07:03.983	1.35047				2
2025.12.26	01:07:04.907		1.35127			4
2025.12.26	01:07:05.209		1.35124			4
2025.12.26	01:07:05.515		1.35160			4
2025.12.26	01:07:05.833	1.35055	1.35158			6
2025.12.26	01:07:06.137	1.35061	1.35160			6
2025.12.26	01:07:06.451		1.35158			4
2025.12.26	01:07:07.392	1.35073	1.35157			6
2025.12.26	01:07:07.699		1.35156			4
2025.12.26	01:07:08.644		1.35154			4
2025.12.26	01:07:09.265		1.35153			4
2025.12.26	01:07:09.883		1.35152			4
2025.12.26	01:07:10.203		1.35150			4
2025.12.26	01:07:10.829		1.35154			4
2025.12.26	01:07:12.711		1.35153			4
2025.12.26	01:07:13.013	1.35029				2
2025.12.26	01:07:13.319	1.35022	1.35104			6
2025.12.26	01:07:13.627	1.35027	1.35140			6
2025.12.26	01:07:13.935	1.35032	1.35105			6
2025.12.26	01:07:14.253	1.34998	1.35122			6
2025.12.26	01:07:14.558	1.35006	1.35130			6
2025.12.26	01:07:14.859	1.34994	1.35118			6
2025.12.26	01:07:15.178	1.34989	1.35113			6
2025.12.26	01:07:15.495	1.34988	1.35112			6
2025.12.26	01:07:15.821	1.34990	1.35114			6
2025.12.26	01:07:16.445	1.34992	1.35116			6
2025.12.26	01:07:17.081	1.34994	1.35118			6
2025.12.26	01:07:17.388	1.34995	1.35119			6
2025.12.26	01:07:17.701	1.35020	1.35144			6
2025.12.26	01:07:18.009	1.35022	1.35146			6
2025.12.26	01:07:18.313	1.35035	1.35158			6
2025.12.26	01:07:18.628	1.35043	1.35157			6
2025.12.26	01:07:18.933		1.35159			4
2025.12.26	01:07:19.248	1.35040	1.35156			6
2025.12.26	01:07:21.113	1.35032				2
2025.12.26	01:07:22.961	1.35027	1.35150			6
2025.12.26	01:07:23.265	1.35024	1.35148			6
2025.12.26	01:07:23.888	1.35033	1.35157			6
2025.12.26	01:07:24.196	1.35034	1.35158			6
2025.12.26	01:07:24.813	1.35031	1.35155			6
2025.12.26	01:07:25.432	1.35030	1.35154			6
2025.12.26	01:07:26.356	1.35029	1.35152			6
2025.12.26	01:07:27.901		1.35147			4
2025.12.26	01:07:28.521		1.35148			4
2025.12.26	01:07:28.824	1.35028				2
2025.12.26	01:07:29.136		1.35147			4
2025.12.26	01:07:29.443	1.35035	1.35154			6
2025.12.26	01:07:31.605		1.35153			4
2025.12.26	01:07:32.226		1.35152			4
2025.12.26	01:07:32.841	1.35028				2
2025.12.26	01:07:33.144	1.34930	1.35158			6
2025.12.26	01:07:33.457	1.35031	1.35150			6
2025.12.26	01:07:33.777	1.35030				2
2025.12.26	01:07:34.384		1.35148			4
2025.12.26	01:07:35.636		1.35146			4
2025.12.26	01:07:36.563	1.35023	1.35147			6
2025.12.26	01:07:36.875	1.34984	1.35108			6
2025.12.26	01:07:37.181	1.35016	1.35140			6
2025.12.26	01:07:37.498	1.35036	1.35150			6
2025.12.26	01:07:38.436		1.35149			4
2025.12.26	01:07:39.057	1.35012	1.35136			6
2025.12.26	01:07:39.359	1.34990	1.35114			6
2025.12.26	01:07:39.666	1.34987	1.35111			6
2025.12.26	01:07:39.974	1.34989	1.35113			6
2025.12.26	01:07:40.290	1.34996	1.35107			6
2025.12.26	01:07:40.595	1.35021	1.35145			6
2025.12.26	01:07:40.907	1.35015	1.35139			6
2025.12.26	01:07:41.215	1.35032	1.35154			6
2025.12.26	01:07:41.518	1.35033	1.35155			6
2025.12.26	01:07:41.821	1.35028	1.35149			6
2025.12.26	01:07:42.142	1.35016	1.35137			6
2025.12.26	01:07:43.081		1.35138			4
2025.12.26	01:07:44.019		1.35140			4
2025.12.26	01:07:46.186	1.35014	1.35138			6
2025.12.26	01:07:46.498	1.35022	1.35146			6
2025.12.26	01:07:46.804	1.35024	1.35148			6
2025.12.26	01:07:47.427	1.35026	1.35149			6
2025.12.26	01:07:49.296	1.35028	1.35152			6
2025.12.26	01:07:50.238	1.35026	1.35150			6
2025.12.26	01:07:50.555	1.35027	1.35151			6
2025.12.26	01:07:50.862	1.35026	1.35150			6
2025.12.26	01:07:51.801		1.35149			4
2025.12.26	01:07:52.424	1.35034	1.35152			6
2025.12.26	01:07:53.050	1.35030				2
2025.12.26	01:07:53.358	1.35018	1.35142			6
2025.12.26	01:07:53.671	1.35013	1.35137			6
2025.12.26	01:07:53.973	1.35017	1.35141			6
2025.12.26	01:07:54.275	1.35018	1.35142			6
2025.12.26	01:07:55.527	1.35030				2
2025.12.26	01:07:56.459		1.35143			4
2025.12.26	01:07:58.346		1.35144			4
2025.12.26	01:07:59.912		1.35143			4
2025.12.26	01:08:00.229	1.35030				2
2025.12.26	01:08:00.856		1.35152			4
2025.12.26	01:08:03.060		1.35154			4
2025.12.26	01:08:04.308		1.35153			4
2025.12.26	01:08:04.929		1.35152			4
2025.12.26	01:08:08.363		1.35148			4
2025.12.26	01:08:08.982		1.35147			4
2025.12.26	01:08:10.851		1.35152			4
2025.12.26	01:08:11.471		1.35140			4
2025.12.26	01:08:18.334		1.35150			4
2025.12.26	01:08:19.885		1.35152			4
2025.12.26	01:08:21.432		1.35137			4
2025.12.26	01:08:24.219	1.35013				2
2025.12.26	01:08:33.546	1.35027	1.35151			6
2025.12.26	01:08:35.397	1.35026	1.35150			6
2025.12.26	01:08:41.939	1.35030	1.35129			6
2025.12.26	01:08:42.260	1.35031	1.35155			6
2025.12.26	01:08:42.564	1.35029	1.35153			6
2025.12.26	01:08:43.183	1.35024	1.35148			6
2025.12.26	01:08:45.987	1.35027	1.35151			6
2025.12.26	01:08:46.295	1.35016	1.35140			6
2025.12.26	01:08:58.746	1.35021	1.35145			6
2025.12.26	01:09:00.295	1.35020	1.35144			6
2025.12.26	01:09:03.101	1.35016	1.35140			6
2025.12.26	01:09:04.026	1.35013	1.35137			6
2025.12.26	01:09:05.852	1.35026	1.35150			6
2025.12.26	01:09:06.171	1.35024	1.35148			6
2025.12.26	01:09:06.480	1.35022	1.35146			6
2025.12.26	01:09:06.797	1.35023	1.35147			6
2025.12.26	01:09:07.116	1.35024	1.35148			6
2025.12.26	01:09:08.376	1.35016	1.35140			6
2025.12.26	01:09:11.507	1.35035				2
2025.12.26	01:09:24.285	1.35044				2
2025.12.26	01:09:24.588		1.35148			4
2025.12.26	01:09:24.889		1.35144			4
2025.12.26	01:09:25.211		1.35146			4
2025.12.26	01:09:25.532	1.35005	1.35120			6
2025.12.26	01:09:25.846	1.35027	1.35144			6
2025.12.26	01:09:26.154	1.35031	1.35146			6
2025.12.26	01:09:26.475	1.35042				2
2025.12.26	01:09:27.094	1.35010	1.35140			6
2025.12.26	01:09:27.626	1.35034	1.35146			6
2025.12.26	01:09:27.935		1.35144			4
2025.12.26	01:09:28.556	1.35010	1.35141			6
2025.12.26	01:09:30.909		1.35142			4
2025.12.26	01:09:32.834		1.35143			4
2025.12.26	01:09:33.252	1.35024	1.35148			6
2025.12.26	01:09:33.863	1.35039	1.35154			6
2025.12.26	01:09:34.173	1.35010	1.35140			6
2025.12.26	01:09:34.781	1.35034	1.35151			6
2025.12.26	01:09:35.098		1.35150			4
2025.12.26	01:09:35.408	1.35047				2
2025.12.26	01:09:35.720	1.35010	1.35142			6
2025.12.26	01:09:36.321	1.35031	1.35155			6
2025.12.26	01:09:36.646	1.35041	1.35153			6
2025.12.26	01:09:36.949		1.35154			4
2025.12.26	01:09:37.255	1.35010	1.35147			6
2025.12.26	01:09:42.137	1.34914				2
2025.12.26	01:09:44.345	1.35034	1.35158			6
2025.12.26	01:09:45.280	1.34992	1.35116			6
2025.12.26	01:09:45.584	1.34920	1.35143			6
2025.12.26	01:09:46.006	1.35036	1.35160			6
2025.12.26	01:09:46.325	1.35035	1.35159			6
2025.12.26	01:09:46.642	1.35034	1.35158			6
2025.12.26	01:09:46.951	1.34919	1.35144			6
2025.12.26	01:09:47.541	1.35033	1.35157			6
2025.12.26	01:09:47.845	1.35032	1.35156			6
2025.12.26	01:09:48.469	1.34918	1.35144			6
2025.12.26	01:09:48.981	1.35029	1.35153			6
2025.12.26	01:09:49.282	1.35028	1.35152			6
2025.12.26	01:09:49.897	1.34992	1.35116			6
2025.12.26	01:09:50.517	1.35032	1.35156			6
2025.12.26	01:09:50.832	1.35030	1.35154			6
2025.12.26	01:09:51.140	1.35028	1.35152			6
2025.12.26	01:09:51.456	1.34914	1.35140			6
2025.12.26	01:09:52.171	1.35032	1.35156			6
2025.12.26	01:09:52.479	1.35026	1.35150			6
2025.12.26	01:09:53.106	1.34994	1.35118			6
2025.12.26	01:09:53.424	1.35025	1.35124			6
2025.12.26	01:09:53.733	1.35029	1.35153			6
2025.12.26	01:09:54.050	1.35026	1.35150			6
2025.12.26	01:09:54.671	1.34916	1.35140			6
2025.12.26	01:09:55.227	1.35028	1.35152			6
2025.12.26	01:09:55.531		1.35148			4
2025.12.26	01:09:56.152	1.34921	1.35144			6
2025.12.26	01:09:56.772	1.35025	1.35148			6
2025.12.26	01:09:57.084		1.35147			4
2025.12.26	01:09:57.387		1.35146			4
2025.12.26	01:09:57.695	1.34917				2
2025.12.26	01:09:59.035		1.35142			4
2025.12.26	01:09:59.336	1.35021	1.35144			6
2025.12.26	01:09:59.646		1.35142			4
2025.12.26	01:10:00.265	1.34974	1.35098			6
2025.12.26	01:10:00.579	1.35022				2
2025.12.26	01:10:00.885		1.35140			4
2025.12.26	01:10:01.208	1.35023	1.35142			6
2025.12.26	01:10:01.522	1.35021	1.35140			6
2025.12.26	01:10:01.829	1.34974	1.35098			6
2025.12.26	01:10:02.147	1.35022				2
2025.12.26	01:10:02.459		1.35141			4
2025.12.26	01:10:02.770		1.35140			4
2025.12.26	01:10:03.073		1.35141			4
2025.12.26	01:10:03.389	1.34976	1.35100			6
2025.12.26	01:10:03.695	1.35022				2
2025.12.26	01:10:03.999	1.35025	1.35144			6
2025.12.26	01:10:04.632	1.35026	1.35145			6
2025.12.26	01:10:04.939	1.34971	1.35095			6
2025.12.26	01:10:05.252	1.35018	1.35094			6
2025.12.26	01:10:05.559	1.35017	1.35140			6
2025.12.26	01:10:05.879	1.35021	1.35142			6
2025.12.26	01:10:06.191		1.35140			4
2025.12.26	01:10:06.501	1.35023	1.35142			6
2025.12.26	01:10:06.817	1.34992	1.35116			6
2025.12.26	01:10:07.131	1.34979	1.35103			6
2025.12.26	01:10:11.517	1.34972	1.35096			6
2025.12.26	01:10:11.831	1.35018				2
2025.12.26	01:10:12.138	1.35026	1.35146			6
2025.12.26	01:10:12.760	1.35025				2
2025.12.26	01:10:13.071	1.35010	1.35116			6
2025.12.26	01:10:13.382	1.35030				2
2025.12.26	01:10:13.686	1.35040	1.35147			6
2025.12.26	01:10:14.613	1.35010	1.35104			6
2025.12.26	01:10:14.919	1.35031				2
2025.12.26	01:10:15.223		1.35145			4
2025.12.26	01:10:15.536	1.35045				2
2025.12.26	01:10:16.153	1.35010	1.35104			6
2025.12.26	01:10:18.022		1.35103			4
2025.12.26	01:10:19.572		1.35096			4
2025.12.26	01:10:20.517	1.35045	1.35146			6
2025.12.26	01:10:21.752	1.35015	1.35118			6
2025.12.26	01:10:22.058	1.35039	1.35119			6
2025.12.26	01:10:22.375	1.35058				2
2025.12.26	01:10:22.677	1.35067				2
2025.12.26	01:10:22.984	1.35078				2
2025.12.26	01:10:23.299	1.35010	1.35096			6
2025.12.26	01:10:23.609	1.35027	1.35142			6
2025.12.26	01:10:23.929	1.35035				2
2025.12.26	01:10:24.858	1.35042	1.35128			6
2025.12.26	01:10:25.810		1.35144			4
2025.12.26	01:10:26.125		1.35141			4
2025.12.26	01:10:26.737		1.35142			4
2025.12.26	01:10:27.058		1.35140			4
2025.12.26	01:10:27.360	1.35052	1.35142			6
2025.12.26	01:10:27.976		1.35141			4
2025.12.26	01:10:28.285		1.35140			4
2025.12.26	01:10:30.460		1.35142			4
2025.12.26	01:10:30.768		1.35134			4
2025.12.26	01:10:31.084		1.35133			4
2025.12.26	01:10:32.662		1.35132			4
2025.12.26	01:10:34.216		1.35133			4
2025.12.26	01:10:37.025		1.35132			4
2025.12.26	01:10:38.571		1.35136			4
2025.12.26	01:10:39.494		1.35127			4
2025.12.26	01:10:41.985		1.35126			4
2025.12.26	01:10:42.923		1.35127			4
2025.12.26	01:10:43.548	1.35010	1.35132			6
2025.12.26	01:10:43.851	1.35009	1.35126			6
2025.12.26	01:10:44.473	1.35007	1.35128			6
2025.12.26	01:10:44.788	1.35019	1.35134			6
2025.12.26	01:10:45.102		1.35133			4
2025.12.26	01:10:46.345		1.35135			4
2025.12.26	01:10:46.652		1.35134			4
2025.12.26	01:10:46.964		1.35132			4
2025.12.26	01:10:47.266		1.35134			4
2025.12.26	01:10:47.579		1.35133			4
2025.12.26	01:10:48.502		1.35132			4
2025.12.26	01:10:49.123	1.35020				2
2025.12.26	01:10:49.438	1.34998	1.35122			6
2025.12.26	01:10:49.746	1.35024	1.35138			6
2025.12.26	01:10:50.365	1.35022	1.35136			6
2025.12.26	01:11:00.288	1.35022				2
2025.12.26	01:11:00.908		1.35139			4
2025.12.26	01:11:01.212	1.35024	1.35142			6
2025.12.26	01:11:01.519	1.35026	1.35140			6
2025.12.26	01:11:01.824		1.35142			4
2025.12.26	01:11:02.157	1.35008	1.35132			6
2025.12.26	01:11:02.776	1.34999	1.35116			6
2025.12.26	01:11:03.080	1.35024	1.35135			6
2025.12.26	01:11:03.396		1.35136			4
2025.12.26	01:11:04.324	1.35075				2
2025.12.26	01:11:04.631	1.35020	1.35104			6
2025.12.26	01:11:04.938		1.35102			4
2025.12.26	01:11:05.238	1.35025	1.35136			6
2025.12.26	01:11:05.561	1.35046				2
2025.12.26	01:11:05.868		1.35126			4
2025.12.26	01:11:06.488	1.35069	1.35134			6
2025.12.26	01:11:06.802	1.35020	1.35102			6
2025.12.26	01:11:07.114	1.35025				2
2025.12.26	01:11:07.419	1.35043	1.35136			6
2025.12.26	01:11:08.036	1.35058				2
2025.12.26	01:11:08.649	1.35020	1.35129			6
2025.12.26	01:11:08.952		1.35102			4
2025.12.26	01:11:09.267	1.35050	1.35135			6
2025.12.26	01:11:09.887	1.35064				2
2025.12.26	01:11:10.203		1.35131			4
2025.12.26	01:11:10.505	1.35020	1.35101			6
2025.12.26	01:11:10.807	1.35023	1.35135			6
2025.12.26	01:11:11.112	1.35040				2
2025.12.26	01:11:11.422	1.35057	1.35136			6
2025.12.26	01:11:11.731		1.35135			4
2025.12.26	01:11:12.350	1.35071	1.35134			6
2025.12.26	01:11:12.988		1.35135			4
2025.12.26	01:11:13.301	1.35020	1.35111			6
2025.12.26	01:11:13.922	1.35051	1.35136			6
2025.12.26	01:11:14.234	1.35064				2
2025.12.26	01:11:14.856	1.35020	1.35111			6
2025.12.26	01:11:15.468	1.35024	1.35138			6
2025.12.26	01:11:15.781	1.35040				2
2025.12.26	01:11:16.095	1.35054				2
2025.12.26	01:11:17.023	1.35020	1.35095			6
2025.12.26	01:11:17.647	1.35051	1.35138			6
2025.12.26	01:11:17.953	1.35064	1.35136			6
2025.12.26	01:11:18.270		1.35137			4
2025.12.26	01:11:18.578	1.35020	1.35096			6
2025.12.26	01:11:18.892		1.35092			4
2025.12.26	01:11:19.198	1.35047	1.35136			6
2025.12.26	01:11:19.510		1.35134			4
2025.12.26	01:11:19.818	1.35065	1.35137			6
2025.12.26	01:11:20.120		1.35136			4
2025.12.26	01:11:20.753	1.35020	1.35098			6
2025.12.26	01:11:21.060	1.35046	1.35136			6
2025.12.26	01:11:21.366	1.35053				2
2025.12.26	01:11:22.306	1.35004	1.35113			6
2025.12.26	01:11:22.608	1.35007	1.35131			6
2025.12.26	01:11:22.911	1.35009	1.35130			6
2025.12.26	01:11:23.531	1.35017				2
2025.12.26	01:11:23.838		1.35132			4
2025.12.26	01:11:24.151	1.35045	1.35138			6
2025.12.26	01:11:25.078	1.35053				2
2025.12.26	01:11:25.698		1.35136			4
2025.12.26	01:11:26.302	1.35025	1.35122			6
2025.12.26	01:11:26.618	1.34993	1.35108			6
2025.12.26	01:11:26.927	1.35023	1.35136			6
2025.12.26	01:11:27.243	1.35027				2
2025.12.26	01:11:27.545	1.35037	1.35124			6
2025.12.26	01:11:27.861		1.35136			4
2025.12.26	01:11:28.163	1.35051	1.35124			6
2025.12.26	01:11:28.771	1.35025	1.35126			6
2025.12.26	01:11:29.079	1.35034	1.35132			6
2025.12.26	01:11:30.317	1.35054				2
2025.12.26	01:11:30.636	1.35000	1.35108			6
2025.12.26	01:11:30.940		1.35095			4
2025.12.26	01:11:31.243	1.35024	1.35132			6
2025.12.26	01:11:31.865	1.35020	1.35130			6
2025.12.26	01:11:32.176	1.35050				2
2025.12.26	01:11:33.119	1.35010	1.35123			6
2025.12.26	01:11:33.422		1.35092			4
2025.12.26	01:11:33.739	1.35030	1.35130			6
2025.12.26	01:11:34.048	1.35040	1.35131			6
2025.12.26	01:11:34.352		1.35130			4
2025.12.26	01:11:34.973	1.35053				2
2025.12.26	01:11:35.289	1.35017				2
2025.12.26	01:11:37.763		1.35129			4
2025.12.26	01:11:38.377	1.35020	1.35128			6
2025.12.26	01:11:38.994	1.35022				2
2025.12.26	01:11:39.312	1.35023				2
2025.12.26	01:11:39.620		1.35129			4
2025.12.26	01:11:39.926	1.35020	1.35128			6
