<DATE>	<TIME>	<BID>	<ASK>	<LAST>	<VOLUME>	<FLAGS>
2025.02.14	00:00:00.255	1.25530	1.25722			6
2025.02.14	00:00:01.012	1.25538	1.25730			6
2025.02.14	00:01:00.177	1.25539	1.25731			6
2025.02.14	00:02:00.115	1.25539				2
2025.02.14	00:02:00.427	1.25538	1.25730			6
2025.02.14	00:02:48.791	1.25539	1.25717			6
2025.02.14	00:02:49.096	1.25537				2
2025.02.14	00:02:50.012	1.25540				2
2025.02.14	00:03:00.076	1.25540				2
2025.02.14	00:03:48.918		1.25717			4
2025.02.14	00:04:00.291	1.25540				2
2025.02.14	00:04:49.154		1.25717			4
2025.02.14	00:05:00.225	1.25540				2
2025.02.14	00:05:03.914	1.25536				2
2025.02.14	00:05:09.728	1.25460	1.25652			6
2025.02.14	00:05:12.165	1.25458	1.25650			6
2025.02.14	00:05:22.519	1.25462	1.25654			6
2025.02.14	00:05:31.331	1.25451	1.25643			6
2025.02.14	00:05:34.694	1.25453	1.25645			6
2025.02.14	00:05:35.309	1.25452	1.25644			6
2025.02.14	00:05:44.757	1.25463	1.25655			6
2025.02.14	00:05:48.730	1.25475	1.25667			6
2025.02.14	00:05:53.035	1.25472	1.25664			6
2025.02.14	00:06:00.098	1.25472				2
2025.02.14	00:06:00.402	1.25454	1.25646			6
2025.02.14	00:06:03.154	1.25452	1.25644			6
2025.02.14	00:06:20.527	1.25463	1.25655			6
2025.02.14	00:06:56.137	1.25460	1.25652			6
2025.02.14	00:06:59.216	1.25479	1.25671			6
2025.02.14	00:06:59.523	1.25464	1.25656			6
2025.02.14	00:07:00.132	1.25464				2
2025.02.14	00:07:00.746	1.25486	1.25678			6
2025.02.14	00:07:03.199	1.25495	1.25687			6
2025.02.14	00:07:03.507	1.25498	1.25690			6
2025.02.14	00:07:06.893	1.25500	1.25692			6
2025.02.14	00:07:07.201	1.25506	1.25698			6
2025.02.14	00:07:07.506	1.25508	1.25700			6
2025.02.14	00:07:10.273	1.25511	1.25703			6
2025.02.14	00:07:11.197	1.25505	1.25697			6
2025.02.14	00:07:11.501	1.25514	1.25706			6
2025.02.14	00:07:12.760	1.25513	1.25705			6
2025.02.14	00:07:17.701	1.25511	1.25703			6
2025.02.14	00:07:26.302	1.25506	1.25698			6
2025.02.14	00:07:32.459	1.25500	1.25692			6
2025.02.14	00:07:42.593	1.25496	1.25688			6
2025.02.14	00:07:48.740	1.25528	1.25717			6
2025.02.14	00:07:50.889	1.25532				2
2025.02.14	00:07:57.342	1.25527				2
2025.02.14	00:08:00.105	1.25528				2
2025.02.14	00:08:07.788	1.25526				2
2025.02.14	00:08:21.000	1.25531				2
2025.02.14	00:08:27.456	1.25526				2
2025.02.14	00:08:28.377	1.25532				2
2025.02.14	00:08:32.681	1.25530				2
2025.02.14	00:08:37.603	1.25529				2
2025.02.14	00:08:44.368	1.25527				2
2025.02.14	00:08:48.987		1.25717			4
2025.02.14	00:08:53.597	1.25528				2
2025.02.14	00:08:54.513	1.25527				2
2025.02.14	00:08:57.897	1.25526				2
2025.02.14	00:09:00.052	1.25526				2
2025.02.14	00:09:01.587	1.25525				2
2025.02.14	00:09:09.584	1.25522	1.25714			6
2025.02.14	00:09:45.585	1.25524	1.25716			6
2025.02.14	00:09:57.561	1.25522	1.25714			6
2025.02.14	00:10:00.000	1.25522				2
2025.02.14	00:10:07.373	1.25524	1.25716			6
2025.02.14	00:10:08.903	1.25531	1.25717			6
2025.02.14	00:10:11.661	1.25523	1.25715			6
2025.02.14	00:10:14.443	1.25525	1.25717			6
2025.02.14	00:10:18.727	1.25522	1.25714			6
2025.02.14	00:10:24.521	1.25550	1.25707			6
2025.02.14	00:10:29.113		1.25706			4
2025.02.14	00:10:29.418		1.25707			4
2025.02.14	00:10:30.644		1.25716			4
2025.02.14	00:10:32.170		1.25706			4
2025.02.14	00:10:32.784		1.25716			4
2025.02.14	00:10:33.692	1.25527	1.25719			6
2025.02.14	00:10:34.300	1.25550	1.25716			6
2025.02.14	00:10:34.604	1.25527	1.25719			6
2025.02.14	00:10:35.514	1.25550	1.25716			6
2025.02.14	00:10:36.122	1.25527	1.25719			6
2025.02.14	00:10:39.498	1.25550	1.25706			6
2025.02.14	00:10:42.875		1.25716			4
2025.02.14	00:10:54.772		1.25706			4
2025.02.14	00:10:55.378		1.25716			4
2025.02.14	00:11:00.251	1.25550				2
2025.02.14	00:11:03.888		1.25710			4
2025.02.14	00:11:07.225		1.25706			4
2025.02.14	00:11:08.760		1.25716			4
2025.02.14	00:11:09.066		1.25710			4
2025.02.14	00:11:12.755		1.25716			4
2025.02.14	00:11:13.985		1.25710			4
2025.02.14	00:11:24.399		1.25715			4
2025.02.14	00:11:30.216	1.25553	1.25706			6
2025.02.14	00:11:30.822	1.25550	1.25715			6
2025.02.14	00:11:34.470	1.25557	1.25706			6
2025.02.14	00:11:34.775	1.25550	1.25715			6
2025.02.14	00:11:35.696	1.25559	1.25706			6
2025.02.14	00:11:37.213	1.25550	1.25715			6
2025.02.14	00:11:42.376	1.25559	1.25706			6
2025.02.14	00:11:42.983	1.25560				2
2025.02.14	00:11:43.588	1.25551	1.25715			6
2025.02.14	00:11:47.595	1.25552				2
2025.02.14	00:12:00.126	1.25552				2
2025.02.14	00:12:06.550	1.25550				2
2025.02.14	00:12:10.241	1.25561	1.25706			6
2025.02.14	00:12:10.547	1.25550	1.25715			6
2025.02.14	00:12:12.085	1.25565	1.25706			6
2025.02.14	00:12:12.394	1.25550	1.25715			6
2025.02.14	00:12:17.315	1.25564	1.25706			6
2025.02.14	00:12:17.630	1.25550	1.25715			6
2025.02.14	00:12:19.181	1.25552				2
2025.02.14	00:12:19.485	1.25554				2
2025.02.14	00:12:19.791	1.25566	1.25706			6
2025.02.14	00:12:20.718	1.25550	1.25715			6
2025.02.14	00:12:21.948	1.25566	1.25706			6
2025.02.14	00:12:24.688	1.25553	1.25715			6
2025.02.14	00:12:25.004	1.25568	1.25706			6
2025.02.14	00:12:25.316	1.25553	1.25715			6
2025.02.14	00:12:25.631	1.25554				2
2025.02.14	00:12:29.319	1.25555				2
2025.02.14	00:12:29.624	1.25558				2
2025.02.14	00:12:29.936	1.25556				2
2025.02.14	00:12:30.546	1.25574	1.25706			6
2025.02.14	00:12:31.465	1.25560	1.25715			6
2025.02.14	00:12:33.613	1.25562				2
2025.02.14	00:12:34.838	1.25556				2
2025.02.14	00:12:35.143	1.25559				2
2025.02.14	00:12:36.378	1.25561				2
2025.02.14	00:12:37.916	1.25563				2
2025.02.14	00:12:41.904	1.25582	1.25706			6
2025.02.14	00:12:42.511	1.25568	1.25715			6
2025.02.14	00:12:42.814	1.25580	1.25706			6
2025.02.14	00:12:43.118	1.25565	1.25715			6
2025.02.14	00:12:44.632	1.25564				2
2025.02.14	00:12:46.472	1.25563				2
2025.02.14	00:12:46.779	1.25565				2
2025.02.14	00:12:50.170	1.25562				2
2025.02.14	00:12:52.023	1.25564				2
2025.02.14	00:12:52.331	1.25565				2
2025.02.14	00:12:53.245	1.25580	1.25706			6
2025.02.14	00:12:56.894	1.25564	1.25715			6
2025.02.14	00:12:57.197	1.25565				2
2025.02.14	00:12:58.734	1.25567				2
2025.02.14	00:13:00.276	1.25567				2
2025.02.14	00:13:01.812	1.25566				2
2025.02.14	00:13:03.970	1.25567				2
2025.02.14	00:13:09.516	1.25568				2
2025.02.14	00:13:12.285	1.25567				2
2025.02.14	00:13:15.677	1.25583	1.25706			6
2025.02.14	00:13:21.789	1.25581				2
2025.02.14	00:13:22.104	1.25566	1.25715			6
2025.02.14	00:13:24.861	1.25560				2
2025.02.14	00:13:25.169	1.25580	1.25706			6
2025.02.14	00:13:25.780	1.25581				2
2025.02.14	00:13:26.699	1.25583				2
2025.02.14	00:13:27.606	1.25568	1.25715			6
2025.02.14	00:13:30.985	1.25584	1.25706			6
2025.02.14	00:13:31.286	1.25585				2
2025.02.14	00:13:31.894	1.25566				2
2025.02.14	00:13:32.206	1.25559	1.25715			6
2025.02.14	00:13:32.513	1.25557				2
2025.02.14	00:13:33.429	1.25555				2
2025.02.14	00:13:33.743	1.25556				2
2025.02.14	00:13:34.357	1.25555				2
2025.02.14	00:13:34.664	1.25572	1.25706			6
2025.02.14	00:13:35.595	1.25556	1.25715			6
2025.02.14	00:13:36.217	1.25555				2
2025.02.14	00:13:36.530	1.25557				2
2025.02.14	00:13:40.532	1.25555				2
2025.02.14	00:13:41.764	1.25576	1.25706			6
2025.02.14	00:13:42.066	1.25562	1.25715			6
2025.02.14	00:13:42.691	1.25564				2
2025.02.14	00:13:43.614	1.25565				2
2025.02.14	00:13:43.929	1.25563				2
2025.02.14	00:13:47.331	1.25565				2
2025.02.14	00:13:51.654	1.25563				2
2025.02.14	00:13:51.968	1.25560				2
2025.02.14	00:13:53.815	1.25562				2
2025.02.14	00:13:55.049	1.25563				2
2025.02.14	00:13:57.514	1.25562				2
2025.02.14	00:13:58.122	1.25563				2
2025.02.14	00:14:00.284	1.25563				2
2025.02.14	00:14:11.373	1.25568	1.25706			6
2025.02.14	00:14:17.213	1.25553	1.25715			6
2025.02.14	00:14:24.896	1.25565	1.25706			6
2025.02.14	00:14:25.211	1.25566				2
2025.02.14	00:14:26.427	1.25568				2
2025.02.14	00:14:26.738	1.25554	1.25715			6
2025.02.14	00:14:27.656	1.25571	1.25706			6
2025.02.14	00:14:28.889	1.25557	1.25715			6
2025.02.14	00:14:34.106	1.25555				2
2025.02.14	00:14:39.634	1.25550				2
2025.02.14	00:14:41.472	1.25563	1.25706			6
2025.02.14	00:14:43.006	1.25550	1.25715			6
2025.02.14	00:14:47.005	1.25563	1.25706			6
2025.02.14	00:14:52.535	1.25560	1.25715			6
2025.02.14	00:14:53.452	1.25571	1.25706			6
2025.02.14	00:14:53.760	1.25555	1.25715			6
2025.02.14	00:14:54.069	1.25556				2
2025.02.14	00:14:56.531	1.25550				2
2025.02.14	00:15:00.212	1.25561	1.25706			6
2025.02.14	00:15:00.524	1.25550	1.25715			6
2025.02.14	00:15:00.828	1.25559				2
2025.02.14	00:15:01.133	1.25551				2
2025.02.14	00:15:02.058	1.25565				2
2025.02.14	00:15:02.674	1.25551				2
2025.02.14	00:15:06.766	1.25553				2
2025.02.14	00:15:07.993	1.25552				2
2025.02.14	00:15:09.839	1.25551				2
2025.02.14	00:15:10.149	1.25553				2
2025.02.14	00:15:10.460	1.25555				2
2025.02.14	00:15:11.069	1.25556				2
2025.02.14	00:15:12.305	1.25558				2
2025.02.14	00:15:13.541	1.25559				2
2025.02.14	00:15:14.155	1.25557				2
2025.02.14	00:15:14.459	1.25560				2
2025.02.14	00:15:14.769	1.25575	1.25707			6
2025.02.14	00:15:15.678	1.25561	1.25715			6
2025.02.14	00:15:15.989	1.25563				2
2025.02.14	00:15:21.520	1.25562				2
2025.02.14	00:15:22.136	1.25561				2
2025.02.14	00:15:24.585	1.25555				2
2025.02.14	00:15:24.894	1.25561				2
2025.02.14	00:15:29.186	1.25562				2
2025.02.14	00:15:32.862	1.25557				2
2025.02.14	00:15:33.172	1.25559				2
2025.02.14	00:15:33.476		1.25707			4
2025.02.14	00:15:34.089		1.25715			4
2025.02.14	00:15:34.404		1.25707			4
2025.02.14	00:15:34.707	1.25557	1.25715			6
2025.02.14	00:15:35.019	1.25573	1.25704			6
2025.02.14	00:15:35.320		1.25706			4
2025.02.14	00:15:35.624		1.25704			4
2025.02.14	00:15:35.926		1.25706			4
2025.02.14	00:15:36.547		1.25704			4
2025.02.14	00:15:36.852		1.25706			4
2025.02.14	00:15:37.173		1.25704			4
2025.02.14	00:15:37.489		1.25706			4
2025.02.14	00:15:40.860	1.25558	1.25715			6
2025.02.14	00:15:42.402	1.25559				2
2025.02.14	00:15:42.703	1.25562				2
2025.02.14	00:15:55.601	1.25577	1.25706			6
2025.02.14	00:16:00.186	1.25577				2
2025.02.14	00:16:06.312	1.25570	1.25715			6
2025.02.14	00:16:07.538	1.25571				2
2025.02.14	00:16:09.070	1.25554				2
2025.02.14	00:16:10.913	1.25555				2
2025.02.14	00:16:11.217	1.25561				2
2025.02.14	00:16:11.529	1.25556				2
2025.02.14	00:16:11.838	1.25559				2
2025.02.14	00:16:14.293	1.25558				2
2025.02.14	00:16:19.518	1.25560				2
2025.02.14	00:16:33.642	1.25554	1.25710			6
2025.02.14	00:16:33.951	1.25572	1.25706			6
2025.02.14	00:16:34.262	1.25557	1.25710			6
2025.02.14	00:16:34.565	1.25570	1.25706			6
2025.02.14	00:16:34.876	1.25554	1.25710			6
2025.02.14	00:16:39.482	1.25578	1.25692			6
2025.02.14	00:16:40.096		1.25710			4
2025.02.14	00:16:40.403	1.25581	1.25692			6
2025.02.14	00:16:40.707	1.25578	1.25710			6
2025.02.14	00:16:41.334	1.25580	1.25692			6
2025.02.14	00:16:42.252	1.25578	1.25710			6
2025.02.14	00:16:43.182		1.25692			4
2025.02.14	00:16:43.485		1.25710			4
2025.02.14	00:16:44.716		1.25709			4
2025.02.14	00:16:45.325		1.25692			4
2025.02.14	00:16:46.247		1.25709			4
2025.02.14	00:16:46.860	1.25580	1.25692			6
2025.02.14	00:16:47.469	1.25578	1.25709			6
2025.02.14	00:16:48.386		1.25692			4
2025.02.14	00:16:48.689		1.25709			4
2025.02.14	00:16:49.322	1.25582	1.25692			6
2025.02.14	00:16:52.057	1.25578	1.25709			6
2025.02.14	00:17:00.047	1.25578				2
2025.02.14	00:17:00.354	1.25594	1.25692			6
2025.02.14	00:17:00.974	1.25595				2
2025.02.14	00:17:03.421	1.25580	1.25709			6
2025.02.14	00:17:04.035	1.25595	1.25692			6
2025.02.14	00:17:05.270	1.25596				2
2025.02.14	00:17:06.495	1.25597				2
2025.02.14	00:17:07.705	1.25591				2
2025.02.14	00:17:10.128	1.25578	1.25709			6
2025.02.14	00:17:12.883	1.25579				2
2025.02.14	00:17:14.111	1.25580				2
2025.02.14	00:17:14.729	1.25582				2
2025.02.14	00:17:20.265	1.25583				2
2025.02.14	00:17:24.573	1.25598	1.25692			6
2025.02.14	00:17:26.101	1.25584	1.25709			6
2025.02.14	00:17:30.089	1.25596	1.25692			6
2025.02.14	00:17:31.001	1.25582	1.25709			6
2025.02.14	00:17:32.538	1.25588				2
2025.02.14	00:17:34.068	1.25589				2
2025.02.14	00:17:34.383	1.25588				2
2025.02.14	00:17:37.762	1.25590				2
2025.02.14	00:17:42.375	1.25591				2
2025.02.14	00:17:42.982	1.25602	1.25692			6
2025.02.14	00:17:48.161	1.25583	1.25709			6
2025.02.14	00:17:49.383	1.25584				2
2025.02.14	00:17:50.920	1.25583				2
2025.02.14	00:17:52.153	1.25592				2
2025.02.14	00:17:56.449	1.25591				2
2025.02.14	00:18:00.136	1.25591				2
2025.02.14	00:18:02.908	1.25588				2
2025.02.14	00:18:10.893	1.25586				2
2025.02.14	00:18:14.701	1.25587				2
2025.02.14	00:18:16.542	1.25589				2
2025.02.14	00:18:20.847	1.25584				2
2025.02.14	00:18:22.076	1.25602	1.25692			6
2025.02.14	00:18:23.909	1.25586	1.25709			6
2025.02.14	00:18:24.215	1.25588				2
2025.02.14	00:18:24.528	1.25586				2
2025.02.14	00:18:26.063	1.25588				2
2025.02.14	00:18:26.369	1.25602	1.25692			6
2025.02.14	00:18:32.189	1.25588	1.25709			6
2025.02.14	00:18:32.498	1.25587				2
2025.02.14	00:18:32.807	1.25588				2
2025.02.14	00:18:40.196	1.25589				2
2025.02.14	00:18:41.121	1.25590				2
2025.02.14	00:18:48.213	1.25587				2
2025.02.14	00:18:50.062	1.25586				2
2025.02.14	00:18:57.765	1.25587				2
2025.02.14	00:19:00.240	1.25589				2
2025.02.14	00:19:01.470	1.25603	1.25693			6
2025.02.14	00:19:08.806	1.25591	1.25709			6
2025.02.14	00:19:28.515	1.25590				2
2025.02.14	00:19:31.281	1.25593	1.25711			6
2025.02.14	00:19:31.587	1.25599	1.25689			6
2025.02.14	00:19:38.891	1.25597	1.25706			6
2025.02.14	00:19:41.369	1.25600	1.25690			6
2025.02.14	00:19:42.890	1.25597	1.25706			6
2025.02.14	00:19:49.358	1.25602	1.25692			6
2025.02.14	00:19:51.494	1.25598	1.25706			6
2025.02.14	00:19:53.338	1.25600				2
2025.02.14	00:19:53.643	1.25601				2
2025.02.14	00:19:53.951	1.25597				2
2025.02.14	00:19:54.262	1.25598				2
2025.02.14	00:19:57.029	1.25597				2
2025.02.14	00:19:59.177	1.25599				2
2025.02.14	00:20:00.104	1.25599				2
2025.02.14	00:20:02.265	1.25602				2
2025.02.14	00:20:13.637	1.25604				2
2025.02.14	00:20:17.024	1.25605				2
2025.02.14	00:20:20.720	1.25606	1.25696			6
2025.02.14	00:20:22.861	1.25603	1.25693			6
2025.02.14	00:20:23.169	1.25601	1.25706			6
2025.02.14	00:20:23.481	1.25600				2
2025.02.14	00:20:23.785	1.25602				2
2025.02.14	00:20:24.710	1.25603				2
2025.02.14	00:20:27.482	1.25605	1.25695			6
2025.02.14	00:20:29.007		1.25706			4
2025.02.14	00:20:31.454	1.25607	1.25697			6
2025.02.14	00:20:38.166	1.25603	1.25693			6
2025.02.14	00:21:00.247	1.25603				2
2025.02.14	00:21:02.712	1.25604	1.25694			6
2025.02.14	00:21:05.796	1.25600	1.25705			6
2025.02.14	00:21:06.111	1.25603	1.25693			6
2025.02.14	00:21:08.568	1.25599	1.25689			6
2025.02.14	00:21:08.877	1.25600	1.25696			6
2025.02.14	00:21:10.421		1.25690			4
2025.02.14	00:21:10.723		1.25696			4
2025.02.14	00:21:12.573	1.25599	1.25689			6
2025.02.14	00:21:16.889	1.25611	1.25691			6
2025.02.14	00:21:17.194		1.25694			4
2025.02.14	00:21:18.124		1.25695			4
2025.02.14	00:21:20.580		1.25696			4
2025.02.14	00:21:23.693	1.25613				2
2025.02.14	00:21:27.702	1.25611				2
2025.02.14	00:21:28.200	1.25614				2
2025.02.14	00:21:28.817	1.25615				2
2025.02.14	00:21:29.567	1.25625	1.25701			6
2025.02.14	00:21:32.852		1.25704			4
2025.02.14	00:21:35.806	1.25628				2
2025.02.14	00:21:41.232	1.25625				2
2025.02.14	00:21:57.394	1.25628				2
2025.02.14	00:22:01.242	1.25628				2
2025.02.14	00:22:02.743	1.25625				2
2025.02.14	00:22:08.295	1.25631	1.25701			6
2025.02.14	00:22:11.017	1.25635	1.25711			6
2025.02.14	00:22:19.589	1.25639				2
2025.02.14	00:22:25.385	1.25636				2
2025.02.14	00:22:41.631	1.25639	1.25710			6
2025.02.14	00:22:47.021	1.25636				2
2025.02.14	00:23:01.240	1.25636				2
2025.02.14	00:23:03.071	1.25639				2
2025.02.14	00:23:08.807	1.25636				2
2025.02.14	00:23:24.079	1.25639	1.25711			6
2025.02.14	00:23:29.801	1.25636				2
2025.02.14	00:23:45.569	1.25639				2
2025.02.14	00:23:50.617	1.25636				2
2025.02.14	00:24:00.795	1.25636				2
2025.02.14	00:24:01.471		1.25682			4
2025.02.14	00:24:02.446	1.25645	1.25711			6
2025.02.14	00:24:02.877	1.25636	1.25682			6
2025.02.14	00:24:04.519	1.25645	1.25711			6
2025.02.14	00:24:05.763	1.25636				2
2025.02.14	00:24:06.768	1.25639				2
2025.02.14	00:24:12.281	1.25636				2
2025.02.14	00:24:29.152	1.25639				2
2025.02.14	00:24:35.001	1.25636				2
2025.02.14	00:24:51.093	1.25639	1.25710			6
2025.02.14	00:24:56.273	1.25636				2
2025.02.14	00:25:01.240	1.25636				2
2025.02.14	00:25:12.711	1.25639				2
2025.02.14	00:25:18.378	1.25636				2
2025.02.14	00:26:32.003	1.25638	1.25711			6
2025.02.14	00:26:34.200	1.25641	1.25709			6
2025.02.14	00:26:40.035		1.25711			4
2025.02.14	00:26:54.979	1.25636	1.25709			6
2025.02.14	00:27:00.233	1.25636				2
2025.02.14	00:27:02.793	1.25640				2
2025.02.14	00:27:08.550	1.25636				2
2025.02.14	00:27:23.895	1.25640				2
2025.02.14	00:27:29.668	1.25636				2
2025.02.14	00:27:45.037	1.25640				2
2025.02.14	00:27:55.207		1.25709			4
2025.02.14	00:28:02.396	1.25640				2
2025.02.14	00:28:56.682		1.25709			4
2025.02.14	00:29:01.199	1.25640				2
2025.02.14	00:29:44.998		1.25708			4
2025.02.14	00:30:00.401	1.25640				2
2025.02.14	00:30:45.037		1.25707			4
2025.02.14	00:31:00.901	1.25640				2
2025.02.14	00:31:46.798		1.25707			4
2025.02.14	00:32:02.700	1.25640				2
2025.02.14	00:32:15.302		1.25678			4
2025.02.14	00:32:16.271	1.25645	1.25707			6
2025.02.14	00:32:18.980	1.25640				2
2025.02.14	00:33:00.899	1.25640				2
2025.02.14	00:33:18.596		1.25707			4
2025.02.14	00:34:02.095	1.25640				2
2025.02.14	00:34:22.201		1.25707			4
2025.02.14	00:34:28.600	1.25639				2
2025.02.14	00:35:00.130	1.25639				2
2025.02.14	00:35:22.721		1.25707			4
2025.02.14	00:35:51.152	1.25641	1.25708			6
2025.02.14	00:36:00.899	1.25641				2
2025.02.14	00:36:23.694	1.25642				2
2025.02.14	00:36:34.774	1.25643				2
2025.02.14	00:36:36.614	1.25641				2
2025.02.14	00:36:51.601		1.25708			4
2025.02.14	00:37:01.156	1.25641				2
2025.02.14	00:37:54.302		1.25708			4
2025.02.14	00:38:01.152	1.25641				2
2025.02.14	00:38:54.479		1.25708			4
2025.02.14	00:39:01.244	1.25641				2
2025.02.14	00:39:55.798		1.25708			4
2025.02.14	00:40:00.425	1.25641				2
2025.02.14	00:40:06.302	1.25642				2
2025.02.14	00:40:06.923	1.25641				2
2025.02.14	00:40:56.097		1.25708			4
2025.02.14	00:40:59.550	1.25642				2
2025.02.14	00:41:00.176	1.25642				2
2025.02.14	00:41:05.699	1.25640	1.25707			6
2025.02.14	00:41:16.513	1.25642				2
2025.02.14	00:41:21.752	1.25640				2
2025.02.14	00:41:27.206	1.25641				2
2025.02.14	00:41:34.280	1.25640				2
2025.02.14	00:41:34.809	1.25642				2
2025.02.14	00:42:00.225	1.25642				2
2025.02.14	00:42:01.459	1.25641				2
2025.02.14	00:42:03.909	1.25642				2
2025.02.14	00:42:04.842	1.25641				2
2025.02.14	00:42:05.763		1.25708			4
2025.02.14	00:42:10.198	1.25642				2
2025.02.14	00:42:12.967	1.25644				2
2025.02.14	00:42:14.505	1.25643				2
2025.02.14	00:42:14.813	1.25648	1.25726			6
2025.02.14	00:42:15.120		1.25723			4
2025.02.14	00:42:16.818	1.25649				2
2025.02.14	00:42:19.885	1.25648				2
2025.02.14	00:42:22.755	1.25649				2
2025.02.14	00:42:23.064		1.25722			4
2025.02.14	00:42:26.748	1.25648				2
2025.02.14	00:42:27.100	1.25649				2
2025.02.14	00:42:27.713	1.25650				2
2025.02.14	00:42:29.872	1.25649				2
2025.02.14	00:42:35.096	1.25648				2
2025.02.14	00:42:36.990	1.25649				2
2025.02.14	00:42:40.058	1.25648				2
2025.02.14	00:42:42.100		1.25721			4
2025.02.14	00:43:00.798	1.25648				2
2025.02.14	00:43:08.076		1.25722			4
2025.02.14	00:43:10.226		1.25721			4
2025.02.14	00:43:24.899		1.25720			4
2025.02.14	00:43:31.499		1.25721			4
2025.02.14	00:43:34.444		1.25723			4
2025.02.14	00:43:35.117		1.25721			4
2025.02.14	00:43:42.437		1.25722			4
2025.02.14	00:43:43.493		1.25721			4
2025.02.14	00:44:00.920	1.25648	1.25722			6
2025.02.14	00:44:06.397		1.25721			4
2025.02.14	00:44:29.095		1.25722			4
2025.02.14	00:44:30.599		1.25721			4
2025.02.14	00:44:44.620		1.25722			4
2025.02.14	00:44:54.407		1.25724			4
2025.02.14	00:44:58.070		1.25723			4
2025.02.14	00:45:01.241	1.25648				2
2025.02.14	00:45:01.801		1.25724			4
2025.02.14	00:45:02.140	1.25641	1.25731			6
2025.02.14	00:45:03.981	1.25648	1.25724			6
2025.02.14	00:45:08.506	1.25664	1.25708			6
2025.02.14	00:45:16.820		1.25707			4
2025.02.14	00:45:35.068		1.25706			4
2025.02.14	00:45:57.532		1.25700			4
2025.02.14	00:45:59.369		1.25701			4
2025.02.14	00:46:00.290	1.25664				2
2025.02.14	00:46:01.215		1.25702			4
2025.02.14	00:46:08.619	1.25651	1.25709			6
2025.02.14	00:46:08.925	1.25647	1.25699			6
2025.02.14	00:46:09.236	1.25648				2
2025.02.14	00:46:09.542		1.25698			4
2025.02.14	00:46:10.474	1.25650				2
2025.02.14	00:46:11.083	1.25648				2
2025.02.14	00:46:11.391		1.25697			4
2025.02.14	00:46:14.476	1.25649				2
2025.02.14	00:46:15.716		1.25698			4
2025.02.14	00:46:19.109	1.25648				2
2025.02.14	00:46:20.955	1.25649				2
2025.02.14	00:46:24.342		1.25696			4
2025.02.14	00:46:25.888	1.25648				2
2025.02.14	00:46:30.224	1.25647				2
2025.02.14	00:46:30.845	1.25649				2
2025.02.14	00:46:31.151	1.25648				2
2025.02.14	00:46:32.389	1.25647				2
2025.02.14	00:46:35.485	1.25648				2
2025.02.14	00:46:41.957	1.25647				2
2025.02.14	00:46:42.884		1.25695			4
2025.02.14	00:46:45.784	1.25648				2
2025.02.14	00:46:46.090	1.25645				2
2025.02.14	00:46:51.316	1.25644				2
2025.02.14	00:46:56.562		1.25694			4
2025.02.14	00:46:58.404		1.25693			4
2025.02.14	00:46:58.714	1.25645	1.25692			6
2025.02.14	00:46:59.328	1.25643				2
2025.02.14	00:47:00.252	1.25643				2
2025.02.14	00:47:01.794		1.25691			4
2025.02.14	00:47:02.096		1.25701			4
2025.02.14	00:47:03.957		1.25691			4
2025.02.14	00:47:04.881	1.25644				2
2025.02.14	00:47:11.349	1.25641				2
2025.02.14	00:47:11.657	1.25640				2
2025.02.14	00:47:14.895	1.25638				2
2025.02.14	00:47:15.197	1.25637				2
2025.02.14	00:47:18.616	1.25639				2
2025.02.14	00:47:21.389	1.25638				2
2025.02.14	00:47:22.314	1.25641				2
2025.02.14	00:47:27.571		1.25690			4
2025.02.14	00:47:34.663		1.25691			4
2025.02.14	00:47:42.711	1.25640				2
2025.02.14	00:47:46.093	1.25639				2
2025.02.14	00:47:46.405	1.25640				2
2025.02.14	00:47:50.416	1.25642				2
2025.02.14	00:47:51.961		1.25690			4
2025.02.14	00:47:52.575	1.25643				2
2025.02.14	00:47:56.588	1.25640				2
2025.02.14	00:47:59.366		1.25691			4
2025.02.14	00:47:59.982		1.25692			4
2025.02.14	00:48:00.290	1.25640				2
2025.02.14	00:48:01.216	1.25639				2
2025.02.14	00:48:05.261		1.25693			4
2025.02.14	00:48:05.882		1.25692			4
2025.02.14	00:48:07.424	1.25641				2
2025.02.14	00:48:08.659	1.25643				2
2025.02.14	00:48:09.601		1.25691			4
2025.02.14	00:48:09.913	1.25642				2
2025.02.14	00:48:11.768	1.25643				2
2025.02.14	00:48:12.701	1.25641				2
2025.02.14	00:48:13.326	1.25637				2
2025.02.14	00:48:14.560	1.25633	1.25688			6
2025.02.14	00:48:14.867		1.25686			4
2025.02.14	00:48:15.182		1.25685			4
2025.02.14	00:48:16.112	1.25635	1.25688			6
2025.02.14	00:48:16.417	1.25634	1.25686			6
2025.02.14	00:48:17.344		1.25687			4
2025.02.14	00:48:18.276		1.25686			4
2025.02.14	00:48:18.579		1.25687			4
2025.02.14	00:48:18.890	1.25633				2
2025.02.14	00:48:19.814		1.25688			4
2025.02.14	00:48:24.477		1.25687			4
2025.02.14	00:48:27.571		1.25685			4
2025.02.14	00:48:28.182		1.25686			4
2025.02.14	00:48:32.846	1.25637	1.25689			6
2025.02.14	00:48:33.807		1.25690			4
2025.02.14	00:48:34.732		1.25689			4
2025.02.14	00:48:35.039	1.25638				2
2025.02.14	00:48:36.572	1.25637				2
2025.02.14	00:48:36.877		1.25690			4
2025.02.14	00:48:37.812		1.25689			4
2025.02.14	00:48:38.425	1.25635				2
2025.02.14	00:48:38.731	1.25636				2
2025.02.14	00:48:40.274	1.25634				2
2025.02.14	00:48:41.503	1.25635				2
2025.02.14	00:48:46.128	1.25636				2
2025.02.14	00:48:46.434	1.25637	1.25686			6
2025.02.14	00:48:46.742	1.25635	1.25685			6
2025.02.14	00:48:47.054		1.25684			4
2025.02.14	00:48:48.587	1.25633	1.25683			6
2025.02.14	00:48:49.203	1.25632				2
2025.02.14	00:48:49.818	1.25633	1.25682			6
2025.02.14	00:48:50.749	1.25632				2
2025.02.14	00:48:51.967		1.25681			4
2025.02.14	00:48:54.431	1.25633				2
2025.02.14	00:48:56.276	1.25631				2
2025.02.14	00:48:56.891	1.25633				2
2025.02.14	00:48:58.742	1.25632				2
2025.02.14	00:49:00.283	1.25632				2
2025.02.14	00:49:01.206	1.25633	1.25680			6
2025.02.14	00:49:02.133	1.25631				2
2025.02.14	00:49:03.981	1.25632	1.25678			6
2025.02.14	00:49:06.439	1.25633	1.25677			6
2025.02.14	00:49:06.756	1.25635				2
2025.02.14	00:49:07.678		1.25678			4
2025.02.14	00:49:09.218	1.25633	1.25662			6
2025.02.14	00:49:09.526	1.25632				2
2025.02.14	00:49:10.144	1.25634				2
2025.02.14	00:49:10.451	1.25633				2
2025.02.14	00:49:21.543	1.25631	1.25678			6
2025.02.14	00:49:21.848	1.25635				2
2025.02.14	00:49:22.155		1.25679			4
2025.02.14	00:49:22.470		1.25680			4
2025.02.14	00:49:22.775	1.25633				2
2025.02.14	00:49:23.082		1.25681			4
2025.02.14	00:49:23.701	1.25635	1.25683			6
2025.02.14	00:49:27.401	1.25636				2
2025.02.14	00:49:30.177		1.25678			4
2025.02.14	00:49:30.486	1.25635				2
2025.02.14	00:49:31.100	1.25634				2
2025.02.14	00:49:31.405	1.25633	1.25677			6
2025.02.14	00:49:31.716	1.25635	1.25679			6
2025.02.14	00:49:32.331		1.25680			4
2025.02.14	00:49:33.264	1.25634	1.25679			6
2025.02.14	00:49:33.564	1.25635				2
2025.02.14	00:49:34.493		1.25678			4
2025.02.14	00:49:35.104		1.25680			4
2025.02.14	00:49:37.260	1.25634				2
2025.02.14	00:49:38.495	1.25635				2
2025.02.14	00:49:39.724	1.25634				2
2025.02.14	00:49:43.432	1.25635				2
2025.02.14	00:49:44.969		1.25690			4
2025.02.14	00:49:45.272	1.25639	1.25686			6
2025.02.14	00:49:45.584	1.25640	1.25684			6
2025.02.14	00:49:45.895	1.25638				2
2025.02.14	00:49:46.197	1.25637	1.25686			6
2025.02.14	00:49:46.499		1.25689			4
2025.02.14	00:49:46.820		1.25687			4
2025.02.14	00:49:47.123		1.25688			4
2025.02.14	00:49:47.425	1.25638	1.25679			6
2025.02.14	00:49:47.735	1.25635	1.25681			6
2025.02.14	00:49:48.048	1.25637	1.25683			6
2025.02.14	00:49:48.359		1.25680			4
2025.02.14	00:49:48.662	1.25638	1.25682			6
2025.02.14	00:49:48.974	1.25639	1.25684			6
2025.02.14	00:49:49.593	1.25637	1.25682			6
2025.02.14	00:49:50.519		1.25683			4
2025.02.14	00:49:50.821		1.25684			4
2025.02.14	00:49:51.127	1.25641	1.25686			6
2025.02.14	00:49:51.749		1.25687			4
2025.02.14	00:49:52.074	1.25642				2
2025.02.14	00:49:53.009	1.25639				2
2025.02.14	00:49:53.621	1.25641				2
2025.02.14	00:49:54.856	1.25636	1.25682			6
2025.02.14	00:49:55.474	1.25637	1.25680			6
2025.02.14	00:49:56.093	1.25638	1.25687			6
2025.02.14	00:49:56.397	1.25639	1.25689			6
2025.02.14	00:49:56.705	1.25640				2
2025.02.14	00:49:57.012	1.25641	1.25691			6
2025.02.14	00:49:58.256		1.25693			4
2025.02.14	00:49:58.561	1.25639				2
2025.02.14	00:49:58.865	1.25640				2
2025.02.14	00:49:59.479	1.25639				2
2025.02.14	00:50:00.096	1.25639				2
2025.02.14	00:50:01.633		1.25692			4
2025.02.14	00:50:04.419	1.25640				2
2025.02.14	00:50:04.722	1.25639	1.25678			6
2025.02.14	00:50:05.026	1.25636	1.25677			6
2025.02.14	00:50:05.336		1.25676			4
2025.02.14	00:50:05.642	1.25635	1.25674			6
2025.02.14	00:50:05.961	1.25637	1.25676			6
2025.02.14	00:50:06.268	1.25640	1.25683			6
2025.02.14	00:50:06.576	1.25638				2
2025.02.14	00:50:06.880	1.25637	1.25679			6
2025.02.14	00:50:07.190	1.25635	1.25678			6
2025.02.14	00:50:07.500		1.25679			4
2025.02.14	00:50:10.887	1.25636				2
2025.02.14	00:50:11.509	1.25639				2
2025.02.14	00:50:12.121	1.25638	1.25678			6
2025.02.14	00:50:12.431	1.25637				2
2025.02.14	00:50:13.670		1.25679			4
2025.02.14	00:50:14.276	1.25638	1.25678			6
2025.02.14	00:50:16.118		1.25679			4
2025.02.14	00:50:17.671		1.25678			4
2025.02.14	00:50:18.596		1.25679			4
2025.02.14	00:50:18.900		1.25680			4
2025.02.14	00:50:19.529	1.25637	1.25678			6
2025.02.14	00:50:19.831	1.25638				2
2025.02.14	00:50:20.137	1.25637				2
2025.02.14	00:50:20.445	1.25636				2
2025.02.14	00:50:22.603		1.25677			4
2025.02.14	00:50:23.223	1.25635	1.25676			6
2025.02.14	00:50:24.456	1.25634	1.25675			6
2025.02.14	00:50:25.069		1.25674			4
2025.02.14	00:50:27.236		1.25673			4
2025.02.14	00:50:28.160	1.25632	1.25675			6
2025.02.14	00:50:28.471	1.25633				2
2025.02.14	00:50:29.091	1.25632	1.25672			6
2025.02.14	00:50:40.822	1.25633	1.25673			6
2025.02.14	00:50:41.135	1.25631				2
2025.02.14	00:50:41.748	1.25630				2
2025.02.14	00:50:45.137	1.25632				2
2025.02.14	00:50:47.607	1.25631				2
2025.02.14	00:50:50.109	1.25630				2
2025.02.14	00:50:52.917	1.25631				2
2025.02.14	00:50:53.218	1.25630				2
2025.02.14	00:50:56.647		1.25672			4
2025.02.14	00:50:57.563	1.25628				2
2025.02.14	00:51:00.039	1.25626	1.25655			6
2025.02.14	00:51:00.348	1.25625				2
2025.02.14	00:51:04.073	1.25626				2
2025.02.14	00:51:04.378	1.25625				2
2025.02.14	00:51:09.634	1.25626				2
2025.02.14	00:51:10.546	1.25624				2
2025.02.14	00:51:30.930		1.25662			4
2025.02.14	00:51:32.777	1.25625				2
2025.02.14	00:51:40.801		1.25655			4
2025.02.14	00:51:41.728	1.25626				2
2025.02.14	00:51:43.890	1.25625				2
2025.02.14	00:51:50.988	1.25624				2
2025.02.14	00:52:00.246	1.25624				2
2025.02.14	00:52:04.262	1.25623				2
2025.02.14	00:52:11.324	1.25622				2
2025.02.14	00:52:13.175	1.25623				2
2025.02.14	00:52:13.481	1.25624				2
2025.02.14	00:52:17.491	1.25618				2
2025.02.14	00:52:19.648	1.25619				2
2025.02.14	00:52:30.398	1.25622				2
2025.02.14	00:52:31.934	1.25621				2
2025.02.14	00:52:32.862	1.25620				2
2025.02.14	00:52:37.783	1.25622				2
2025.02.14	00:52:38.092	1.25621				2
2025.02.14	00:52:40.866		1.25655			4
2025.02.14	00:52:43.941		1.25662			4
2025.02.14	00:52:50.087	1.25620				2
2025.02.14	00:53:00.238	1.25620				2
2025.02.14	00:53:00.852		1.25664			4
2025.02.14	00:53:04.854	1.25621				2
2025.02.14	00:53:10.993		1.25655			4
2025.02.14	00:53:12.836	1.25620				2
2025.02.14	00:53:21.753	1.25619				2
2025.02.14	00:53:22.059	1.25621				2
2025.02.14	00:53:26.834	1.25620				2
2025.02.14	00:53:28.067	1.25621				2
2025.02.14	00:53:32.060	1.25614				2
2025.02.14	00:53:38.211	1.25619				2
2025.02.14	00:53:42.202	1.25618				2
2025.02.14	00:53:48.963	1.25613				2
2025.02.14	00:53:49.270	1.25614				2
2025.02.14	00:53:49.886		1.25654			4
2025.02.14	00:53:52.971	1.25613				2
2025.02.14	00:54:00.059	1.25613				2
2025.02.14	00:54:04.059		1.25648			4
2025.02.14	00:54:04.668	1.25614	1.25651			6
2025.02.14	00:54:04.978	1.25609				2
2025.02.14	00:54:05.280	1.25601	1.25647			6
2025.02.14	00:54:06.522	1.25600	1.25640			6
2025.02.14	00:54:06.823	1.25599				2
2025.02.14	00:54:08.057		1.25641			4
2025.02.14	00:54:08.362		1.25639			4
2025.02.14	00:54:08.687	1.25598				2
2025.02.14	00:54:11.142	1.25601	1.25654			6
2025.02.14	00:54:11.449	1.25600				2
2025.02.14	00:54:11.755	1.25599				2
2025.02.14	00:54:12.373	1.25601	1.25658			6
2025.02.14	00:54:12.678	1.25603	1.25659			6
2025.02.14	00:54:12.989	1.25604				2
2025.02.14	00:54:14.211	1.25603				2
2025.02.14	00:54:14.520	1.25605				2
2025.02.14	00:54:14.827	1.25606				2
2025.02.14	00:54:15.138	1.25605				2
2025.02.14	00:54:15.439	1.25606				2
2025.02.14	00:54:16.981	1.25607				2
2025.02.14	00:54:17.287	1.25610	1.25660			6
2025.02.14	00:54:18.527	1.25611				2
2025.02.14	00:54:19.751	1.25612				2
2025.02.14	00:54:23.131		1.25659			4
2025.02.14	00:54:23.436	1.25613				2
2025.02.14	00:54:24.054		1.25660			4
2025.02.14	00:54:24.981	1.25614				2
2025.02.14	00:54:28.369	1.25615				2
2025.02.14	00:54:28.678	1.25613	1.25658			6
2025.02.14	00:54:28.986		1.25657			4
2025.02.14	00:54:29.902		1.25656			4
2025.02.14	00:54:31.442	1.25614	1.25660			6
2025.02.14	00:54:31.749		1.25659			4
2025.02.14	00:54:32.057		1.25660			4
2025.02.14	00:54:33.290	1.25616				2
2025.02.14	00:54:34.518	1.25617	1.25659			6
2025.02.14	00:54:34.823		1.25660			4
2025.02.14	00:54:35.130	1.25598	1.25656			6
2025.02.14	00:54:35.440	1.25600	1.25658			6
2025.02.14	00:54:35.742	1.25601	1.25659			6
2025.02.14	00:54:36.665	1.25603	1.25661			6
2025.02.14	00:54:37.279	1.25605				2
2025.02.14	00:54:37.586	1.25606				2
2025.02.14	00:54:38.813	1.25600	1.25658			6
2025.02.14	00:54:39.121	1.25591	1.25649			6
2025.02.14	00:54:40.045	1.25589	1.25647			6
2025.02.14	00:54:40.354	1.25591	1.25649			6
2025.02.14	00:54:40.661	1.25589	1.25647			6
2025.02.14	00:54:42.196	1.25588	1.25642			6
2025.02.14	00:54:42.508		1.25643			4
2025.02.14	00:54:42.812		1.25641			4
2025.02.14	00:54:43.122	1.25586	1.25638			6
2025.02.14	00:54:43.742		1.25642			4
2025.02.14	00:54:44.663	1.25587				2
2025.02.14	00:54:45.270	1.25610	1.25659			6
2025.02.14	00:54:46.500	1.25613	1.25661			6
2025.02.14	00:54:47.119	1.25614				2
2025.02.14	00:54:48.647	1.25613				2
2025.02.14	00:54:49.883	1.25612				2
2025.02.14	00:54:50.495	1.25611	1.25660			6
2025.02.14	00:54:50.802		1.25659			4
2025.02.14	00:54:51.421	1.25610				2
2025.02.14	00:54:53.265	1.25607				2
2025.02.14	00:54:53.572	1.25603				2
2025.02.14	00:54:54.812	1.25604				2
2025.02.14	00:54:55.115		1.25658			4
2025.02.14	00:54:56.346	1.25603				2
2025.02.14	00:54:59.422	1.25599	1.25652			6
2025.02.14	00:54:59.726	1.25600	1.25655			6
2025.02.14	00:55:00.036	1.25599				2
2025.02.14	00:55:00.347	1.25601	1.25659			6
2025.02.14	00:55:00.648	1.25600	1.25658			6
2025.02.14	00:55:00.955	1.25601	1.25659			6
2025.02.14	00:55:01.881	1.25602	1.25660			6
2025.02.14	00:55:03.417		1.25652			4
2025.02.14	00:55:04.031	1.25601				2
2025.02.14	00:55:04.343	1.25602				2
2025.02.14	00:55:04.651	1.25608				2
2025.02.14	00:55:04.960	1.25602				2
2025.02.14	00:55:05.573	1.25607				2
2025.02.14	00:55:05.877	1.25597	1.25646			6
2025.02.14	00:55:06.496	1.25599	1.25644			6
2025.02.14	00:55:06.798	1.25598				2
2025.02.14	00:55:07.106	1.25597				2
2025.02.14	00:55:07.420	1.25598	1.25646			6
2025.02.14	00:55:07.730		1.25644			4
2025.02.14	00:55:08.654		1.25642			4
2025.02.14	00:55:08.961	1.25599	1.25652			6
2025.02.14	00:55:09.271	1.25598				2
2025.02.14	00:55:11.445	1.25600				2
2025.02.14	00:55:12.059	1.25597	1.25648			6
2025.02.14	00:55:12.373	1.25598				2
2025.02.14	00:55:12.678	1.25597				2
2025.02.14	00:55:12.995	1.25590				2
2025.02.14	00:55:13.913	1.25593	1.25651			6
2025.02.14	00:55:14.220	1.25595	1.25652			6
2025.02.14	00:55:15.140	1.25592	1.25650			6
2025.02.14	00:55:17.292	1.25593	1.25651			6
2025.02.14	00:55:18.836	1.25594	1.25652			6
2025.02.14	00:55:19.140	1.25595				2
2025.02.14	00:55:19.750	1.25594				2
2025.02.14	00:55:20.058	1.25595				2
2025.02.14	00:55:21.897	1.25592	1.25650			6
2025.02.14	00:55:22.818	1.25593	1.25651			6
2025.02.14	00:55:23.434	1.25598	1.25652			6
2025.02.14	00:55:23.742	1.25597				2
2025.02.14	00:55:24.665	1.25593	1.25651			6
2025.02.14	00:55:26.511	1.25594	1.25652			6
2025.02.14	00:55:27.430	1.25601				2
2025.02.14	00:55:28.349	1.25598				2
2025.02.14	00:55:29.267	1.25597				2
2025.02.14	00:55:29.575	1.25595				2
2025.02.14	00:55:29.881	1.25585	1.25648			6
2025.02.14	00:55:34.486		1.25646			4
2025.02.14	00:55:34.789		1.25652			4
2025.02.14	00:55:36.633	1.25589	1.25650			6
2025.02.14	00:55:38.169	1.25590				2
2025.02.14	00:55:38.475		1.25651			4
2025.02.14	00:55:38.783		1.25649			4
2025.02.14	00:55:39.703		1.25650			4
2025.02.14	00:55:40.013	1.25591				2
2025.02.14	00:55:40.941	1.25592				2
2025.02.14	00:55:41.247	1.25588	1.25646			6
2025.02.14	00:55:41.555	1.25589	1.25647			6
2025.02.14	00:55:42.475	1.25588	1.25646			6
2025.02.14	00:55:42.781	1.25589	1.25647			6
2025.02.14	00:55:43.093	1.25588	1.25646			6
2025.02.14	00:55:43.399	1.25591	1.25649			6
2025.02.14	00:55:44.014	1.25590	1.25648			6
2025.02.14	00:55:45.242	1.25592	1.25650			6
2025.02.14	00:55:46.158	1.25591	1.25649			6
2025.02.14	00:55:47.079	1.25592	1.25650			6
2025.02.14	00:55:47.391	1.25589	1.25647			6
2025.02.14	00:55:47.697	1.25591	1.25648			6
2025.02.14	00:55:48.000		1.25647			4
2025.02.14	00:55:48.317		1.25640			4
2025.02.14	00:55:48.624		1.25641			4
2025.02.14	00:55:50.241		1.25640			4
2025.02.14	00:55:50.548	1.25592				2
2025.02.14	00:55:51.477	1.25591				2
2025.02.14	00:55:52.400	1.25590				2
2025.02.14	00:55:53.319	1.25592	1.25639			6
2025.02.14	00:55:54.548		1.25641			4
2025.02.14	00:55:54.856	1.25593	1.25649			6
2025.02.14	00:55:55.780	1.25594				2
2025.02.14	00:55:56.395	1.25592				2
2025.02.14	00:55:56.698	1.25594				2
2025.02.14	00:55:57.319	1.25597	1.25650			6
2025.02.14	00:55:57.624	1.25599	1.25652			6
2025.02.14	00:55:57.930	1.25600				2
2025.02.14	00:56:00.087	1.25600				2
2025.02.14	00:56:01.315	1.25603				2
2025.02.14	00:56:01.620	1.25606				2
2025.02.14	00:56:02.547	1.25612				2
2025.02.14	00:56:02.849	1.25609				2
2025.02.14	00:56:05.315	1.25613				2
2025.02.14	00:56:08.075	1.25614				2
2025.02.14	00:56:08.699	1.25615				2
2025.02.14	00:56:09.609	1.25611				2
2025.02.14	00:56:10.228	1.25597				2
2025.02.14	00:56:10.537	1.25602				2
2025.02.14	00:56:10.844	1.25595	1.25648			6
2025.02.14	00:56:11.462	1.25597	1.25652			6
2025.02.14	00:56:11.765	1.25599	1.25649			6
2025.02.14	00:56:12.067	1.25596	1.25650			6
2025.02.14	00:56:12.383	1.25597	1.25651			6
2025.02.14	00:56:13.307	1.25596	1.25648			6
2025.02.14	00:56:13.926	1.25597				2
2025.02.14	00:56:14.535		1.25649			4
2025.02.14	00:56:14.841	1.25598				2
2025.02.14	00:56:15.148	1.25597				2
2025.02.14	00:56:15.460	1.25598				2
2025.02.14	00:56:15.765	1.25594	1.25650			6
2025.02.14	00:56:16.693	1.25600	1.25658			6
2025.02.14	00:56:16.999	1.25598	1.25656			6
2025.02.14	00:56:17.302	1.25600	1.25658			6
2025.02.14	00:56:17.612	1.25599	1.25657			6
2025.02.14	00:56:18.838	1.25601	1.25659			6
2025.02.14	00:56:20.380	1.25604	1.25661			6
2025.02.14	00:56:20.684	1.25603				2
2025.02.14	00:56:20.992	1.25602	1.25660			6
2025.02.14	00:56:21.300	1.25604	1.25661			6
2025.02.14	00:56:21.610		1.25662			4
2025.02.14	00:56:22.527	1.25603	1.25661			6
2025.02.14	00:56:23.160	1.25606	1.25664			6
2025.02.14	00:56:23.466	1.25608				2
2025.02.14	00:56:27.459	1.25609				2
2025.02.14	00:56:27.762	1.25602	1.25660			6
2025.02.14	00:56:31.448	1.25601	1.25659			6
2025.02.14	00:56:35.766	1.25603	1.25661			6
2025.02.14	00:56:36.073	1.25610	1.25662			6
2025.02.14	00:56:36.384	1.25606	1.25661			6
2025.02.14	00:56:36.690	1.25602	1.25658			6
2025.02.14	00:56:37.615	1.25601				2
2025.02.14	00:56:38.227	1.25603				2
2025.02.14	00:56:39.765	1.25604				2
2025.02.14	00:56:40.382	1.25598	1.25656			6
2025.02.14	00:56:41.910	1.25599	1.25657			6
2025.02.14	00:56:44.678	1.25600	1.25658			6
2025.02.14	00:56:47.130	1.25601				2
2025.02.14	00:56:48.057	1.25600				2
2025.02.14	00:56:48.363	1.25601				2
2025.02.14	00:56:48.672	1.25600				2
2025.02.14	00:56:48.980	1.25601				2
2025.02.14	00:56:49.590	1.25607				2
2025.02.14	00:56:49.896	1.25603				2
2025.02.14	00:56:51.438	1.25602				2
2025.02.14	00:56:53.280	1.25606				2
2025.02.14	00:56:53.588	1.25604				2
2025.02.14	00:56:53.896	1.25605				2
2025.02.14	00:56:55.458	1.25604				2
2025.02.14	00:56:55.770	1.25605				2
2025.02.14	00:56:56.070	1.25604				2
2025.02.14	00:56:57.606	1.25601				2
2025.02.14	00:56:57.919	1.25599	1.25657			6
2025.02.14	00:56:58.222	1.25615	1.25655			6
2025.02.14	00:57:00.065	1.25615				2
2025.02.14	00:57:52.404		1.25668			4
2025.02.14	00:57:52.713		1.25669			4
2025.02.14	00:57:58.542		1.25668			4
2025.02.14	00:58:00.082	1.25615				2
2025.02.14	00:58:02.851		1.25666			4
2025.02.14	00:58:03.155		1.25667			4
2025.02.14	00:58:03.464		1.25655			4
2025.02.14	00:58:26.224		1.25666			4
2025.02.14	00:58:28.381	1.25616				2
2025.02.14	00:58:31.753		1.25667			4
2025.02.14	00:58:32.060		1.25666			4
2025.02.14	00:58:32.370	1.25615	1.25665			6
2025.02.14	00:58:32.677		1.25666			4
2025.02.14	00:58:33.596		1.25665			4
2025.02.14	00:58:36.056	1.25616				2
2025.02.14	00:58:36.977	1.25615	1.25664			6
2025.02.14	00:58:37.901	1.25617	1.25654			6
2025.02.14	00:58:39.438	1.25618				2
2025.02.14	00:58:42.217	1.25617				2
2025.02.14	00:58:45.589	1.25622	1.25669			6
2025.02.14	00:58:46.211		1.25672			4
2025.02.14	00:58:46.517	1.25624				2
2025.02.14	00:58:47.134		1.25671			4
2025.02.14	00:58:49.284	1.25620	1.25672			6
2025.02.14	00:58:50.820	1.25625				2
2025.02.14	00:58:51.433	1.25626				2
2025.02.14	00:58:52.042	1.25625				2
2025.02.14	00:58:52.971		1.25671			4
2025.02.14	00:58:53.272		1.25672			4
2025.02.14	00:58:54.503		1.25671			4
2025.02.14	00:58:54.807	1.25626				2
2025.02.14	00:58:56.661	1.25629				2
2025.02.14	00:58:56.971	1.25628				2
2025.02.14	00:58:57.272	1.25629				2
2025.02.14	00:59:00.041	1.25629				2
2025.02.14	00:59:00.654	1.25628				2
2025.02.14	00:59:01.575	1.25629				2
2025.02.14	00:59:02.186		1.25670			4
2025.02.14	00:59:03.723	1.25625				2
2025.02.14	00:59:08.637		1.25671			4
2025.02.14	00:59:08.947		1.25670			4
2025.02.14	00:59:12.012		1.25669			4
2025.02.14	00:59:13.863	1.25626				2
2025.02.14	00:59:24.302		1.25670			4
2025.02.14	00:59:27.069		1.25669			4
2025.02.14	00:59:30.749	1.25627				2
2025.02.14	00:59:33.211		1.25668			4
2025.02.14	00:59:40.277	1.25626	1.25667			6
2025.02.14	00:59:45.501	1.25627				2
2025.02.14	00:59:52.255	1.25629				2
2025.02.14	00:59:54.702	1.25630				2
2025.02.14	00:59:55.934	1.25628				2
2025.02.14	01:00:00.274	1.25636	1.25653			6
2025.02.14	01:00:00.585	1.25631				2
2025.02.14	01:00:00.941	1.25640	1.25650			6
2025.02.14	01:00:01.246	1.25641	1.25651			6
2025.02.14	01:00:01.566	1.25637	1.25648			6
2025.02.14	01:00:01.870	1.25639	1.25647			6
2025.02.14	01:00:02.172	1.25636				2
2025.02.14	01:00:02.789	1.25635	1.25646			6
2025.02.14	01:00:04.012	1.25634	1.25645			6
2025.02.14	01:00:05.244	1.25635	1.25644			6
2025.02.14	01:00:06.153	1.25636	1.25645			6
2025.02.14	01:00:06.482	1.25634	1.25643			6
2025.02.14	01:00:06.781	1.25635	1.25644			6
2025.02.14	01:00:07.085	1.25636	1.25645			6
2025.02.14	01:00:10.129	1.25638	1.25647			6
2025.02.14	01:00:10.735	1.25637	1.25645			6
2025.02.14	01:00:11.041	1.25640				2
2025.02.14	01:00:11.342	1.25641	1.25646			6
2025.02.14	01:00:11.648	1.25638				2
2025.02.14	01:00:11.949	1.25640				2
2025.02.14	01:00:12.256	1.25638				2
2025.02.14	01:00:12.559	1.25639				2
2025.02.14	01:00:12.899	1.25642	1.25648			6
2025.02.14	01:00:13.514		1.25647			4
2025.02.14	01:00:13.818		1.25648			4
2025.02.14	01:00:14.123	1.25641				2
2025.02.14	01:00:14.425	1.25642				2
2025.02.14	01:00:14.728	1.25639				2
2025.02.14	01:00:15.033	1.25640				2
2025.02.14	01:00:15.338	1.25639				2
2025.02.14	01:00:15.642	1.25640				2
2025.02.14	01:00:16.250	1.25642				2
2025.02.14	01:00:17.164	1.25639				2
2025.02.14	01:00:18.986	1.25642				2
2025.02.14	01:00:19.592		1.25649			4
2025.02.14	01:00:20.197	1.25643				2
2025.02.14	01:00:20.500		1.25652			4
2025.02.14	01:00:20.806	1.25644	1.25653			6
2025.02.14	01:00:21.746	1.25645	1.25654			6
2025.02.14	01:00:26.028	1.25641	1.25649			6
2025.02.14	01:00:26.336	1.25640				2
2025.02.14	01:00:31.217	1.25658	1.25659			6
2025.02.14	01:00:31.828	1.25669	1.25678			6
2025.02.14	01:00:32.131	1.25670	1.25679			6
2025.02.14	01:00:33.038	1.25669				2
2025.02.14	01:00:33.949	1.25671	1.25681			6
2025.02.14	01:00:34.558	1.25673	1.25683			6
2025.02.14	01:00:36.077	1.25674	1.25684			6
2025.02.14	01:00:38.505	1.25673	1.25683			6
2025.02.14	01:00:40.017	1.25664	1.25687			6
2025.02.14	01:00:40.320	1.25670	1.25680			6
2025.02.14	01:00:40.934	1.25669	1.25679			6
2025.02.14	01:00:41.240	1.25670	1.25680			6
2025.02.14	01:00:41.544	1.25672	1.25678			6
2025.02.14	01:00:41.846	1.25671	1.25677			6
2025.02.14	01:00:42.456	1.25672	1.25678			6
2025.02.14	01:00:43.668	1.25674	1.25680			6
2025.02.14	01:00:44.276	1.25658	1.25689			6
2025.02.14	01:00:45.187		1.25686			4
2025.02.14	01:00:46.403	1.25669	1.25675			6
2025.02.14	01:00:48.224	1.25655	1.25686			6
2025.02.14	01:00:51.885	1.25656				2
2025.02.14	01:00:55.267	1.25675	1.25681			6
2025.02.14	01:00:59.219		1.25680			4
2025.02.14	01:01:00.151	1.25675				2
2025.02.14	01:01:17.277	1.25658	1.25682			6
2025.02.14	01:01:18.201		1.25688			4
2025.02.14	01:01:18.508	1.25668	1.25673			6
2025.02.14	01:01:19.425	1.25667	1.25672			6
2025.02.14	01:01:24.928	1.25654	1.25683			6
2025.02.14	01:01:25.232	1.25665	1.25670			6
2025.02.14	01:01:28.281	1.25652	1.25681			6
2025.02.14	01:01:31.637	1.25674	1.25679			6
2025.02.14	01:01:32.259		1.25678			4
2025.02.14	01:01:33.561	1.25673				2
2025.02.14	01:01:35.431		1.25677			4
2025.02.14	01:01:36.978	1.25672	1.25676			6
2025.02.14	01:01:37.602	1.25670	1.25675			6
2025.02.14	01:01:39.122		1.25672			4
2025.02.14	01:01:39.427	1.25645				2
2025.02.14	01:01:39.733		1.25671			4
2025.02.14	01:01:40.052	1.25656	1.25661			6
2025.02.14	01:01:40.354	1.25657	1.25662			6
2025.02.14	01:01:40.661	1.25646	1.25672			6
2025.02.14	01:01:42.520	1.25656	1.25661			6
2025.02.14	01:01:42.824	1.25646	1.25672			6
2025.02.14	01:01:44.355		1.25674			4
2025.02.14	01:01:47.717	1.25648	1.25676			6
2025.02.14	01:01:48.022	1.25649				2
2025.02.14	01:01:48.332		1.25677			4
2025.02.14	01:01:49.555		1.25678			4
2025.02.14	01:01:49.870	1.25659	1.25664			6
2025.02.14	01:01:51.441	1.25649	1.25674			6
2025.02.14	01:01:51.743	1.25650				2
2025.02.14	01:01:52.076	1.25652				2
2025.02.14	01:01:52.987	1.25653				2
2025.02.14	01:01:54.201	1.25654				2
2025.02.14	01:01:55.129	1.25649				2
2025.02.14	01:01:55.436	1.25650	1.25673			6
2025.02.14	01:01:56.384		1.25674			4
2025.02.14	01:01:57.006	1.25651				2
2025.02.14	01:02:00.125	1.25651	1.25670			6
2025.02.14	01:02:01.037	1.25650				2
2025.02.14	01:02:01.342	1.25649				2
2025.02.14	01:02:01.946	1.25648				2
2025.02.14	01:02:03.464		1.25671			4
2025.02.14	01:02:03.788		1.25670			4
2025.02.14	01:02:04.749		1.25671			4
2025.02.14	01:02:05.373		1.25670			4
2025.02.14	01:02:05.998	1.25649				2
2025.02.14	01:02:07.246	1.25648				2
2025.02.14	01:02:08.476	1.25647				2
2025.02.14	01:02:09.698	1.25646				2
2025.02.14	01:02:13.368		1.25668			4
2025.02.14	01:02:14.890	1.25647				2
2025.02.14	01:02:16.119	1.25646				2
2025.02.14	01:02:17.346		1.25671			4
2025.02.14	01:02:18.581		1.25670			4
2025.02.14	01:02:18.887		1.25668			4
2025.02.14	01:02:19.498	1.25645	1.25667			6
2025.02.14	01:02:19.808	1.25644				2
2025.02.14	01:02:20.111	1.25646				2
2025.02.14	01:02:20.412	1.25644	1.25666			6
2025.02.14	01:02:22.863		1.25668			4
2025.02.14	01:02:23.168		1.25669			4
2025.02.14	01:02:23.476		1.25668			4
2025.02.14	01:02:24.081		1.25669			4
2025.02.14	01:02:24.384	1.25642	1.25667			6
2025.02.14	01:02:25.610	1.25643	1.25666			6
2025.02.14	01:02:25.915	1.25641	1.25664			6
2025.02.14	01:02:26.219		1.25666			4
2025.02.14	01:02:26.521	1.25640	1.25667			6
2025.02.14	01:02:27.446	1.25642				2
2025.02.14	01:02:28.357	1.25640				2
2025.02.14	01:02:29.273	1.25641	1.25666			6
2025.02.14	01:02:31.104		1.25664			4
2025.02.14	01:02:32.028	1.25643	1.25666			6
2025.02.14	01:02:32.938	1.25639	1.25661			6
2025.02.14	01:02:33.243	1.25638	1.25659			6
2025.02.14	01:02:33.546	1.25633	1.25658			6
2025.02.14	01:02:34.168	1.25632	1.25660			6
2025.02.14	01:02:35.082		1.25661			4
2025.02.14	01:02:38.766	1.25630	1.25659			6
2025.02.14	01:02:39.992	1.25629				2
2025.02.14	01:02:40.299		1.25658			4
2025.02.14	01:02:41.512	1.25630				2
2025.02.14	01:02:42.434	1.25629				2
2025.02.14	01:02:44.270	1.25630				2
2025.02.14	01:02:44.578	1.25629	1.25659			6
2025.02.14	01:02:44.881		1.25660			4
2025.02.14	01:02:45.492	1.25630				2
2025.02.14	01:02:46.717	1.25646	1.25651			6
2025.02.14	01:02:47.327	1.25645	1.25650			6
2025.02.14	01:02:47.637	1.25646	1.25651			6
2025.02.14	01:02:48.260		1.25650			4
2025.02.14	01:02:53.467	1.25624	1.25652			6
2025.02.14	01:02:53.770	1.25629	1.25654			6
2025.02.14	01:02:56.823	1.25627				2
2025.02.14	01:02:57.441	1.25626				2
2025.02.14	01:02:58.660	1.25625				2
2025.02.14	01:03:00.193	1.25625				2
2025.02.14	01:03:00.504		1.25653			4
2025.02.14	01:03:01.114	1.25637	1.25641			6
2025.02.14	01:03:02.338	1.25636	1.25640			6
2025.02.14	01:03:02.639	1.25637	1.25641			6
2025.02.14	01:03:09.701	1.25636	1.25640			6
2025.02.14	01:03:10.011	1.25637	1.25641			6
2025.02.14	01:03:10.319	1.25636	1.25640			6
2025.02.14	01:03:10.931	1.25637	1.25641			6
2025.02.14	01:03:15.208	1.25638	1.25642			6
2025.02.14	01:03:15.810	1.25637	1.25641			6
2025.02.14	01:03:18.546	1.25638	1.25642			6
2025.02.14	01:03:24.666	1.25641	1.25645			6
2025.02.14	01:03:29.230	1.25640	1.25644			6
2025.02.14	01:03:34.468	1.25638	1.25642			6
2025.02.14	01:03:39.392	1.25639	1.25643			6
2025.02.14	01:03:41.228	1.25638	1.25642			6
2025.02.14	01:03:47.663	1.25639	1.25643			6
2025.02.14	01:04:00.198	1.25639				2
2025.02.14	01:04:03.259	1.25638	1.25642			6
2025.02.14	01:04:04.483	1.25639	1.25643			6
2025.02.14	01:04:12.111	1.25631	1.25653			6
2025.02.14	01:04:12.413	1.25642	1.25646			6
2025.02.14	01:04:13.325	1.25641	1.25645			6
2025.02.14	01:04:14.542	1.25640	1.25644			6
2025.02.14	01:04:35.970	1.25638	1.25642			6
2025.02.14	01:04:36.270	1.25630	1.25634			6
2025.02.14	01:04:36.580	1.25632	1.25636			6
2025.02.14	01:04:39.336	1.25634	1.25638			6
2025.02.14	01:04:39.644	1.25633	1.25637			6
2025.02.14	01:04:40.266	1.25634	1.25638			6
2025.02.14	01:04:41.173	1.25633	1.25637			6
2025.02.14	01:04:44.520	1.25634	1.25638			6
2025.02.14	01:04:59.216	1.25633	1.25637			6
2025.02.14	01:04:59.520	1.25634	1.25638			6
2025.02.14	01:05:00.146	1.25620	1.25641			6
2025.02.14	01:05:00.451	1.25634	1.25638			6
2025.02.14	01:05:04.113	1.25631	1.25635			6
2025.02.14	01:05:05.344	1.25619	1.25637			6
2025.02.14	01:05:06.258		1.25639			4
2025.02.14	01:05:08.421		1.25640			4
2025.02.14	01:05:12.429	1.25622	1.25643			6
2025.02.14	01:05:12.738		1.25650			4
2025.02.14	01:05:13.659	1.25624	1.25652			6
2025.02.14	01:05:14.899		1.25643			4
2025.02.14	01:05:15.516		1.25642			4
2025.02.14	01:05:17.365	1.25625	1.25645			6
2025.02.14	01:05:28.118		1.25651			4
2025.02.14	01:05:28.425	1.25626	1.25644			6
2025.02.14	01:05:28.734	1.25624				2
2025.02.14	01:05:29.038	1.25625				2
2025.02.14	01:05:29.651		1.25645			4
2025.02.14	01:05:30.873	1.25626				2
2025.02.14	01:05:33.618		1.25640			4
2025.02.14	01:05:36.383	1.25625	1.25645			6
2025.02.14	01:05:37.303	1.25623				2
2025.02.14	01:05:46.465		1.25641			4
2025.02.14	01:05:47.686		1.25644			4
2025.02.14	01:05:55.644		1.25645			4
2025.02.14	01:05:58.998	1.25620	1.25644			6
2025.02.14	01:05:59.611	1.25621				2
2025.02.14	01:05:59.915		1.25645			4
2025.02.14	01:06:00.221	1.25621				2
2025.02.14	01:06:00.527	1.25620				2
2025.02.14	01:06:03.007	1.25621				2
2025.02.14	01:06:03.620	1.25622				2
2025.02.14	01:06:03.924	1.25623	1.25646			6
2025.02.14	01:06:05.448	1.25632	1.25647			6
2025.02.14	01:06:05.765	1.25633	1.25649			6
2025.02.14	01:06:06.078	1.25638	1.25642			6
2025.02.14	01:06:06.381	1.25627	1.25650			6
2025.02.14	01:06:06.683	1.25640	1.25644			6
2025.02.14	01:06:07.287	1.25641	1.25645			6
2025.02.14	01:06:07.590	1.25642	1.25646			6
2025.02.14	01:06:13.713	1.25629	1.25650			6
2025.02.14	01:06:14.014	1.25625	1.25649			6
2025.02.14	01:06:14.332	1.25624				2
2025.02.14	01:06:16.170	1.25627				2
2025.02.14	01:06:17.091	1.25629	1.25650			6
2025.02.14	01:06:20.164	1.25641	1.25645			6
2025.02.14	01:06:21.387	1.25640				2
2025.02.14	01:06:23.222	1.25639	1.25642			6
2025.02.14	01:06:24.144	1.25637				2
2025.02.14	01:06:25.985	1.25645	1.25650			6
2025.02.14	01:06:26.287	1.25644	1.25649			6
2025.02.14	01:06:27.215	1.25645	1.25650			6
2025.02.14	01:06:28.122	1.25644	1.25649			6
2025.02.14	01:06:29.043	1.25645	1.25650			6
2025.02.14	01:06:29.345	1.25635	1.25652			6
2025.02.14	01:06:31.499	1.25637	1.25642			6
2025.02.14	01:06:38.202	1.25640	1.25645			6
2025.02.14	01:06:40.641	1.25641	1.25646			6
2025.02.14	01:06:43.708	1.25638	1.25643			6
2025.02.14	01:06:47.381	1.25630	1.25650			6
2025.02.14	01:06:48.298	1.25634				2
2025.02.14	01:06:49.838	1.25638	1.25643			6
2025.02.14	01:06:53.214	1.25632	1.25652			6
2025.02.14	01:06:53.524	1.25633				2
2025.02.14	01:06:54.437	1.25635				2
2025.02.14	01:06:54.752		1.25651			4
2025.02.14	01:06:55.367	1.25637	1.25642			6
2025.02.14	01:06:56.294	1.25630	1.25651			6
2025.02.14	01:06:56.918	1.25635				2
2025.02.14	01:06:57.218	1.25634				2
2025.02.14	01:06:57.832	1.25637	1.25642			6
2025.02.14	01:06:59.954	1.25639	1.25644			6
2025.02.14	01:07:00.262	1.25638	1.25643			6
2025.02.14	01:07:01.180	1.25637	1.25642			6
2025.02.14	01:07:02.087	1.25636	1.25641			6
2025.02.14	01:07:04.206	1.25635	1.25640			6
2025.02.14	01:07:04.510	1.25636	1.25641			6
2025.02.14	01:07:05.121	1.25635	1.25640			6
2025.02.14	01:07:08.477	1.25634	1.25639			6
2025.02.14	01:07:10.616	1.25633	1.25638			6
2025.02.14	01:07:11.536	1.25619	1.25641			6
2025.02.14	01:07:11.839	1.25618				2
2025.02.14	01:07:12.150	1.25616				2
2025.02.14	01:07:14.611	1.25615				2
2025.02.14	01:07:15.841	1.25616				2
2025.02.14	01:07:16.144		1.25643			4
2025.02.14	01:07:16.764		1.25645			4
2025.02.14	01:07:17.383		1.25644			4
2025.02.14	01:07:17.996	1.25615	1.25643			6
2025.02.14	01:07:18.308		1.25641			4
2025.02.14	01:07:18.612		1.25640			4
2025.02.14	01:07:21.071		1.25638			4
2025.02.14	01:07:22.000	1.25617	1.25640			6
2025.02.14	01:07:23.225	1.25619	1.25643			6
2025.02.14	01:07:23.534	1.25618				2
2025.02.14	01:07:24.141	1.25617	1.25642			6
2025.02.14	01:07:24.444	1.25619				2
2025.02.14	01:07:24.751	1.25622	1.25645			6
2025.02.14	01:07:25.055	1.25621	1.25644			6
2025.02.14	01:07:25.360	1.25624	1.25645			6
2025.02.14	01:07:25.971	1.25623	1.25646			6
2025.02.14	01:07:26.273		1.25645			4
2025.02.14	01:07:27.501	1.25622				2
2025.02.14	01:07:27.803	1.25623	1.25646			6
2025.02.14	01:07:28.117	1.25626	1.25647			6
2025.02.14	01:07:28.724	1.25624	1.25648			6
2025.02.14	01:07:29.036	1.25626				2
2025.02.14	01:07:29.343	1.25629				2
2025.02.14	01:07:31.189	1.25621	1.25645			6
2025.02.14	01:07:35.501	1.25619	1.25647			6
2025.02.14	01:07:37.036	1.25618				2
2025.02.14	01:07:41.315	1.25617	1.25646			6
2025.02.14	01:07:43.768		1.25647			4
2025.02.14	01:07:44.075	1.25618				2
2025.02.14	01:07:46.209	1.25616	1.25646			6
2025.02.14	01:07:46.821	1.25617				2
2025.02.14	01:07:47.425		1.25647			4
2025.02.14	01:07:48.650	1.25618				2
2025.02.14	01:07:50.494		1.25648			4
2025.02.14	01:07:52.648		1.25649			4
2025.02.14	01:07:52.953		1.25650			4
2025.02.14	01:07:53.559		1.25649			4
2025.02.14	01:07:53.864	1.25617	1.25646			6
2025.02.14	01:07:54.174	1.25615				2
2025.02.14	01:07:55.102	1.25617	1.25647			6
2025.02.14	01:08:00.022	1.25617				2
2025.02.14	01:08:00.331	1.25613	1.25640			6
2025.02.14	01:08:05.874	1.25612				2
2025.02.14	01:08:06.490		1.25641			4
2025.02.14	01:08:10.794	1.25611				2
2025.02.14	01:08:11.098	1.25610				2
2025.02.14	01:08:11.713	1.25612				2
2025.02.14	01:08:13.273	1.25611	1.25639			6
2025.02.14	01:08:13.584	1.25610	1.25637			6
2025.02.14	01:08:14.806	1.25612	1.25644			6
2025.02.14	01:08:15.108	1.25613				2
2025.02.14	01:08:15.423	1.25614				2
2025.02.14	01:08:17.265	1.25613				2
2025.02.14	01:08:17.579	1.25612	1.25642			6
2025.02.14	01:08:17.887	1.25611				2
2025.02.14	01:08:18.203	1.25613				2
2025.02.14	01:08:18.508	1.25611				2
2025.02.14	01:08:21.891		1.25641			4
2025.02.14	01:08:23.161		1.25642			4
2025.02.14	01:08:23.462	1.25612				2
2025.02.14	01:08:25.610	1.25610				2
2025.02.14	01:08:26.528	1.25617	1.25640			6
2025.02.14	01:08:26.833	1.25630	1.25635			6
2025.02.14	01:08:27.441	1.25632	1.25637			6
2025.02.14	01:08:27.745	1.25631	1.25636			6
2025.02.14	01:08:28.362	1.25630	1.25635			6
2025.02.14	01:08:29.881	1.25631	1.25636			6
2025.02.14	01:08:31.724	1.25628	1.25633			6
2025.02.14	01:08:32.341	1.25621	1.25643			6
2025.02.14	01:08:34.183	1.25629	1.25649			6
2025.02.14	01:08:34.493	1.25628	1.25652			6
2025.02.14	01:08:34.801	1.25629				2
2025.02.14	01:08:35.111	1.25630				2
2025.02.14	01:08:35.728	1.25629				2
2025.02.14	01:08:36.033	1.25627				2
2025.02.14	01:08:36.343	1.25630				2
2025.02.14	01:08:36.651	1.25626				2
2025.02.14	01:08:38.284		1.25650			4
2025.02.14	01:08:40.412	1.25627				2
2025.02.14	01:08:40.716	1.25629				2
2025.02.14	01:08:41.930		1.25648			4
2025.02.14	01:08:42.231	1.25628	1.25646			6
2025.02.14	01:08:42.840	1.25629				2
2025.02.14	01:08:43.443	1.25630	1.25635			6
2025.02.14	01:08:43.751	1.25629	1.25649			6
2025.02.14	01:08:45.572		1.25647			4
2025.02.14	01:08:46.804	1.25628	1.25649			6
2025.02.14	01:08:47.106	1.25635	1.25640			6
2025.02.14	01:08:48.335	1.25634	1.25639			6
2025.02.14	01:08:49.255	1.25633	1.25638			6
2025.02.14	01:08:49.881	1.25634	1.25639			6
2025.02.14	01:08:50.182	1.25635	1.25640			6
2025.02.14	01:08:51.094	1.25634	1.25639			6
2025.02.14	01:08:52.314	1.25633	1.25638			6
2025.02.14	01:08:52.931	1.25628	1.25647			6
2025.02.14	01:08:54.775	1.25629	1.25646			6
2025.02.14	01:08:58.477	1.25626	1.25647			6
2025.02.14	01:08:59.399	1.25629				2
2025.02.14	01:09:00.010	1.25629				2
2025.02.14	01:09:00.312	1.25635	1.25640			6
2025.02.14	01:09:01.235	1.25634	1.25639			6
2025.02.14	01:09:02.143	1.25633				2
2025.02.14	01:09:02.461	1.25632	1.25638			6
2025.02.14	01:09:03.375	1.25633	1.25639			6
2025.02.14	01:09:04.304	1.25634	1.25640			6
2025.02.14	01:09:05.219	1.25633	1.25639			6
2025.02.14	01:09:06.133	1.25634				2
2025.02.14	01:09:06.436	1.25633	1.25638			6
2025.02.14	01:09:10.106	1.25632	1.25637			6
2025.02.14	01:09:11.317	1.25633	1.25638			6
2025.02.14	01:09:14.378	1.25632	1.25637			6
2025.02.14	01:09:15.290	1.25633	1.25638			6
2025.02.14	01:09:16.202	1.25632	1.25637			6
2025.02.14	01:09:17.126	1.25633	1.25638			6
2025.02.14	01:09:21.708	1.25634	1.25639			6
2025.02.14	01:09:22.316	1.25633	1.25638			6
2025.02.14	01:09:24.152	1.25632	1.25637			6
2025.02.14	01:09:29.346	1.25635	1.25640			6
2025.02.14	01:09:29.653	1.25634	1.25639			6
2025.02.14	01:09:29.962	1.25629	1.25630			6
2025.02.14	01:09:30.264	1.25630	1.25631			6
2025.02.14	01:09:30.566	1.25635	1.25640			6
2025.02.14	01:09:30.870	1.25634	1.25639			6
2025.02.14	01:09:31.171		1.25640			4
2025.02.14	01:09:32.394	1.25633	1.25639			6
2025.02.14	01:09:33.007	1.25634	1.25640			6
2025.02.14	01:09:33.309	1.25633	1.25639			6
2025.02.14	01:09:35.452	1.25634	1.25640			6
2025.02.14	01:09:37.302	1.25633	1.25639			6
2025.02.14	01:09:38.214	1.25634	1.25640			6
2025.02.14	01:09:39.737	1.25633	1.25639			6
2025.02.14	01:09:40.962	1.25638	1.25644			6
2025.02.14	01:09:42.496	1.25636	1.25642			6
2025.02.14	01:09:43.420	1.25638	1.25644			6
2025.02.14	01:09:44.032	1.25639	1.25645			6
2025.02.14	01:09:44.952	1.25638	1.25644			6
2025.02.14	01:09:46.169	1.25637	1.25643			6
2025.02.14	01:09:56.252	1.25638	1.25644			6
2025.02.14	01:09:57.478	1.25639	1.25645			6
2025.02.14	01:09:57.786	1.25638	1.25644			6
2025.02.14	01:09:59.009	1.25639	1.25645			6
2025.02.14	01:10:00.253	1.25641	1.25647			6
2025.02.14	01:10:00.860	1.25642	1.25648			6
2025.02.14	01:10:02.081	1.25643	1.25649			6
2025.02.14	01:10:02.999	1.25644	1.25650			6
2025.02.14	01:10:03.921	1.25643	1.25649			6
2025.02.14	01:10:04.836	1.25645	1.25651			6
2025.02.14	01:10:07.587	1.25648	1.25654			6
2025.02.14	01:10:07.890	1.25647	1.25653			6
2025.02.14	01:10:12.802	1.25646	1.25652			6
2025.02.14	01:10:14.330	1.25647	1.25653			6
2025.02.14	01:10:15.555	1.25646	1.25652			6
2025.02.14	01:10:16.169	1.25647	1.25653			6
2025.02.14	01:10:16.480	1.25643	1.25649			6
2025.02.14	01:10:16.784	1.25646	1.25652			6
2025.02.14	01:10:17.085	1.25645	1.25651			6
2025.02.14	01:10:20.763	1.25644	1.25650			6
2025.02.14	01:10:22.598	1.25645	1.25651			6
2025.02.14	01:10:23.209		1.25650			4
2025.02.14	01:10:23.813	1.25644	1.25649			6
2025.02.14	01:10:24.127	1.25646	1.25651			6
2025.02.14	01:10:25.953	1.25647	1.25652			6
2025.02.14	01:10:30.242	1.25648	1.25653			6
2025.02.14	01:10:30.846	1.25647	1.25652			6
2025.02.14	01:10:31.770	1.25645	1.25650			6
2025.02.14	01:10:32.081	1.25642	1.25647			6
2025.02.14	01:10:32.392	1.25641	1.25646			6
2025.02.14	01:10:33.002	1.25642	1.25647			6
2025.02.14	01:10:33.307	1.25643	1.25649			6
2025.02.14	01:10:33.609	1.25642	1.25648			6
2025.02.14	01:10:33.916	1.25643	1.25649			6
2025.02.14	01:10:36.357		1.25648			4
2025.02.14	01:10:41.257	1.25644	1.25649			6
2025.02.14	01:10:41.564	1.25643	1.25648			6
2025.02.14	01:10:42.480	1.25646	1.25651			6
2025.02.14	01:10:42.792	1.25645	1.25650			6
2025.02.14	01:10:43.095	1.25644	1.25649			6
2025.02.14	01:10:53.798	1.25643	1.25648			6
2025.02.14	01:10:54.101	1.25644	1.25649			6
2025.02.14	01:10:55.017	1.25643	1.25648			6
2025.02.14	01:10:55.940	1.25645	1.25650			6
2025.02.14	01:10:56.853	1.25644	1.25649			6
2025.02.14	01:11:00.217	1.25644				2
2025.02.14	01:11:01.130	1.25645	1.25650			6
2025.02.14	01:11:03.572	1.25647	1.25652			6
2025.02.14	01:11:03.882	1.25646	1.25651			6
2025.02.14	01:11:04.190	1.25645	1.25650			6
2025.02.14	01:11:04.791	1.25643	1.25648			6
2025.02.14	01:11:05.103	1.25645	1.25650			6
2025.02.14	01:11:05.714	1.25643	1.25648			6
2025.02.14	01:11:06.634	1.25645	1.25650			6
2025.02.14	01:11:06.937	1.25644	1.25649			6
2025.02.14	01:11:07.556	1.25645	1.25650			6
2025.02.14	01:11:08.168	1.25644	1.25649			6
2025.02.14	01:11:11.202	1.25645	1.25650			6
2025.02.14	01:11:11.504	1.25644	1.25649			6
2025.02.14	01:11:12.115	1.25645	1.25650			6
2025.02.14	01:11:13.342	1.25644	1.25649			6
2025.02.14	01:11:14.556	1.25645	1.25650			6
2025.02.14	01:11:17.940	1.25644	1.25649			6
2025.02.14	01:11:19.155	1.25646	1.25651			6
2025.02.14	01:11:31.385	1.25644	1.25649			6
2025.02.14	01:11:33.207	1.25645	1.25650			6
2025.02.14	01:11:34.740	1.25644	1.25649			6
2025.02.14	01:11:35.346	1.25646	1.25651			6
2025.02.14	01:11:36.261		1.25650			4
2025.02.14	01:11:36.866	1.25645	1.25649			6
2025.02.14	01:11:37.794	1.25646	1.25650			6
2025.02.14	01:11:38.099	1.25645	1.25649			6
2025.02.14	01:11:38.402	1.25646	1.25650			6
2025.02.14	01:11:39.010	1.25645	1.25649			6
2025.02.14	01:11:39.316	1.25646	1.25650			6
2025.02.14	01:11:40.229	1.25645	1.25649			6
2025.02.14	01:11:42.669	1.25646	1.25650			6
2025.02.14	01:11:43.278	1.25645	1.25649			6
2025.02.14	01:11:44.823	1.25647	1.25651			6
2025.02.14	01:11:45.126	1.25646	1.25650			6
2025.02.14	01:11:47.272	1.25647	1.25651			6
2025.02.14	01:11:47.882	1.25646	1.25650			6
2025.02.14	01:11:48.494	1.25647	1.25651			6
2025.02.14	01:11:49.097	1.25646	1.25650			6
2025.02.14	01:11:49.403	1.25647	1.25651			6
2025.02.14	01:11:50.311	1.25646	1.25650			6
2025.02.14	01:11:50.922	1.25647	1.25651			6
2025.02.14	01:11:51.223	1.25646	1.25650			6
2025.02.14	01:11:51.842	1.25647	1.25651			6
2025.02.14	01:11:52.150	1.25646	1.25650			6
2025.02.14	01:11:53.064	1.25647	1.25651			6
2025.02.14	01:11:53.370	1.25646	1.25650			6
2025.02.14	01:11:54.593	1.25647	1.25651			6
2025.02.14	01:11:54.895	1.25645	1.25649			6
2025.02.14	01:11:55.202	1.25644	1.25648			6
2025.02.14	01:11:55.509	1.25645	1.25649			6
2025.02.14	01:11:55.814	1.25628				2
2025.02.14	01:11:56.117		1.25653			4
2025.02.14	01:11:56.434	1.25640	1.25645			6
2025.02.14	01:11:57.039	1.25641	1.25646			6
2025.02.14	01:11:57.962	1.25629	1.25654			6
2025.02.14	01:11:58.889	1.25640	1.25645			6
2025.02.14	01:11:59.196	1.25642	1.25647			6
2025.02.14	01:12:00.109	1.25641	1.25646			6
2025.02.14	01:12:02.554	1.25642	1.25647			6
2025.02.14	01:12:02.860	1.25641	1.25646			6
2025.02.14	01:12:03.774	1.25638	1.25643			6
2025.02.14	01:12:04.082	1.25626	1.25649			6
2025.02.14	01:12:04.390	1.25639	1.25644			6
2025.02.14	01:12:04.699	1.25642	1.25647			6
2025.02.14	01:12:05.007	1.25643	1.25648			6
2025.02.14	01:12:05.318	1.25640	1.25645			6
2025.02.14	01:12:06.241	1.25641	1.25646			6
2025.02.14	01:12:06.851	1.25640	1.25645			6
2025.02.14	01:12:07.153	1.25641	1.25646			6
2025.02.14	01:12:23.059	1.25642	1.25647			6
2025.02.14	01:12:24.900	1.25641	1.25646			6
2025.02.14	01:12:25.513	1.25642	1.25647			6
2025.02.14	01:12:28.281		1.25646			4
2025.02.14	01:12:33.174	1.25633	1.25637			6
2025.02.14	01:12:33.478	1.25634	1.25638			6
2025.02.14	01:12:34.085	1.25633				2
2025.02.14	01:12:34.690	1.25635	1.25640			6
2025.02.14	01:12:36.229	1.25639	1.25644			6
2025.02.14	01:12:36.846	1.25643	1.25648			6
2025.02.14	01:12:37.153	1.25642				2
2025.02.14	01:12:41.482	1.25644	1.25650			6
2025.02.14	01:12:42.404	1.25638	1.25644			6
2025.02.14	01:12:42.718	1.25640	1.25646			6
2025.02.14	01:12:43.026	1.25641	1.25647			6
2025.02.14	01:12:45.483	1.25647	1.25653			6
2025.02.14	01:12:46.403	1.25644	1.25650			6
2025.02.14	01:12:47.024	1.25643	1.25647			6
2025.02.14	01:12:47.340		1.25648			4
2025.02.14	01:12:47.646		1.25649			4
2025.02.14	01:12:52.216	1.25644	1.25650			6
2025.02.14	01:12:56.204	1.25642	1.25648			6
2025.02.14	01:12:57.739	1.25641	1.25647			6
2025.02.14	01:12:58.351	1.25642	1.25648			6
2025.02.14	01:12:59.575	1.25641	1.25647			6
2025.02.14	01:13:00.192	1.25641				2
2025.02.14	01:13:00.802	1.25642	1.25648			6
2025.02.14	01:13:02.952	1.25641	1.25647			6
2025.02.14	01:13:03.261	1.25642				2
2025.02.14	01:13:09.415	1.25641	1.25646			6
2025.02.14	01:13:14.076	1.25640	1.25645			6
2025.02.14	01:13:15.304	1.25642	1.25647			6
2025.02.14	01:13:15.607	1.25645	1.25650			6
2025.02.14	01:13:16.526	1.25643	1.25648			6
2025.02.14	01:13:16.840	1.25646	1.25651			6
2025.02.14	01:13:20.842	1.25647	1.25652			6
2025.02.14	01:13:22.377	1.25646	1.25651			6
2025.02.14	01:13:23.606	1.25645	1.25650			6
2025.02.14	01:13:32.819	1.25646	1.25651			6
2025.02.14	01:13:33.736	1.25645	1.25650			6
2025.02.14	01:13:53.117	1.25644	1.25648			6
2025.02.14	01:13:54.642	1.25645	1.25649			6
2025.02.14	01:13:57.080	1.25646	1.25650			6
2025.02.14	01:13:57.694	1.25645	1.25649			6
2025.02.14	01:14:00.136	1.25645				2
2025.02.14	01:14:00.754	1.25643	1.25647			6
2025.02.14	01:14:07.191	1.25644	1.25648			6
2025.02.14	01:14:08.094	1.25645	1.25649			6
2025.02.14	01:14:10.535	1.25646	1.25650			6
2025.02.14	01:14:28.068	1.25647	1.25651			6
2025.02.14	01:14:29.909	1.25646	1.25650			6
2025.02.14	01:14:32.351	1.25647	1.25651			6
2025.02.14	01:14:32.658	1.25646	1.25650			6
2025.02.14	01:14:39.107	1.25658	1.25662			6
2025.02.14	01:14:39.421	1.25653	1.25657			6
2025.02.14	01:14:40.341	1.25652	1.25658			6
2025.02.14	01:14:46.488	1.25641	1.25647			6
2025.02.14	01:14:46.791	1.25640	1.25646			6
2025.02.14	01:14:48.940	1.25647	1.25653			6
2025.02.14	01:14:49.549	1.25649	1.25655			6
2025.02.14	01:14:50.162		1.25656			4
2025.02.14	01:14:51.386	1.25648	1.25655			6
2025.02.14	01:14:55.090	1.25650	1.25657			6
2025.02.14	01:14:55.396		1.25656			4
2025.02.14	01:14:59.693	1.25645	1.25651			6
2025.02.14	01:14:59.998	1.25646	1.25652			6
2025.02.14	01:15:00.309	1.25651	1.25657			6
2025.02.14	01:15:00.615	1.25652	1.25658			6
2025.02.14	01:15:01.230	1.25653	1.25659			6
2025.02.14	01:15:01.539	1.25655	1.25661			6
2025.02.14	01:15:02.155	1.25654	1.25660			6
2025.02.14	01:15:02.461	1.25655	1.25661			6
2025.02.14	01:15:02.766	1.25664	1.25670			6
2025.02.14	01:15:03.069	1.25666	1.25672			6
2025.02.14	01:15:03.438	1.25667	1.25673			6
2025.02.14	01:15:04.106	1.25665	1.25671			6
2025.02.14	01:15:04.712	1.25669	1.25676			6
2025.02.14	01:15:05.316		1.25674			4
2025.02.14	01:15:05.621	1.25665	1.25672			6
2025.02.14	01:15:05.923	1.25667	1.25674			6
2025.02.14	01:15:06.833	1.25668	1.25675			6
2025.02.14	01:15:07.136	1.25667	1.25674			6
2025.02.14	01:15:08.368	1.25668	1.25675			6
2025.02.14	01:15:08.675	1.25667	1.25674			6
2025.02.14	01:15:08.983	1.25668	1.25675			6
2025.02.14	01:15:09.294	1.25667	1.25674			6
2025.02.14	01:15:09.599	1.25668	1.25675			6
2025.02.14	01:15:09.905	1.25667	1.25674			6
2025.02.14	01:15:10.522	1.25668	1.25675			6
2025.02.14	01:15:11.139	1.25667	1.25674			6
2025.02.14	01:15:11.757	1.25668	1.25675			6
2025.02.14	01:15:13.938	1.25667	1.25674			6
2025.02.14	01:15:14.552		1.25673			4
2025.02.14	01:15:15.215	1.25666				2
2025.02.14	01:15:15.821		1.25671			4
2025.02.14	01:15:16.123	1.25662	1.25669			6
2025.02.14	01:15:16.731	1.25663	1.25670			6
2025.02.14	01:15:18.278	1.25662	1.25669			6
2025.02.14	01:15:18.892	1.25660	1.25667			6
2025.02.14	01:15:19.198	1.25659	1.25666			6
2025.02.14	01:15:19.814	1.25660	1.25667			6
2025.02.14	01:15:20.430	1.25652	1.25659			6
2025.02.14	01:15:20.738	1.25654	1.25658			6
2025.02.14	01:15:21.966	1.25653				2
2025.02.14	01:15:22.889	1.25654	1.25661			6
2025.02.14	01:15:23.199		1.25660			4
2025.02.14	01:15:24.117		1.25661			4
2025.02.14	01:15:26.572		1.25660			4
2025.02.14	01:15:28.412		1.25661			4
2025.02.14	01:15:28.715		1.25660			4
2025.02.14	01:15:29.325		1.25661			4
2025.02.14	01:15:29.630	1.25655	1.25662			6
2025.02.14	01:15:30.853	1.25660	1.25665			6
2025.02.14	01:15:31.154		1.25667			4
2025.02.14	01:15:36.961	1.25663	1.25670			6
2025.02.14	01:15:37.263	1.25664				2
2025.02.14	01:15:37.576	1.25663	1.25669			6
2025.02.14	01:15:38.185		1.25670			4
2025.02.14	01:15:40.322		1.25669			4
2025.02.14	01:15:45.817	1.25664	1.25670			6
2025.02.14	01:15:53.289	1.25663	1.25669			6
2025.02.14	01:15:57.863	1.25664	1.25670			6
2025.02.14	01:15:59.706	1.25663	1.25669			6
2025.02.14	01:16:00.010	1.25664	1.25670			6
2025.02.14	01:16:01.241	1.25665				2
2025.02.14	01:16:01.543	1.25667	1.25673			6
2025.02.14	01:16:03.403	1.25664	1.25670			6
2025.02.14	01:16:05.245	1.25662	1.25666			6
2025.02.14	01:16:05.552	1.25658	1.25664			6
2025.02.14	01:16:06.162	1.25657	1.25663			6
2025.02.14	01:16:06.468	1.25654	1.25660			6
2025.02.14	01:16:06.777	1.25656	1.25662			6
2025.02.14	01:16:07.393	1.25654	1.25660			6
2025.02.14	01:16:09.543	1.25656	1.25662			6
2025.02.14	01:16:09.848	1.25657	1.25663			6
2025.02.14	01:16:10.153	1.25658	1.25664			6
2025.02.14	01:16:19.670	1.25659	1.25665			6
2025.02.14	01:16:27.966	1.25658	1.25664			6
2025.02.14	01:16:28.274	1.25659				2
2025.02.14	01:16:33.809	1.25660	1.25665			6
2025.02.14	01:16:34.115	1.25659	1.25664			6
2025.02.14	01:16:35.345	1.25660	1.25665			6
2025.02.14	01:16:35.656	1.25659	1.25664			6
2025.02.14	01:16:57.229	1.25662	1.25667			6
2025.02.14	01:16:57.850	1.25660	1.25665			6
2025.02.14	01:16:58.151		1.25664			4
2025.02.14	01:16:58.460	1.25664	1.25668			6
2025.02.14	01:16:59.072	1.25669	1.25673			6
2025.02.14	01:16:59.376	1.25668				2
2025.02.14	01:16:59.685	1.25670	1.25675			6
2025.02.14	01:17:00.298	1.25670				2
2025.02.14	01:17:03.070	1.25669	1.25674			6
2025.02.14	01:17:04.602	1.25668	1.25673			6
2025.02.14	01:17:04.910	1.25667	1.25672			6
2025.02.14	01:17:05.834	1.25668	1.25673			6
2025.02.14	01:17:07.369	1.25664	1.25669			6
2025.02.14	01:17:08.908	1.25663	1.25668			6
2025.02.14	01:17:16.899	1.25666	1.25671			6
2025.02.14	01:17:17.206		1.25670			4
2025.02.14	01:17:17.511	1.25670	1.25675			6
2025.02.14	01:17:17.813	1.25673	1.25678			6
2025.02.14	01:17:18.124	1.25672				2
2025.02.14	01:17:19.052	1.25671	1.25677			6
2025.02.14	01:17:19.977	1.25672	1.25678			6
2025.02.14	01:17:20.278	1.25673	1.25679			6
2025.02.14	01:17:20.591	1.25672	1.25678			6
2025.02.14	01:17:21.202	1.25674	1.25680			6
2025.02.14	01:17:21.504	1.25675				2
2025.02.14	01:17:22.124	1.25678	1.25682			6
2025.02.14	01:17:22.433	1.25676	1.25680			6
2025.02.14	01:17:22.753	1.25680	1.25685			6
2025.02.14	01:17:23.062	1.25679				2
2025.02.14	01:17:23.675	1.25680				2
2025.02.14	01:17:25.826		1.25684			4
2025.02.14	01:17:26.440	1.25679				2
2025.02.14	01:17:29.202	1.25678	1.25683			6
2025.02.14	01:17:29.818	1.25679	1.25684			6
2025.02.14	01:17:32.593		1.25683			4
2025.02.14	01:17:36.327		1.25684			4
2025.02.14	01:17:46.141		1.25683			4
2025.02.14	01:17:46.443		1.25684			4
2025.02.14	01:17:49.509		1.25683			4
2025.02.14	01:17:53.178	1.25678				2
2025.02.14	01:17:53.484	1.25679				2
2025.02.14	01:17:53.794	1.25676	1.25680			6
2025.02.14	01:17:54.407	1.25675				2
2025.02.14	01:17:55.637	1.25676				2
2025.02.14	01:17:56.245		1.25681			4
2025.02.14	01:17:57.550		1.25680			4
2025.02.14	01:17:57.851	1.25675				2
2025.02.14	01:17:58.157		1.25679			4
2025.02.14	01:18:00.279	1.25675				2
2025.02.14	01:18:05.179	1.25674				2
2025.02.14	01:18:05.483	1.25673	1.25678			6
2025.02.14	01:18:08.263		1.25677			4
2025.02.14	01:18:08.569	1.25672	1.25676			6
2025.02.14	01:18:23.545	1.25673	1.25677			6
2025.02.14	01:18:24.160	1.25672	1.25676			6
2025.02.14	01:18:25.076	1.25671	1.25675			6
2025.02.14	01:18:25.681	1.25670	1.25673			6
2025.02.14	01:18:29.380		1.25674			4
2025.02.14	01:18:41.078	1.25669	1.25673			6
2025.02.14	01:18:46.301		1.25671			4
2025.02.14	01:18:49.082		1.25673			4
2025.02.14	01:18:51.860	1.25671	1.25675			6
2025.02.14	01:18:53.088	1.25669	1.25673			6
2025.02.14	01:19:00.134	1.25669				2
2025.02.14	01:19:05.368	1.25671	1.25675			6
2025.02.14	01:19:08.441	1.25669	1.25673			6
2025.02.14	01:19:13.349	1.25671	1.25675			6
2025.02.14	01:19:23.484	1.25672	1.25676			6
2025.02.14	01:19:28.715	1.25674	1.25678			6
2025.02.14	01:19:29.021	1.25673	1.25677			6
2025.02.14	01:19:29.941	1.25670	1.25674			6
2025.02.14	01:19:34.866	1.25672	1.25676			6
2025.02.14	01:19:46.261	1.25673				2
2025.02.14	01:19:48.103	1.25675	1.25678			6
2025.02.14	01:19:49.328	1.25674				2
2025.02.14	01:19:50.263		1.25676			4
2025.02.14	01:19:52.097		1.25678			4
2025.02.14	01:19:55.787	1.25675	1.25679			6
2025.02.14	01:19:58.862	1.25676	1.25680			6
2025.02.14	01:20:00.091	1.25676				2
2025.02.14	01:20:01.014	1.25682	1.25685			6
2025.02.14	01:20:01.324		1.25686			4
2025.02.14	01:20:02.856	1.25681	1.25685			6
2025.02.14	01:20:05.057	1.25683	1.25687			6
2025.02.14	01:20:05.363	1.25682	1.25686			6
2025.02.14	01:20:05.668	1.25681	1.25685			6
2025.02.14	01:20:10.893	1.25680	1.25684			6
2025.02.14	01:20:12.426	1.25681	1.25685			6
2025.02.14	01:20:13.041	1.25680	1.25684			6
2025.02.14	01:20:13.958	1.25678	1.25682			6
2025.02.14	01:20:14.583	1.25677	1.25681			6
2025.02.14	01:20:15.197	1.25678	1.25682			6
2025.02.14	01:20:15.504	1.25676	1.25679			6
2025.02.14	01:20:15.814	1.25677	1.25680			6
2025.02.14	01:20:16.431	1.25676				2
2025.02.14	01:20:18.580		1.25679			4
2025.02.14	01:20:25.034	1.25675				2
2025.02.14	01:20:30.561	1.25679	1.25681			6
2025.02.14	01:20:30.870		1.25680			4
2025.02.14	01:20:31.483	1.25678	1.25679			6
2025.02.14	01:20:31.784	1.25679	1.25681			6
2025.02.14	01:20:32.388	1.25678				2
2025.02.14	01:20:33.309	1.25679				2
2025.02.14	01:20:34.228	1.25678				2
2025.02.14	01:20:34.536	1.25679				2
2025.02.14	01:20:38.547	1.25685	1.25688			6
2025.02.14	01:20:46.880	1.25684				2
2025.02.14	01:20:48.127		1.25689			4
2025.02.14	01:20:55.232		1.25688			4
2025.02.14	01:21:00.136	1.25684				2
2025.02.14	01:21:05.330	1.25683	1.25687			6
2025.02.14	01:21:05.637	1.25684	1.25688			6
2025.02.14	01:21:05.939	1.25683	1.25687			6
2025.02.14	01:21:21.573	1.25682	1.25685			6
2025.02.14	01:21:21.881	1.25681				2
2025.02.14	01:21:22.494	1.25683	1.25687			6
2025.02.14	01:21:23.108	1.25682	1.25686			6
2025.02.14	01:21:26.183	1.25681	1.25685			6
2025.02.14	01:21:28.946	1.25682	1.25686			6
2025.02.14	01:21:29.261	1.25683	1.25687			6
2025.02.14	01:21:29.567	1.25684	1.25688			6
2025.02.14	01:21:34.485	1.25683	1.25687			6
2025.02.14	01:21:34.786	1.25681	1.25685			6
2025.02.14	01:21:35.105	1.25680	1.25684			6
2025.02.14	01:21:35.724	1.25679	1.25683			6
2025.02.14	01:21:40.654	1.25678	1.25682			6
2025.02.14	01:21:47.997		1.25680			4
2025.02.14	01:21:48.621	1.25676				2
2025.02.14	01:21:48.925	1.25675	1.25679			6
2025.02.14	01:22:00.010	1.25675				2
2025.02.14	01:22:03.378	1.25674	1.25678			6
2025.02.14	01:22:12.617	1.25673	1.25677			6
2025.02.14	01:22:15.363	1.25674	1.25678			6
2025.02.14	01:22:21.775	1.25673	1.25677			6
2025.02.14	01:22:24.227	1.25674				2
2025.02.14	01:22:24.532	1.25673	1.25676			6
2025.02.14	01:22:24.835	1.25674	1.25677			6
2025.02.14	01:22:29.124	1.25675	1.25678			6
2025.02.14	01:22:30.038	1.25674	1.25677			6
2025.02.14	01:22:33.141	1.25673	1.25676			6
2025.02.14	01:22:33.750	1.25674	1.25677			6
2025.02.14	01:22:37.126	1.25671	1.25674			6
2025.02.14	01:22:37.742	1.25670	1.25673			6
2025.02.14	01:22:38.051	1.25669	1.25672			6
2025.02.14	01:22:38.357	1.25668				2
2025.02.14	01:22:39.591	1.25669	1.25673			6
2025.02.14	01:22:40.512	1.25668	1.25672			6
2025.02.14	01:22:42.045	1.25669	1.25673			6
2025.02.14	01:22:44.502	1.25672	1.25676			6
2025.02.14	01:22:44.808	1.25673	1.25677			6
2025.02.14	01:23:00.207	1.25674	1.25678			6
2025.02.14	01:23:00.508	1.25684	1.25688			6
2025.02.14	01:23:01.129	1.25683	1.25689			6
2025.02.14	01:23:01.745	1.25684				2
2025.02.14	01:23:05.430		1.25688			4
2025.02.14	01:23:05.736	1.25683				2
2025.02.14	01:23:09.108		1.25689			4
2025.02.14	01:23:09.411		1.25688			4
2025.02.14	01:23:14.305		1.25689			4
2025.02.14	01:23:14.913	1.25682	1.25688			6
2025.02.14	01:23:22.242	1.25683				2
2025.02.14	01:23:34.185	1.25684	1.25689			6
2025.02.14	01:23:34.799	1.25690	1.25695			6
2025.02.14	01:23:35.474	1.25688	1.25694			6
2025.02.14	01:23:38.570	1.25689	1.25695			6
2025.02.14	01:23:41.638	1.25688	1.25694			6
2025.02.14	01:23:42.866	1.25689	1.25695			6
2025.02.14	01:23:43.825	1.25688	1.25694			6
2025.02.14	01:23:49.368	1.25689				2
2025.02.14	01:23:54.290	1.25690	1.25695			6
2025.02.14	01:23:54.909	1.25689	1.25694			6
2025.02.14	01:23:57.741	1.25688	1.25693			6
2025.02.14	01:24:00.171	1.25688				2
2025.02.14	01:24:00.480	1.25690	1.25695			6
2025.02.14	01:24:01.092	1.25689	1.25694			6
2025.02.14	01:24:01.709	1.25688	1.25693			6
2025.02.14	01:24:02.021	1.25687	1.25692			6
2025.02.14	01:24:02.632	1.25688				2
2025.02.14	01:24:03.274	1.25687				2
2025.02.14	01:24:03.901	1.25688	1.25693			6
2025.02.14	01:24:13.147	1.25689	1.25694			6
2025.02.14	01:24:14.384	1.25688	1.25693			6
2025.02.14	01:24:16.628	1.25689	1.25694			6
2025.02.14	01:24:17.272	1.25688	1.25693			6
2025.02.14	01:24:23.139		1.25692			4
2025.02.14	01:24:25.290	1.25684	1.25688			6
2025.02.14	01:24:26.518	1.25683				2
2025.02.14	01:24:28.363	1.25682	1.25687			6
2025.02.14	01:24:28.674	1.25683	1.25688			6
2025.02.14	01:24:29.895	1.25682	1.25687			6
2025.02.14	01:24:30.816	1.25683	1.25688			6
2025.02.14	01:24:31.122	1.25682	1.25687			6
2025.02.14	01:24:32.657	1.25683	1.25688			6
2025.02.14	01:24:38.191		1.25687			4
2025.02.14	01:24:38.500	1.25682	1.25686			6
2025.02.14	01:24:47.723	1.25683	1.25687			6
2025.02.14	01:25:00.019	1.25683				2
2025.02.14	01:25:00.322	1.25677	1.25680			6
2025.02.14	01:25:00.629	1.25680	1.25684			6
2025.02.14	01:25:00.938	1.25679	1.25683			6
2025.02.14	01:25:01.249	1.25681	1.25685			6
2025.02.14	01:25:01.859	1.25682	1.25686			6
2025.02.14	01:25:03.396		1.25687			4
2025.02.14	01:25:06.593	1.25681	1.25686			6
2025.02.14	01:25:07.515	1.25682	1.25687			6
2025.02.14	01:25:08.744	1.25681	1.25686			6
2025.02.14	01:25:09.360	1.25682	1.25687			6
2025.02.14	01:25:13.397		1.25686			4
2025.02.14	01:25:14.001	1.25683	1.25687			6
2025.02.14	01:25:14.304	1.25684	1.25688			6
2025.02.14	01:25:14.910	1.25683	1.25687			6
2025.02.14	01:25:19.234	1.25682	1.25686			6
2025.02.14	01:25:29.067	1.25684	1.25688			6
2025.02.14	01:25:29.373	1.25683	1.25687			6
2025.02.14	01:25:35.179	1.25682	1.25686			6
2025.02.14	01:25:37.017	1.25683	1.25687			6
2025.02.14	01:25:37.322	1.25682	1.25686			6
2025.02.14	01:25:37.628	1.25683	1.25687			6
2025.02.14	01:25:45.285	1.25682	1.25686			6
2025.02.14	01:25:45.587	1.25683	1.25687			6
2025.02.14	01:25:46.203	1.25682	1.25686			6
2025.02.14	01:25:51.438	1.25683	1.25687			6
2025.02.14	01:25:51.739	1.25682	1.25686			6
2025.02.14	01:25:52.047	1.25683	1.25687			6
2025.02.14	01:25:52.356	1.25682	1.25686			6
2025.02.14	01:25:53.276	1.25683	1.25687			6
2025.02.14	01:25:58.512	1.25682	1.25686			6
2025.02.14	01:25:58.819	1.25683	1.25687			6
2025.02.14	01:25:59.122	1.25682	1.25686			6
2025.02.14	01:26:00.044	1.25682				2
2025.02.14	01:26:00.658	1.25683	1.25687			6
2025.02.14	01:26:06.188	1.25684	1.25688			6
2025.02.14	01:26:21.316	1.25685				2
2025.02.14	01:26:37.220	1.25684	1.25687			6
2025.02.14	01:26:41.186	1.25683	1.25686			6
2025.02.14	01:26:44.871	1.25689	1.25692			6
2025.02.14	01:26:45.181	1.25690	1.25693			6
2025.02.14	01:26:46.107	1.25689	1.25694			6
2025.02.14	01:26:50.108	1.25688	1.25693			6
2025.02.14	01:26:51.952	1.25689	1.25694			6
2025.02.14	01:26:52.261	1.25688	1.25693			6
2025.02.14	01:26:52.566	1.25689	1.25694			6
2025.02.14	01:26:57.181		1.25693			4
2025.02.14	01:27:00.261	1.25692	1.25696			6
2025.02.14	01:27:00.876	1.25693	1.25697			6
2025.02.14	01:27:01.181	1.25692				2
2025.02.14	01:27:02.100	1.25690	1.25695			6
2025.02.14	01:27:02.407	1.25691	1.25696			6
2025.02.14	01:27:07.308	1.25690	1.25695			6
2025.02.14	01:27:08.227		1.25694			4
2025.02.14	01:27:10.357	1.25691	1.25695			6
2025.02.14	01:27:11.280	1.25693	1.25697			6
2025.02.14	01:27:11.895	1.25692	1.25696			6
2025.02.14	01:27:12.201	1.25693	1.25697			6
2025.02.14	01:27:12.519	1.25692	1.25696			6
2025.02.14	01:27:13.442	1.25693	1.25697			6
2025.02.14	01:27:13.749	1.25692	1.25696			6
2025.02.14	01:27:17.440	1.25693	1.25697			6
2025.02.14	01:27:17.744	1.25692	1.25696			6
2025.02.14	01:27:18.359	1.25693	1.25697			6
2025.02.14	01:27:18.669	1.25692	1.25696			6
2025.02.14	01:27:19.280	1.25693	1.25697			6
2025.02.14	01:27:19.900	1.25692	1.25696			6
2025.02.14	01:27:25.746	1.25693	1.25697			6
2025.02.14	01:27:26.056	1.25692	1.25696			6
2025.02.14	01:27:36.787	1.25693	1.25697			6
2025.02.14	01:27:37.093	1.25692	1.25696			6
2025.02.14	01:27:37.713	1.25691	1.25695			6
2025.02.14	01:27:38.325	1.25692	1.25696			6
2025.02.14	01:27:38.628	1.25691	1.25695			6
2025.02.14	01:27:39.243	1.25692	1.25696			6
2025.02.14	01:27:48.142	1.25693	1.25697			6
2025.02.14	01:27:48.450	1.25692	1.25696			6
2025.02.14	01:27:48.755	1.25691	1.25695			6
2025.02.14	01:27:49.062	1.25692	1.25696			6
2025.02.14	01:27:50.902	1.25693	1.25697			6
2025.02.14	01:27:51.512	1.25692	1.25696			6
2025.02.14	01:27:52.126	1.25695	1.25699			6
2025.02.14	01:27:52.434	1.25693	1.25697			6
2025.02.14	01:27:54.883	1.25694	1.25698			6
2025.02.14	01:27:55.193	1.25695	1.25699			6
2025.02.14	01:27:55.499		1.25698			4
2025.02.14	01:27:55.807	1.25693	1.25697			6
2025.02.14	01:27:56.113	1.25694	1.25698			6
2025.02.14	01:27:56.422	1.25693	1.25697			6
2025.02.14	01:28:00.119	1.25693				2
2025.02.14	01:28:09.647	1.25694	1.25698			6
2025.02.14	01:28:13.687	1.25693	1.25697			6
2025.02.14	01:28:13.995	1.25694	1.25698			6
2025.02.14	01:28:14.617	1.25696	1.25700			6
2025.02.14	01:28:14.925	1.25697	1.25701			6
2025.02.14	01:28:15.234	1.25698	1.25702			6
2025.02.14	01:28:15.540	1.25699	1.25703			6
2025.02.14	01:28:17.696	1.25698	1.25702			6
2025.02.14	01:28:18.004	1.25699	1.25703			6
2025.02.14	01:28:18.921	1.25700	1.25704			6
2025.02.14	01:28:20.459	1.25699	1.25703			6
2025.02.14	01:28:20.764	1.25700	1.25704			6
2025.02.14	01:28:21.379	1.25699	1.25703			6
2025.02.14	01:28:22.302	1.25700	1.25704			6
2025.02.14	01:28:23.223	1.25695	1.25699			6
2025.02.14	01:28:23.837	1.25694	1.25698			6
2025.02.14	01:28:24.143		1.25699			4
2025.02.14	01:28:29.068	1.25695	1.25700			6
2025.02.14	01:28:30.601	1.25694	1.25699			6
2025.02.14	01:28:31.217		1.25698			4
2025.02.14	01:28:31.529	1.25693				2
2025.02.14	01:28:33.370	1.25690	1.25695			6
2025.02.14	01:28:35.523	1.25692	1.25697			6
2025.02.14	01:28:36.147	1.25690	1.25695			6
2025.02.14	01:28:37.072	1.25689	1.25694			6
2025.02.14	01:28:48.454	1.25685	1.25689			6
2025.02.14	01:28:49.686	1.25672	1.25677			6
2025.02.14	01:28:50.303		1.25678			4
2025.02.14	01:28:50.605		1.25677			4
2025.02.14	01:28:50.920	1.25671				2
2025.02.14	01:28:52.764	1.25670				2
2025.02.14	01:28:53.074	1.25671	1.25678			6
2025.02.14	01:28:53.995	1.25672				2
2025.02.14	01:28:54.914	1.25671	1.25677			6
2025.02.14	01:28:55.836	1.25672	1.25678			6
2025.02.14	01:28:57.372	1.25671	1.25675			6
2025.02.14	01:28:57.683	1.25670				2
2025.02.14	01:28:57.990	1.25669				2
2025.02.14	01:28:58.604	1.25670	1.25676			6
2025.02.14	01:28:59.832	1.25669				2
2025.02.14	01:29:00.139	1.25669				2
2025.02.14	01:29:02.907	1.25672	1.25678			6
2025.02.14	01:29:03.524	1.25673				2
2025.02.14	01:29:04.140		1.25680			4
2025.02.14	01:29:05.369		1.25679			4
2025.02.14	01:29:09.369	1.25672	1.25678			6
2025.02.14	01:29:10.295		1.25679			4
2025.02.14	01:29:10.597		1.25678			4
2025.02.14	01:29:16.138	1.25671	1.25677			6
2025.02.14	01:29:16.746	1.25670				2
2025.02.14	01:29:18.589	1.25671	1.25678			6
2025.02.14	01:29:21.661		1.25677			4
2025.02.14	01:29:22.889		1.25676			4
2025.02.14	01:29:23.192	1.25673				2
2025.02.14	01:29:23.497	1.25672	1.25678			6
2025.02.14	01:29:24.114	1.25673	1.25679			6
2025.02.14	01:29:26.573	1.25672	1.25678			6
2025.02.14	01:29:28.419	1.25673	1.25679			6
2025.02.14	01:29:32.705		1.25678			4
2025.02.14	01:29:33.016	1.25677	1.25683			6
2025.02.14	01:29:33.322	1.25678				2
2025.02.14	01:29:34.239	1.25677				2
2025.02.14	01:29:34.550	1.25679	1.25684			6
2025.02.14	01:29:36.090	1.25680				2
2025.02.14	01:29:37.317	1.25679				2
2025.02.14	01:29:39.154	1.25680				2
2025.02.14	01:29:39.877	1.25681	1.25687			6
2025.02.14	01:29:40.182		1.25686			4
2025.02.14	01:29:40.484	1.25680				2
2025.02.14	01:29:41.716		1.25685			4
2025.02.14	01:29:42.023		1.25686			4
2025.02.14	01:29:42.326	1.25681	1.25687			6
2025.02.14	01:29:43.249	1.25680	1.25685			6
2025.02.14	01:29:46.329	1.25681				2
2025.02.14	01:29:46.941		1.25687			4
2025.02.14	01:29:47.248		1.25684			4
2025.02.14	01:29:47.555		1.25685			4
2025.02.14	01:29:48.482	1.25680	1.25684			6
2025.02.14	01:29:54.970		1.25686			4
2025.02.14	01:29:55.275	1.25679	1.25685			6
2025.02.14	01:29:55.894	1.25680	1.25686			6
2025.02.14	01:29:56.200	1.25679	1.25685			6
2025.02.14	01:30:00.197	1.25679				2
2025.02.14	01:30:02.044	1.25678	1.25684			6
2025.02.14	01:30:04.193	1.25679				2
2025.02.14	01:30:05.114	1.25678	1.25683			6
2025.02.14	01:30:05.732	1.25677	1.25682			6
2025.02.14	01:30:09.435	1.25682	1.25685			6
2025.02.14	01:30:09.743	1.25673	1.25677			6
2025.02.14	01:30:21.455	1.25678	1.25683			6
2025.02.14	01:30:22.382	1.25677				2
2025.02.14	01:30:22.689		1.25682			4
2025.02.14	01:30:28.232		1.25683			4
2025.02.14	01:30:28.848		1.25682			4
2025.02.14	01:30:44.864	1.25681	1.25686			6
2025.02.14	01:30:45.172	1.25679	1.25684			6
2025.02.14	01:30:45.485	1.25677	1.25682			6
2025.02.14	01:30:49.793	1.25676	1.25681			6
2025.02.14	01:30:50.403	1.25677	1.25682			6
2025.02.14	01:30:50.710	1.25676	1.25681			6
2025.02.14	01:30:51.017	1.25672	1.25677			6
2025.02.14	01:30:58.398		1.25676			4
2025.02.14	01:30:58.700		1.25677			4
2025.02.14	01:31:00.237	1.25672				2
2025.02.14	01:31:00.548	1.25671	1.25675			6
2025.02.14	01:31:01.478		1.25676			4
2025.02.14	01:31:02.397	1.25672				2
2025.02.14	01:31:08.259		1.25675			4
2025.02.14	01:31:08.564	1.25671	1.25676			6
2025.02.14	01:31:13.183	1.25672				2
2025.02.14	01:31:16.259		1.25675			4
2025.02.14	01:31:17.494	1.25671				2
2025.02.14	01:31:19.958	1.25672				2
2025.02.14	01:31:22.409	1.25671				2
2025.02.14	01:31:26.384	1.25672				2
2025.02.14	01:31:27.297	1.25671				2
2025.02.14	01:31:30.358	1.25672				2
2025.02.14	01:31:30.659	1.25671				2
2025.02.14	01:31:31.263	1.25672				2
2025.02.14	01:31:31.570	1.25671				2
2025.02.14	01:31:32.181	1.25672				2
2025.02.14	01:31:33.095	1.25671				2
2025.02.14	01:31:33.403	1.25672				2
2025.02.14	01:31:35.249	1.25671				2
2025.02.14	01:31:36.484	1.25672				2
2025.02.14	01:31:36.792	1.25671				2
2025.02.14	01:31:37.409	1.25672				2
2025.02.14	01:31:37.715	1.25671				2
2025.02.14	01:31:38.023	1.25672				2
2025.02.14	01:31:38.638	1.25671				2
2025.02.14	01:31:38.948	1.25672				2
2025.02.14	01:31:39.877	1.25671				2
2025.02.14	01:31:41.728	1.25672				2
2025.02.14	01:31:42.345	1.25671				2
2025.02.14	01:31:42.650	1.25670	1.25674			6
2025.02.14	01:31:43.270	1.25666	1.25670			6
2025.02.14	01:31:43.572	1.25665	1.25668			6
2025.02.14	01:31:44.183	1.25664	1.25669			6
2025.02.14	01:31:45.422	1.25667	1.25672			6
2025.02.14	01:31:47.573	1.25666	1.25671			6
2025.02.14	01:31:48.506	1.25667	1.25672			6
2025.02.14	01:31:49.739	1.25669	1.25674			6
2025.02.14	01:31:50.978	1.25671	1.25676			6
2025.02.14	01:31:51.289	1.25670	1.25675			6
2025.02.14	01:31:53.447	1.25671				2
2025.02.14	01:31:53.759	1.25670				2
2025.02.14	01:31:57.457	1.25671				2
2025.02.14	01:31:58.074		1.25676			4
2025.02.14	01:32:00.239	1.25671				2
2025.02.14	01:32:04.859		1.25675			4
2025.02.14	01:32:05.782	1.25670				2
2025.02.14	01:32:08.252	1.25671	1.25676			6
2025.02.14	01:32:10.106		1.25675			4
2025.02.14	01:32:12.257	1.25670	1.25674			6
2025.02.14	01:32:12.568	1.25672	1.25675			6
2025.02.14	01:32:12.874	1.25671				2
2025.02.14	01:32:15.340	1.25670	1.25674			6
2025.02.14	01:32:19.356	1.25669	1.25673			6
2025.02.14	01:32:24.912	1.25670	1.25674			6
2025.02.14	01:32:25.220	1.25669	1.25673			6
2025.02.14	01:32:30.451	1.25667	1.25671			6
2025.02.14	01:32:30.753	1.25666	1.25670			6
2025.02.14	01:32:31.380		1.25671			4
2025.02.14	01:32:31.684		1.25670			4
2025.02.14	01:32:31.994	1.25663	1.25668			6
2025.02.14	01:32:33.222	1.25661	1.25666			6
2025.02.14	01:32:33.529		1.25665			4
2025.02.14	01:32:34.449		1.25664			4
2025.02.14	01:32:34.760	1.25656	1.25661			6
2025.02.14	01:32:35.377	1.25658	1.25663			6
2025.02.14	01:32:35.685		1.25664			4
2025.02.14	01:32:36.605	1.25659				2
2025.02.14	01:32:43.698		1.25665			4
2025.02.14	01:32:45.233	1.25660				2
2025.02.14	01:32:47.705	1.25658	1.25663			6
2025.02.14	01:32:48.319	1.25659	1.25664			6
2025.02.14	01:32:48.629	1.25658	1.25663			6
2025.02.14	01:32:50.167	1.25659	1.25664			6
2025.02.14	01:32:51.722	1.25656	1.25661			6
2025.02.14	01:32:58.187	1.25655	1.25660			6
2025.02.14	01:33:00.027	1.25655				2
2025.02.14	01:33:00.334	1.25656	1.25661			6
2025.02.14	01:33:07.408	1.25652	1.25656			6
2025.02.14	01:33:08.029	1.25651				2
2025.02.14	01:33:16.034	1.25652	1.25657			6
2025.02.14	01:33:16.341	1.25651	1.25656			6
2025.02.14	01:33:16.648	1.25649	1.25654			6
2025.02.14	01:33:16.954		1.25653			4
2025.02.14	01:33:17.569	1.25648				2
2025.02.14	01:33:17.877	1.25647	1.25652			6
2025.02.14	01:33:18.498	1.25650	1.25654			6
2025.02.14	01:33:18.806	1.25648	1.25653			6
2025.02.14	01:33:19.111		1.25652			4
2025.02.14	01:33:20.651		1.25653			4
2025.02.14	01:33:22.801		1.25652			4
2025.02.14	01:33:26.493	1.25647				2
2025.02.14	01:33:35.396	1.25646	1.25651			6
2025.02.14	01:33:40.312		1.25650			4
2025.02.14	01:33:46.475	1.25647	1.25651			6
2025.02.14	01:33:50.771	1.25646	1.25650			6
2025.02.14	01:33:52.001	1.25647	1.25651			6
2025.02.14	01:33:53.232	1.25648	1.25652			6
2025.02.14	01:34:00.001	1.25648				2
2025.02.14	01:34:02.458	1.25646	1.25650			6
2025.02.14	01:34:02.763	1.25647	1.25651			6
2025.02.14	01:34:03.989	1.25645	1.25649			6
2025.02.14	01:34:04.293	1.25643	1.25647			6
2025.02.14	01:34:19.239	1.25648	1.25649			6
2025.02.14	01:34:19.545	1.25644	1.25648			6
2025.02.14	01:34:19.847	1.25642	1.25646			6
2025.02.14	01:34:22.296	1.25643	1.25647			6
2025.02.14	01:34:33.389	1.25642	1.25646			6
2025.02.14	01:34:34.310	1.25643	1.25647			6
2025.02.14	01:34:37.698	1.25642	1.25646			6
2025.02.14	01:34:38.621	1.25643	1.25647			6
2025.02.14	01:34:41.383	1.25644	1.25648			6
2025.02.14	01:34:41.697	1.25643	1.25647			6
2025.02.14	01:34:42.005	1.25644	1.25648			6
2025.02.14	01:34:42.315	1.25645	1.25649			6
2025.02.14	01:34:45.398	1.25644	1.25648			6
2025.02.14	01:34:45.705	1.25643	1.25647			6
2025.02.14	01:34:46.943	1.25644	1.25648			6
2025.02.14	01:34:47.246	1.25645	1.25649			6
2025.02.14	01:34:47.557	1.25650	1.25654			6
2025.02.14	01:34:47.869	1.25648	1.25652			6
2025.02.14	01:34:48.176		1.25653			4
2025.02.14	01:34:50.633	1.25650	1.25655			6
2025.02.14	01:34:57.406	1.25648	1.25653			6
2025.02.14	01:35:00.180	1.25648				2
2025.02.14	01:35:02.328	1.25647	1.25651			6
2025.02.14	01:35:30.087	1.25648	1.25652			6
2025.02.14	01:35:37.785	1.25642	1.25646			6
2025.02.14	01:35:38.099		1.25647			4
2025.02.14	01:35:39.024		1.25646			4
2025.02.14	01:35:39.332	1.25637	1.25642			6
2025.02.14	01:35:40.255		1.25643			4
2025.02.14	01:35:40.564	1.25636	1.25642			6
2025.02.14	01:35:40.876	1.25637				2
2025.02.14	01:35:41.500	1.25635	1.25641			6
2025.02.14	01:35:48.280	1.25636				2
2025.02.14	01:35:53.521	1.25637	1.25642			6
2025.02.14	01:35:59.994	1.25640	1.25645			6
2025.02.14	01:36:00.302	1.25640				2
2025.02.14	01:36:02.152	1.25639	1.25644			6
2025.02.14	01:36:02.768	1.25642	1.25645			6
2025.02.14	01:36:03.071	1.25641				2
2025.02.14	01:36:03.996	1.25638	1.25642			6
2025.02.14	01:36:04.607	1.25636	1.25641			6
2025.02.14	01:36:07.074	1.25637				2
2025.02.14	01:36:12.957	1.25636				2
2025.02.14	01:36:14.500	1.25632	1.25637			6
2025.02.14	01:36:16.346	1.25631				2
2025.02.14	01:36:20.347		1.25636			4
2025.02.14	01:36:35.060	1.25632				2
2025.02.14	01:36:35.371	1.25631				2
2025.02.14	01:36:35.982	1.25632				2
2025.02.14	01:36:36.905	1.25631				2
2025.02.14	01:36:37.212	1.25632				2
2025.02.14	01:36:39.349	1.25631				2
2025.02.14	01:36:43.331	1.25632				2
2025.02.14	01:36:43.943	1.25631				2
2025.02.14	01:36:44.561	1.25632				2
2025.02.14	01:36:44.866	1.25631				2
2025.02.14	01:36:46.095	1.25632				2
2025.02.14	01:36:46.403	1.25631	1.25635			6
2025.02.14	01:36:47.331	1.25632				2
2025.02.14	01:36:48.871	1.25631				2
2025.02.14	01:36:52.294	1.25632				2
2025.02.14	01:36:52.607	1.25631				2
2025.02.14	01:36:52.911	1.25632				2
2025.02.14	01:36:53.525	1.25631				2
2025.02.14	01:36:58.140	1.25632				2
2025.02.14	01:36:58.445	1.25631				2
2025.02.14	01:36:59.673	1.25632				2
2025.02.14	01:37:00.288	1.25631				2
2025.02.14	01:37:29.465	1.25630	1.25633			6
2025.02.14	01:37:30.075	1.25631	1.25635			6
2025.02.14	01:37:32.543	1.25632				2
2025.02.14	01:37:32.854	1.25631				2
2025.02.14	01:37:37.781	1.25632				2
2025.02.14	01:37:40.235	1.25631				2
2025.02.14	01:37:40.543	1.25632				2
2025.02.14	01:37:41.776	1.25631				2
2025.02.14	01:37:50.091	1.25632				2
2025.02.14	01:37:50.700	1.25631				2
2025.02.14	01:37:56.868	1.25619	1.25623			6
2025.02.14	01:37:57.170	1.25621	1.25625			6
2025.02.14	01:37:58.096	1.25620	1.25627			6
2025.02.14	01:37:58.712		1.25626			4
2025.02.14	01:37:59.327	1.25622	1.25629			6
2025.02.14	01:38:00.248	1.25622				2
2025.02.14	01:38:02.088		1.25626			4
2025.02.14	01:38:03.016	1.25632	1.25636			6
2025.02.14	01:38:03.318	1.25631				2
2025.02.14	01:38:03.637		1.25635			4
2025.02.14	01:38:03.944		1.25634			4
2025.02.14	01:38:05.781		1.25635			4
2025.02.14	01:38:09.486		1.25636			4
2025.02.14	01:38:09.798	1.25628	1.25629			6
2025.02.14	01:38:10.105	1.25621	1.25626			6
2025.02.14	01:38:22.107		1.25625			4
2025.02.14	01:38:22.723		1.25626			4
2025.02.14	01:38:23.029		1.25625			4
2025.02.14	01:38:24.255	1.25622	1.25626			6
2025.02.14	01:38:24.566	1.25621				2
2025.02.14	01:38:25.491	1.25622				2
2025.02.14	01:38:26.726	1.25621	1.25625			6
2025.02.14	01:38:29.494		1.25626			4
2025.02.14	01:38:31.942	1.25622	1.25627			6
2025.02.14	01:38:33.784	1.25621				2
2025.02.14	01:38:34.704	1.25615	1.25620			6
2025.02.14	01:38:35.013	1.25616	1.25621			6
2025.02.14	01:38:35.322	1.25612	1.25613			6
2025.02.14	01:38:36.553		1.25614			4
2025.02.14	01:38:40.536	1.25618	1.25623			6
2025.02.14	01:38:40.847	1.25622	1.25624			6
2025.02.14	01:38:41.153	1.25618	1.25623			6
2025.02.14	01:38:41.456	1.25620	1.25624			6
2025.02.14	01:38:43.911		1.25623			4
2025.02.14	01:38:44.526		1.25624			4
2025.02.14	01:38:44.834		1.25623			4
2025.02.14	01:38:55.893		1.25622			4
2025.02.14	01:38:56.201	1.25616	1.25620			6
2025.02.14	01:38:56.505	1.25612	1.25614			6
2025.02.14	01:38:58.347	1.25611	1.25612			6
2025.02.14	01:38:59.879	1.25612	1.25613			6
2025.02.14	01:39:00.193	1.25612				2
2025.02.14	01:39:09.437	1.25611	1.25612			6
2025.02.14	01:39:20.809	1.25605	1.25607			6
2025.02.14	01:39:21.116	1.25601	1.25602			6
2025.02.14	01:39:22.341	1.25598	1.25600			6
2025.02.14	01:39:24.208	1.25594	1.25598			6
2025.02.14	01:39:24.518	1.25593	1.25595			6
2025.02.14	01:39:24.829	1.25592				2
2025.02.14	01:39:25.135		1.25593			4
2025.02.14	01:39:25.439		1.25595			4
2025.02.14	01:39:27.905	1.25593				2
2025.02.14	01:39:28.526	1.25583	1.25586			6
2025.02.14	01:39:28.834	1.25584	1.25589			6
2025.02.14	01:39:29.142	1.25583	1.25586			6
2025.02.14	01:39:29.449		1.25588			4
2025.02.14	01:39:29.763		1.25587			4
2025.02.14	01:39:48.399	1.25588	1.25591			6
2025.02.14	01:39:48.705	1.25583	1.25586			6
2025.02.14	01:39:49.017	1.25582	1.25585			6
2025.02.14	01:39:49.325	1.25583				2
2025.02.14	01:39:50.277	1.25582				2
2025.02.14	01:39:50.895	1.25583	1.25586			6
2025.02.14	01:39:51.199		1.25585			4
2025.02.14	01:39:51.806	1.25582				2
2025.02.14	01:39:52.716	1.25583	1.25587			6
2025.02.14	01:39:54.564		1.25585			4
2025.02.14	01:39:54.868	1.25581	1.25583			6
2025.02.14	01:39:55.175		1.25584			4
2025.02.14	01:39:56.096		1.25585			4
2025.02.14	01:40:00.090	1.25581				2
2025.02.14	01:40:04.699	1.25580				2
2025.02.14	01:40:07.150	1.25584	1.25590			6
2025.02.14	01:40:07.458	1.25589	1.25591			6
2025.02.14	01:40:07.764	1.25584	1.25589			6
2025.02.14	01:40:08.079		1.25590			4
2025.02.14	01:40:08.384	1.25585				2
2025.02.14	01:40:08.699		1.25589			4
2025.02.14	01:40:09.308	1.25584				2
2025.02.14	01:40:09.919		1.25590			4
2025.02.14	01:40:10.224		1.25589			4
2025.02.14	01:40:10.532	1.25585				2
2025.02.14	01:40:12.363	1.25583				2
2025.02.14	01:40:12.972	1.25584				2
2025.02.14	01:40:13.277	1.25582	1.25586			6
2025.02.14	01:40:18.501		1.25587			4
2025.02.14	01:40:18.805		1.25586			4
2025.02.14	01:40:20.951	1.25581				2
2025.02.14	01:40:23.098	1.25582				2
2025.02.14	01:40:26.162	1.25581	1.25585			6
2025.02.14	01:40:26.467		1.25586			4
2025.02.14	01:40:35.361	1.25582				2
2025.02.14	01:40:37.201	1.25583				2
2025.02.14	01:40:38.432	1.25584				2
2025.02.14	01:40:42.418	1.25587	1.25590			6
2025.02.14	01:40:42.719	1.25591	1.25592			6
2025.02.14	01:40:43.336	1.25590				2
2025.02.14	01:40:43.651	1.25589				2
2025.02.14	01:40:47.640	1.25590				2
2025.02.14	01:40:47.950	1.25589				2
2025.02.14	01:40:49.795	1.25590				2
2025.02.14	01:40:50.409	1.25589				2
2025.02.14	01:40:51.639	1.25591	1.25595			6
2025.02.14	01:41:00.249	1.25591				2
2025.02.14	01:41:01.170	1.25592				2
2025.02.14	01:41:04.232	1.25593	1.25596			6
2025.02.14	01:41:04.535	1.25592	1.25595			6
2025.02.14	01:41:05.462	1.25591	1.25596			6
2025.02.14	01:41:07.920		1.25595			4
2025.02.14	01:41:12.849		1.25594			4
2025.02.14	01:41:13.155		1.25596			4
2025.02.14	01:41:14.392	1.25593				2
2025.02.14	01:41:14.700		1.25597			4
2025.02.14	01:41:16.854	1.25595	1.25598			6
2025.02.14	01:41:18.698		1.25597			4
2025.02.14	01:41:19.003	1.25603	1.25607			6
2025.02.14	01:41:19.312	1.25602	1.25606			6
2025.02.14	01:41:19.615		1.25604			4
2025.02.14	01:41:19.927	1.25601				2
2025.02.14	01:41:20.238		1.25603			4
2025.02.14	01:41:20.544	1.25600	1.25601			6
2025.02.14	01:41:20.853		1.25602			4
2025.02.14	01:41:21.161		1.25604			4
2025.02.14	01:41:21.465	1.25601	1.25603			6
2025.02.14	01:41:21.779	1.25600	1.25602			6
2025.02.14	01:41:22.085	1.25601				2
2025.02.14	01:41:23.011		1.25604			4
2025.02.14	01:41:23.614	1.25600	1.25602			6
2025.02.14	01:41:23.920	1.25595	1.25600			6
2025.02.14	01:41:24.238	1.25594	1.25598			6
2025.02.14	01:41:25.161		1.25600			4
2025.02.14	01:41:26.395		1.25598			4
