<DATE>	<TIME>	<BID>	<ASK>	<LAST>	<VOLUME>	<FLAGS>
2025.09.29	00:03:31.281	1.33825	1.34059			6
2025.09.29	00:04:00.266	1.33825				2
2025.09.29	00:04:01.201	1.33826	1.34060			6
2025.09.29	00:04:26.791	1.33834	1.34068			6
2025.09.29	00:05:00.127	1.33834				2
2025.09.29	00:05:00.744	1.33831	1.34065			6
2025.09.29	00:05:01.363	1.33836	1.34070			6
2025.09.29	00:05:30.921	1.33872	1.34106			6
2025.09.29	00:06:00.110	1.33872				2
2025.09.29	00:06:02.281	1.33873	1.34107			6
2025.09.29	00:06:08.769	1.33891	1.34125			6
2025.09.29	00:06:11.211	1.33892	1.34126			6
2025.09.29	00:06:13.357	1.33878	1.34112			6
2025.09.29	00:06:20.082	1.33879	1.34113			6
2025.09.29	00:06:25.903	1.33880	1.34114			6
2025.09.29	00:06:32.670	1.33881	1.34115			6
2025.09.29	00:06:34.514	1.33882	1.34116			6
2025.09.29	00:06:36.063	1.33880	1.34114			6
2025.09.29	00:06:44.088	1.33881	1.34115			6
2025.09.29	00:06:45.006	1.33880	1.34114			6
2025.09.29	00:07:00.098	1.33880				2
2025.09.29	00:07:06.587	1.33879	1.34113			6
2025.09.29	00:07:06.893	1.33878	1.34112			6
2025.09.29	00:07:13.715	1.33879	1.34113			6
2025.09.29	00:07:16.459	1.33878	1.34112			6
2025.09.29	00:07:41.181	1.33879	1.34113			6
2025.09.29	00:07:45.804	1.33878	1.34112			6
2025.09.29	00:07:49.199	1.33879	1.34113			6
2025.09.29	00:07:54.740	1.33878	1.34112			6
2025.09.29	00:08:00.293	1.33878				2
2025.09.29	00:08:04.916	1.33877	1.34111			6
2025.09.29	00:08:06.143	1.33878	1.34112			6
2025.09.29	00:08:07.687	1.33877	1.34111			6
2025.09.29	00:08:17.265	1.33878	1.34112			6
2025.09.29	00:08:35.126	1.33876	1.34110			6
2025.09.29	00:08:36.046	1.33878	1.34112			6
2025.09.29	00:08:40.678	1.33876	1.34110			6
2025.09.29	00:08:45.002	1.33875	1.34109			6
2025.09.29	00:08:52.986	1.33876	1.34110			6
2025.09.29	00:09:00.082	1.33876				2
2025.09.29	00:09:10.272	1.33875	1.34109			6
2025.09.29	00:09:15.523	1.33876	1.34110			6
2025.09.29	00:09:21.088	1.33875	1.34109			6
2025.09.29	00:09:23.556	1.33876	1.34110			6
2025.09.29	00:09:56.551	1.33875	1.34109			6
2025.09.29	00:10:00.262	1.33875				2
2025.09.29	00:10:01.804	1.33876	1.34110			6
2025.09.29	00:10:07.670	1.33882	1.34116			6
2025.09.29	00:10:08.591	1.33876	1.34110			6
2025.09.29	00:10:19.411	1.33881	1.34109			6
2025.09.29	00:10:20.336	1.33882				2
2025.09.29	00:10:30.835	1.33883				2
2025.09.29	00:10:31.764		1.34108			4
2025.09.29	00:10:39.797	1.33884				2
2025.09.29	00:10:43.189		1.34107			4
2025.09.29	00:10:50.585	1.33885				2
2025.09.29	00:10:54.596		1.34106			4
2025.09.29	00:10:59.533		1.34107			4
2025.09.29	00:11:00.148	1.33885				2
2025.09.29	00:11:59.759		1.34107			4
2025.09.29	00:12:00.064	1.33885				2
2025.09.29	00:12:59.990		1.34107			4
2025.09.29	00:13:00.296	1.33885				2
2025.09.29	00:14:00.149	1.33885	1.34107			6
2025.09.29	00:14:21.454		1.34108			4
2025.09.29	00:14:21.758	1.33884	1.34109			6
2025.09.29	00:14:22.070		1.34110			4
2025.09.29	00:14:22.686	1.33886	1.34108			6
2025.09.29	00:15:00.012	1.33886				2
2025.09.29	00:15:00.940	1.33888	1.34109			6
2025.09.29	00:15:03.108		1.34116			4
2025.09.29	00:15:20.370		1.34108			4
2025.09.29	00:15:21.918	1.33889	1.34109			6
2025.09.29	00:15:23.461	1.33896	1.34113			6
2025.09.29	00:15:23.766	1.33925	1.34108			6
2025.09.29	00:15:31.694	1.33911				2
2025.09.29	00:15:32.722		1.34109			4
2025.09.29	00:16:00.384	1.33911				2
2025.09.29	00:16:07.858		1.34111			4
2025.09.29	00:16:08.423		1.34110			4
2025.09.29	00:16:09.174		1.34108			4
2025.09.29	00:16:09.622		1.34109			4
2025.09.29	00:16:26.637	1.33905	1.34108			6
2025.09.29	00:16:51.024		1.34109			4
2025.09.29	00:17:02.423	1.33905				2
2025.09.29	00:17:09.182		1.34108			4
2025.09.29	00:17:31.700		1.34107			4
2025.09.29	00:17:50.741	1.33897				2
2025.09.29	00:18:01.546	1.33897				2
2025.09.29	00:18:30.760	1.33904				2
2025.09.29	00:18:31.701		1.34107			4
2025.09.29	00:18:33.421	1.33890	1.34104			6
2025.09.29	00:19:00.469	1.33890				2
2025.09.29	00:19:06.463	1.33891	1.34103			6
2025.09.29	00:19:30.536	1.33890				2
2025.09.29	00:19:35.484	1.33903				2
2025.09.29	00:19:47.189		1.34104			4
2025.09.29	00:19:48.301		1.34103			4
2025.09.29	00:19:51.023		1.34104			4
2025.09.29	00:19:55.644	1.33910	1.34102			6
2025.09.29	00:20:00.925	1.33910				2
2025.09.29	00:20:10.425	1.33902				2
2025.09.29	00:20:57.622		1.34102			4
2025.09.29	00:21:00.323	1.33902				2
2025.09.29	00:21:14.429	1.33896				2
2025.09.29	00:21:17.198	1.33894	1.34106			6
2025.09.29	00:21:21.562		1.34105			4
2025.09.29	00:21:53.679		1.34104			4
2025.09.29	00:21:55.523	1.33909	1.34101			6
2025.09.29	00:22:00.623	1.33909				2
2025.09.29	00:22:27.428	1.33903				2
2025.09.29	00:22:30.922		1.34100			4
2025.09.29	00:22:56.423		1.34101			4
2025.09.29	00:23:01.744	1.33903	1.34099			6
2025.09.29	00:23:03.205	1.33896				2
2025.09.29	00:23:04.443	1.33902				2
2025.09.29	00:23:35.437	1.33894	1.34100			6
2025.09.29	00:23:51.829	1.33895	1.34098			6
2025.09.29	00:23:52.917	1.33894	1.34099			6
2025.09.29	00:23:58.157	1.33896	1.34098			6
2025.09.29	00:23:59.172	1.33895				2
2025.09.29	00:24:01.224	1.33895				2
2025.09.29	00:24:13.915	1.33902	1.34092			6
2025.09.29	00:24:23.723		1.34091			4
2025.09.29	00:24:30.840	1.33894				2
2025.09.29	00:24:38.014	1.33895	1.34090			6
2025.09.29	00:24:39.023	1.33894	1.34091			6
2025.09.29	00:24:39.908	1.33910	1.34090			6
2025.09.29	00:24:41.592	1.33913	1.34087			6
2025.09.29	00:24:42.622	1.33912	1.34088			6
2025.09.29	00:24:45.237	1.33911				2
2025.09.29	00:24:45.571	1.33905				2
2025.09.29	00:25:00.325	1.33905				2
2025.09.29	00:25:04.686		1.34090			4
2025.09.29	00:25:20.428		1.34089			4
2025.09.29	00:25:25.523		1.34090			4
2025.09.29	00:25:30.376		1.34089			4
2025.09.29	00:25:32.124		1.34090			4
2025.09.29	00:25:39.918	1.33902				2
2025.09.29	00:25:42.245		1.34089			4
2025.09.29	00:26:00.375	1.33902				2
2025.09.29	00:26:24.337	1.33909				2
2025.09.29	00:26:42.622		1.34089			4
2025.09.29	00:26:46.527	1.33894	1.34093			6
2025.09.29	00:26:46.905	1.33900	1.34088			6
2025.09.29	00:26:48.595		1.34089			4
2025.09.29	00:27:00.627	1.33900				2
2025.09.29	00:27:33.562	1.33901	1.34077			6
2025.09.29	00:27:35.122	1.33895				2
2025.09.29	00:27:41.291	1.33896				2
2025.09.29	00:27:59.150	1.33900	1.34079			6
2025.09.29	00:28:00.074	1.33901				2
2025.09.29	00:28:03.462	1.33907	1.34074			6
2025.09.29	00:28:05.122		1.34075			4
2025.09.29	00:28:06.633		1.34074			4
2025.09.29	00:28:08.123		1.34075			4
2025.09.29	00:28:21.023		1.34074			4
2025.09.29	00:28:36.623		1.34073			4
2025.09.29	00:28:53.126		1.34072			4
2025.09.29	00:29:00.024	1.33907				2
2025.09.29	00:29:04.223	1.33898				2
2025.09.29	00:29:05.777		1.34071			4
2025.09.29	00:29:15.013		1.34072			4
2025.09.29	00:29:15.324	1.33899				2
2025.09.29	00:29:48.029	1.33902	1.34071			6
2025.09.29	00:29:57.291		1.34070			4
2025.09.29	00:30:00.072	1.33902				2
2025.09.29	00:30:00.378	1.33941	1.34086			6
2025.09.29	00:30:01.296		1.34087			4
2025.09.29	00:30:06.505	1.33942				2
2025.09.29	00:30:06.811	1.33943				2
2025.09.29	00:30:07.112	1.33944				2
2025.09.29	00:30:09.565	1.33945				2
2025.09.29	00:30:10.483	1.33938	1.34084			6
2025.09.29	00:30:10.784	1.33948	1.34087			6
2025.09.29	00:30:11.085	1.33949				2
2025.09.29	00:30:19.962	1.33950				2
2025.09.29	00:30:20.873	1.33942	1.34037			6
2025.09.29	00:30:25.153	1.33943				2
2025.09.29	00:30:31.900	1.33944				2
2025.09.29	00:30:37.408	1.33945				2
2025.09.29	00:30:44.803	1.33946				2
2025.09.29	00:30:52.457	1.33947				2
2025.09.29	00:31:00.097	1.33947				2
2025.09.29	00:31:00.707	1.33948				2
2025.09.29	00:31:07.740	1.33935				2
2025.09.29	00:31:08.363	1.33934				2
2025.09.29	00:31:09.592	1.33949				2
2025.09.29	00:31:12.372	1.33950				2
2025.09.29	00:31:16.382	1.33942				2
2025.09.29	00:31:16.685	1.33935				2
2025.09.29	00:31:19.157	1.33936				2
2025.09.29	00:31:20.994		1.34037			4
2025.09.29	00:31:22.539		1.34047			4
2025.09.29	00:31:25.012	1.33937				2
2025.09.29	00:31:27.174	1.33936				2
2025.09.29	00:31:27.477	1.33932				2
2025.09.29	00:31:27.787	1.33928				2
2025.09.29	00:31:28.402	1.33937				2
2025.09.29	00:31:29.019	1.33925				2
2025.09.29	00:31:29.631	1.33927				2
2025.09.29	00:31:29.946	1.33932				2
2025.09.29	00:31:30.250	1.33933				2
2025.09.29	00:31:30.559	1.33923				2
2025.09.29	00:31:30.869	1.33932				2
2025.09.29	00:31:31.171	1.33929				2
2025.09.29	00:31:31.481	1.33926				2
2025.09.29	00:31:32.097	1.33927				2
2025.09.29	00:31:32.714	1.33933				2
2025.09.29	00:31:33.023	1.33932				2
2025.09.29	00:31:33.329	1.33926				2
2025.09.29	00:31:33.939	1.33929				2
2025.09.29	00:31:34.556	1.33926				2
2025.09.29	00:31:34.869	1.33933				2
2025.09.29	00:31:35.487	1.33932				2
2025.09.29	00:31:35.795	1.33929				2
2025.09.29	00:31:36.104	1.33924				2
2025.09.29	00:31:36.725	1.33925				2
2025.09.29	00:31:41.347	1.33924				2
2025.09.29	00:31:41.655	1.33929				2
2025.09.29	00:31:41.961	1.33930				2
2025.09.29	00:31:42.274	1.33923				2
2025.09.29	00:31:42.578	1.33929				2
2025.09.29	00:31:46.898	1.33928				2
2025.09.29	00:31:47.207	1.33932				2
2025.09.29	00:31:47.516	1.33918				2
2025.09.29	00:31:48.753	1.33923				2
2025.09.29	00:31:49.056	1.33931				2
2025.09.29	00:31:49.364	1.33929				2
2025.09.29	00:31:52.142	1.33933				2
2025.09.29	00:31:52.450	1.33929				2
2025.09.29	00:31:54.926	1.33933				2
2025.09.29	00:31:55.533	1.33919				2
2025.09.29	00:31:58.935	1.33934				2
2025.09.29	00:32:00.163	1.33934				2
2025.09.29	00:32:05.097	1.33933				2
2025.09.29	00:32:05.410	1.33917				2
2025.09.29	00:32:06.029	1.33915				2
2025.09.29	00:32:12.494	1.33923				2
2025.09.29	00:32:12.800	1.33918				2
2025.09.29	00:32:22.637		1.34047			4
2025.09.29	00:33:00.226	1.33918				2
2025.09.29	00:33:10.099	1.33930				2
2025.09.29	00:33:10.408	1.33927				2
2025.09.29	00:33:10.717	1.33923				2
2025.09.29	00:33:12.263	1.33924				2
2025.09.29	00:33:19.044	1.33930				2
2025.09.29	00:33:19.353	1.33924				2
2025.09.29	00:33:20.276	1.33927				2
2025.09.29	00:33:20.579	1.33921				2
2025.09.29	00:33:20.883	1.33929				2
2025.09.29	00:33:21.187	1.33918				2
2025.09.29	00:33:21.808	1.33919				2
2025.09.29	00:33:22.115	1.33922				2
2025.09.29	00:33:22.734		1.34047			4
2025.09.29	00:33:28.908	1.33923				2
2025.09.29	00:33:32.590	1.33922				2
2025.09.29	00:34:00.027	1.33922				2
2025.09.29	00:34:14.186	1.33909	1.34040			6
2025.09.29	00:34:14.504		1.34041			4
2025.09.29	00:34:15.731	1.33914	1.34046			6
2025.09.29	00:34:16.040	1.33912	1.34044			6
2025.09.29	00:34:16.658	1.33914	1.34046			6
2025.09.29	00:34:25.601	1.33915				2
2025.09.29	00:34:42.884	1.33916				2
2025.09.29	00:35:00.162	1.33913	1.34042			6
2025.09.29	00:35:13.740	1.33915	1.34043			6
2025.09.29	00:35:15.286	1.33914				2
2025.09.29	00:35:16.832	1.33915				2
2025.09.29	00:35:18.372	1.33913	1.34042			6
2025.09.29	00:35:18.680	1.33916	1.34044			6
2025.09.29	00:35:19.301	1.33920	1.34047			6
2025.09.29	00:35:19.916	1.33916	1.34044			6
2025.09.29	00:35:20.225	1.33917	1.34045			6
2025.09.29	00:35:20.533	1.33915	1.34043			6
2025.09.29	00:35:21.151	1.33919	1.34047			6
2025.09.29	00:35:21.459	1.33917	1.34045			6
2025.09.29	00:35:22.085	1.33919	1.34047			6
2025.09.29	00:35:22.389	1.33915	1.34043			6
2025.09.29	00:35:22.698	1.33916				2
2025.09.29	00:35:23.003	1.33922	1.34047			6
2025.09.29	00:35:23.306	1.33917	1.34044			6
2025.09.29	00:35:23.622	1.33923	1.34047			6
2025.09.29	00:35:23.927	1.33918	1.34045			6
2025.09.29	00:35:24.237		1.34047			4
2025.09.29	00:35:24.544	1.33922				2
2025.09.29	00:35:24.859	1.33917				2
2025.09.29	00:35:25.170	1.33919	1.34045			6
2025.09.29	00:35:25.472	1.33918				2
2025.09.29	00:35:25.783	1.33920				2
2025.09.29	00:35:26.093		1.34046			4
2025.09.29	00:35:26.399	1.33918	1.34044			6
2025.09.29	00:35:26.706	1.33920	1.34045			6
2025.09.29	00:35:27.329	1.33918	1.34044			6
2025.09.29	00:35:27.934	1.33922	1.34047			6
2025.09.29	00:35:28.250	1.33918	1.34043			6
2025.09.29	00:35:28.554	1.33924	1.34047			6
2025.09.29	00:35:28.859	1.33920	1.34045			6
2025.09.29	00:35:29.167	1.33919	1.34044			6
2025.09.29	00:35:29.476	1.33923	1.34047			6
2025.09.29	00:35:29.779	1.33917	1.34042			6
2025.09.29	00:35:30.095	1.33923	1.34047			6
2025.09.29	00:35:30.401	1.33917	1.34042			6
2025.09.29	00:35:30.705	1.33922	1.34047			6
2025.09.29	00:35:31.010	1.33917	1.34042			6
2025.09.29	00:35:31.321		1.34044			4
2025.09.29	00:35:31.634	1.33921	1.34046			6
2025.09.29	00:35:31.941	1.33918	1.34043			6
2025.09.29	00:35:32.240		1.34042			4
2025.09.29	00:35:32.556	1.33923	1.34047			6
2025.09.29	00:35:32.860	1.33919	1.34043			6
2025.09.29	00:35:33.474	1.33922	1.34047			6
2025.09.29	00:35:33.788	1.33920	1.34044			6
2025.09.29	00:35:34.094	1.33923	1.34047			6
2025.09.29	00:35:34.396	1.33918	1.34040			6
2025.09.29	00:35:34.701	1.33922	1.34047			6
2025.09.29	00:35:35.002	1.33920	1.34044			6
2025.09.29	00:35:35.615	1.33918	1.34042			6
2025.09.29	00:35:35.916	1.33921	1.34045			6
2025.09.29	00:35:36.223		1.34039			4
2025.09.29	00:35:36.533	1.33916				2
2025.09.29	00:35:39.922	1.33922	1.34046			6
2025.09.29	00:35:40.231	1.33920	1.34044			6
2025.09.29	00:35:41.471		1.34043			4
2025.09.29	00:35:44.251		1.34044			4
2025.09.29	00:35:50.105	1.33924	1.34047			6
2025.09.29	00:35:50.408	1.33932				2
2025.09.29	00:35:50.715	1.33937				2
2025.09.29	00:35:51.017	1.33935				2
2025.09.29	00:35:52.882	1.33938				2
2025.09.29	00:35:56.884	1.33939				2
2025.09.29	00:36:00.275	1.33939				2
2025.09.29	00:36:00.890	1.33945	1.34046			6
2025.09.29	00:36:03.036		1.34047			4
2025.09.29	00:36:08.887	1.33950				2
2025.09.29	00:36:12.270	1.33951				2
2025.09.29	00:36:15.323	1.33955				2
2025.09.29	00:36:18.394	1.33956				2
2025.09.29	00:36:30.392	1.33957				2
2025.09.29	00:36:36.564	1.33958				2
2025.09.29	00:36:52.285	1.33959				2
2025.09.29	00:36:59.363	1.33956				2
2025.09.29	00:36:59.672	1.33957				2
2025.09.29	00:37:00.287	1.33957				2
2025.09.29	00:37:00.597	1.33956				2
2025.09.29	00:37:03.051		1.34047			4
2025.09.29	00:37:04.585	1.33959				2
2025.09.29	00:37:10.741	1.33961				2
2025.09.29	00:37:14.122	1.33962				2
2025.09.29	00:37:18.430	1.33963				2
2025.09.29	00:37:21.507	1.33962				2
2025.09.29	00:37:21.820	1.33961				2
2025.09.29	00:37:30.743	1.33962				2
2025.09.29	00:37:39.377	1.33964				2
2025.09.29	00:37:40.606	1.33965				2
2025.09.29	00:37:51.688	1.33963				2
2025.09.29	00:38:00.002	1.33963				2
2025.09.29	00:38:01.843	1.33967	1.34065			6
2025.09.29	00:38:03.078		1.34064			4
2025.09.29	00:38:05.859	1.33966				2
2025.09.29	00:38:10.777		1.34063			4
2025.09.29	00:38:11.086	1.33967				2
2025.09.29	00:38:12.019	1.33970	1.34067			6
2025.09.29	00:38:12.320	1.33971				2
2025.09.29	00:38:15.408		1.34066			4
2025.09.29	00:38:15.720	1.33970				2
2025.09.29	00:38:16.024	1.33967	1.34064			6
2025.09.29	00:38:16.948		1.34063			4
2025.09.29	00:38:20.956		1.34062			4
2025.09.29	00:38:21.568	1.33966				2
2025.09.29	00:38:23.412	1.33967				2
2025.09.29	00:38:31.104		1.34063			4
2025.09.29	00:38:32.335		1.34062			4
2025.09.29	00:38:35.411	1.33968				2
2025.09.29	00:38:35.721	1.33966				2
2025.09.29	00:38:40.343	1.33967				2
2025.09.29	00:38:41.275		1.34061			4
2025.09.29	00:38:45.911	1.33968				2
2025.09.29	00:38:46.521		1.34062			4
2025.09.29	00:38:50.529		1.34061			4
2025.09.29	00:38:50.835	1.33967				2
2025.09.29	00:38:59.122		1.34060			4
2025.09.29	00:39:00.052	1.33967				2
2025.09.29	00:39:00.357		1.34061			4
2025.09.29	00:39:19.459		1.34060			4
2025.09.29	00:39:20.390	1.33969	1.34061			6
2025.09.29	00:39:30.259	1.33968	1.34060			6
2025.09.29	00:39:34.259		1.34059			4
2025.09.29	00:40:00.125	1.33968				2
2025.09.29	00:40:00.434	1.33967				2
2025.09.29	00:40:00.742	1.33966	1.34057			6
2025.09.29	00:40:01.048		1.34058			4
2025.09.29	00:40:01.360	1.33967				2
2025.09.29	00:40:01.974		1.34057			4
2025.09.29	00:40:03.523	1.33968	1.34058			6
2025.09.29	00:40:04.439	1.33967				2
2025.09.29	00:40:10.910		1.34057			4
2025.09.29	00:40:20.473	1.33966				2
2025.09.29	00:40:22.925	1.33967				2
2025.09.29	00:40:26.306	1.33968	1.34058			6
2025.09.29	00:40:33.390		1.34057			4
2025.09.29	00:40:41.714	1.33963	1.34053			6
2025.09.29	00:40:44.186		1.34052			4
2025.09.29	00:40:51.898	1.33968	1.34057			6
2025.09.29	00:40:52.204	1.33964	1.34054			6
2025.09.29	00:40:52.822	1.33963				2
2025.09.29	00:40:53.130		1.34053			4
2025.09.29	00:41:00.235	1.33966	1.34055			6
2025.09.29	00:41:00.542	1.33967				2
2025.09.29	00:41:00.850		1.34056			4
2025.09.29	00:41:08.244	1.33966	1.34055			6
2025.09.29	00:41:13.177		1.34056			4
2025.09.29	00:41:20.886	1.33967				2
2025.09.29	00:41:23.358	1.33966	1.34055			6
2025.09.29	00:41:25.823	1.33964	1.34053			6
2025.09.29	00:41:26.137	1.33966	1.34055			6
2025.09.29	00:41:36.304	1.33965	1.34054			6
2025.09.29	00:41:36.606	1.33964	1.34053			6
2025.09.29	00:41:42.790	1.33965				2
2025.09.29	00:41:44.336	1.33966	1.34055			6
2025.09.29	00:41:54.527	1.33964	1.34054			6
2025.09.29	00:41:55.768	1.33965	1.34053			6
2025.09.29	00:42:00.086	1.33965				2
2025.09.29	00:42:01.010	1.33964				2
2025.09.29	00:42:03.481	1.33965				2
2025.09.29	00:42:06.565	1.33966	1.34055			6
2025.09.29	00:42:08.106		1.34054			4
2025.09.29	00:42:10.577		1.34055			4
2025.09.29	00:42:11.813		1.34054			4
2025.09.29	00:42:14.281	1.33965				2
2025.09.29	00:42:17.064	1.33966				2
2025.09.29	00:42:20.762	1.33965	1.34053			6
2025.09.29	00:42:21.998		1.34054			4
2025.09.29	00:42:23.537		1.34053			4
2025.09.29	00:42:24.462	1.33964				2
2025.09.29	00:42:32.157	1.33965				2
2025.09.29	00:42:33.697		1.34054			4
2025.09.29	00:42:34.934		1.34053			4
2025.09.29	00:42:57.758	1.33967	1.34055			6
2025.09.29	00:43:00.228	1.33967				2
2025.09.29	00:43:02.700	1.33970	1.34059			6
2025.09.29	00:43:03.628	1.33971				2
2025.09.29	00:43:04.544	1.33973	1.34062			6
2025.09.29	00:43:05.474	1.33972	1.34060			6
2025.09.29	00:43:06.701	1.33970	1.34058			6
2025.09.29	00:43:07.631	1.33968	1.34057			6
2025.09.29	00:43:08.552	1.33970	1.34059			6
2025.09.29	00:43:08.863		1.34058			4
2025.09.29	00:43:09.788	1.33969	1.34057			6
2025.09.29	00:43:10.093	1.33975	1.34068			6
2025.09.29	00:43:10.397	1.33976	1.34069			6
2025.09.29	00:43:16.576	1.33975				2
2025.09.29	00:43:17.499		1.34068			4
2025.09.29	00:43:18.117		1.34067			4
2025.09.29	00:43:18.420	1.33970	1.34063			6
2025.09.29	00:43:19.035	1.33969	1.34062			6
2025.09.29	00:43:20.897	1.33968	1.34060			6
2025.09.29	00:43:22.437	1.33969	1.34062			6
2025.09.29	00:43:23.677	1.33971	1.34063			6
2025.09.29	00:43:25.210	1.33972	1.34065			6
2025.09.29	00:43:25.835	1.33973	1.34066			6
2025.09.29	00:43:27.372	1.33974				2
2025.09.29	00:43:27.680		1.34068			4
2025.09.29	00:43:28.612	1.33973	1.34067			6
2025.09.29	00:43:30.154	1.33974	1.34068			6
2025.09.29	00:43:34.173	1.33979				2
2025.09.29	00:43:34.480		1.34069			4
2025.09.29	00:43:37.260		1.34068			4
2025.09.29	00:43:38.496	1.33975				2
2025.09.29	00:43:38.807		1.34069			4
2025.09.29	00:43:48.679	1.33973				2
2025.09.29	00:43:48.995		1.34068			4
2025.09.29	00:43:53.606	1.33975	1.34069			6
2025.09.29	00:44:00.065	1.33975				2
2025.09.29	00:44:00.374	1.33974				2
2025.09.29	00:44:00.676	1.33980				2
2025.09.29	00:44:03.755	1.33978				2
2025.09.29	00:44:04.678	1.33975	1.34071			6
2025.09.29	00:44:04.988	1.33983	1.34072			6
2025.09.29	00:44:05.297	1.33982				2
2025.09.29	00:44:05.914	1.33981				2
2025.09.29	00:44:08.686	1.33983				2
2025.09.29	00:44:10.536	1.33979	1.34071			6
2025.09.29	00:44:10.845	1.33980	1.34072			6
2025.09.29	00:44:11.151	1.33979	1.34071			6
2025.09.29	00:44:12.378	1.33982				2
2025.09.29	00:44:12.687	1.33979	1.34069			6
2025.09.29	00:44:12.997	1.33974				2
2025.09.29	00:44:13.305		1.34067			4
2025.09.29	00:44:13.612	1.33975	1.34068			6
2025.09.29	00:44:13.927	1.33974	1.34067			6
2025.09.29	00:44:14.236	1.33975				2
2025.09.29	00:44:14.547		1.34068			4
2025.09.29	00:44:14.861	1.33974	1.34067			6
2025.09.29	00:44:18.557		1.34068			4
2025.09.29	00:44:19.481		1.34067			4
2025.09.29	00:44:19.791		1.34068			4
2025.09.29	00:44:20.096	1.33973				2
2025.09.29	00:44:20.713	1.33974				2
2025.09.29	00:44:21.018	1.33973	1.34067			6
2025.09.29	00:44:21.326	1.33977	1.34065			6
2025.09.29	00:44:22.571		1.34067			4
2025.09.29	00:44:23.187		1.34066			4
2025.09.29	00:44:24.417		1.34067			4
2025.09.29	00:44:24.729		1.34066			4
2025.09.29	00:44:27.196		1.34067			4
2025.09.29	00:44:27.506		1.34066			4
2025.09.29	00:44:28.436		1.34065			4
2025.09.29	00:44:29.660		1.34066			4
2025.09.29	00:44:30.585	1.33978				2
2025.09.29	00:44:30.896	1.33977				2
2025.09.29	00:44:36.127	1.33974				2
2025.09.29	00:44:39.822	1.33975				2
2025.09.29	00:44:40.138	1.33974	1.34067			6
2025.09.29	00:44:40.443		1.34066			4
2025.09.29	00:44:41.372		1.34067			4
2025.09.29	00:44:41.978		1.34066			4
2025.09.29	00:44:42.290		1.34067			4
2025.09.29	00:44:42.903		1.34066			4
2025.09.29	00:44:44.136	1.33973				2
2025.09.29	00:44:45.062	1.33974	1.34067			6
2025.09.29	00:44:45.373		1.34066			4
2025.09.29	00:44:45.988		1.34067			4
2025.09.29	00:44:46.606	1.33973	1.34066			6
2025.09.29	00:44:47.217	1.33974	1.34067			6
2025.09.29	00:44:47.522	1.33973	1.34066			6
2025.09.29	00:44:48.757	1.33974				2
2025.09.29	00:44:49.691	1.33972				2
2025.09.29	00:44:52.169	1.33978				2
2025.09.29	00:44:52.476	1.33974				2
2025.09.29	00:44:53.091		1.34067			4
2025.09.29	00:44:53.710		1.34066			4
2025.09.29	00:44:54.639	1.33975	1.34068			6
2025.09.29	00:44:55.570	1.33974	1.34066			6
2025.09.29	00:44:56.488	1.33977				2
2025.09.29	00:44:57.417		1.34067			4
2025.09.29	00:44:57.720	1.33978	1.34066			6
2025.09.29	00:44:58.027		1.34067			4
2025.09.29	00:44:58.656	1.33977				2
2025.09.29	00:44:59.274		1.34066			4
2025.09.29	00:44:59.584	1.33978				2
2025.09.29	00:44:59.885	1.33977	1.34065			6
2025.09.29	00:45:00.197	1.33978	1.34066			6
2025.09.29	00:45:02.967		1.34082			4
2025.09.29	00:45:06.350	1.33977	1.34065			6
2025.09.29	00:45:08.502	1.33978				2
2025.09.29	00:45:10.709	1.33994	1.34049			6
2025.09.29	00:45:13.918	1.33993				2
2025.09.29	00:45:15.156	1.33994	1.34050			6
2025.09.29	00:45:15.457	1.33993	1.34049			6
2025.09.29	00:45:15.765	1.33994				2
2025.09.29	00:45:16.072		1.34050			4
2025.09.29	00:45:16.688	1.33993	1.34049			6
2025.09.29	00:45:16.996	1.33994	1.34050			6
2025.09.29	00:45:17.303	1.33990	1.34049			6
2025.09.29	00:45:17.615	1.33989	1.34050			6
2025.09.29	00:45:18.229		1.34049			4
2025.09.29	00:45:18.845		1.34050			4
2025.09.29	00:45:19.160		1.34049			4
2025.09.29	00:45:22.234		1.34050			4
2025.09.29	00:45:22.537		1.34049			4
2025.09.29	00:45:23.153		1.34050			4
2025.09.29	00:45:24.079		1.34049			4
2025.09.29	00:45:24.692	1.33990				2
2025.09.29	00:45:25.000	1.33989				2
2025.09.29	00:45:25.305		1.34050			4
2025.09.29	00:45:25.612	1.33990				2
2025.09.29	00:45:25.923		1.34049			4
2025.09.29	00:45:26.228	1.33989	1.34050			6
2025.09.29	00:45:26.843		1.34048			4
2025.09.29	00:45:30.536	1.33990	1.34047			6
2025.09.29	00:45:32.381	1.33989	1.34048			6
2025.09.29	00:45:32.693		1.34047			4
2025.09.29	00:45:34.538		1.34048			4
2025.09.29	00:45:35.774		1.34047			4
2025.09.29	00:45:36.700		1.34048			4
2025.09.29	00:45:37.930		1.34047			4
2025.09.29	00:45:39.159		1.34048			4
2025.09.29	00:45:39.469		1.34047			4
2025.09.29	00:45:40.083		1.34048			4
2025.09.29	00:45:40.393	1.33994	1.34047			6
2025.09.29	00:45:40.705	1.33992				2
2025.09.29	00:45:42.857	1.33993				2
2025.09.29	00:45:43.475		1.34048			4
2025.09.29	00:45:45.015	1.33992				2
2025.09.29	00:45:45.324		1.34047			4
2025.09.29	00:45:46.862	1.33993				2
2025.09.29	00:45:47.477	1.33992				2
2025.09.29	00:45:47.787	1.33993				2
2025.09.29	00:45:48.400	1.33992	1.34048			6
2025.09.29	00:45:48.703		1.34047			4
2025.09.29	00:45:49.625	1.33993	1.34048			6
2025.09.29	00:45:52.090	1.33989				2
2025.09.29	00:45:52.700	1.33990	1.34047			6
2025.09.29	00:45:53.312	1.33989	1.34048			6
2025.09.29	00:45:53.619		1.34047			4
2025.09.29	00:45:54.237	1.33990				2
2025.09.29	00:45:54.549	1.33989				2
2025.09.29	00:45:55.157	1.33990				2
2025.09.29	00:45:57.004		1.34046			4
2025.09.29	00:45:57.620		1.34047			4
2025.09.29	00:45:57.925	1.33991	1.34046			6
2025.09.29	00:46:00.088	1.33991				2
2025.09.29	00:46:00.391	1.33990	1.34045			6
2025.09.29	00:46:00.699		1.34046			4
2025.09.29	00:46:01.006		1.34045			4
2025.09.29	00:46:05.022	1.33989	1.34046			6
2025.09.29	00:46:05.332	1.33990				2
2025.09.29	00:46:06.251		1.34045			4
2025.09.29	00:46:07.485		1.34046			4
2025.09.29	00:46:09.020	1.33989				2
2025.09.29	00:46:09.638	1.33990				2
2025.09.29	00:46:09.938		1.34045			4
2025.09.29	00:46:13.022	1.33989	1.34044			6
2025.09.29	00:46:13.639		1.34045			4
2025.09.29	00:46:13.948	1.33988	1.34046			6
2025.09.29	00:46:14.562	1.33989	1.34045			6
2025.09.29	00:46:14.870	1.33990				2
2025.09.29	00:46:15.180	1.33991				2
2025.09.29	00:46:15.488	1.33989				2
2025.09.29	00:46:18.881		1.34047			4
2025.09.29	00:46:19.498	1.33990	1.34046			6
2025.09.29	00:46:22.587		1.34045			4
2025.09.29	00:46:22.899		1.34046			4
2025.09.29	00:46:23.519	1.33989	1.34045			6
2025.09.29	00:46:23.821	1.33990	1.34046			6
2025.09.29	00:46:24.132	1.33989				2
2025.09.29	00:46:25.675	1.33990				2
2025.09.29	00:46:25.981	1.33989				2
2025.09.29	00:46:26.598		1.34045			4
2025.09.29	00:46:27.523	1.33990	1.34046			6
2025.09.29	00:46:27.828	1.33989	1.34045			6
2025.09.29	00:46:28.136	1.33988				2
2025.09.29	00:46:31.527		1.34046			4
2025.09.29	00:46:32.452		1.34045			4
2025.09.29	00:46:37.403		1.34046			4
2025.09.29	00:46:38.325	1.33991				2
2025.09.29	00:46:38.633		1.34045			4
2025.09.29	00:46:39.557		1.34046			4
2025.09.29	00:46:40.171		1.34045			4
2025.09.29	00:46:46.959		1.34046			4
2025.09.29	00:46:48.195		1.34045			4
2025.09.29	00:46:49.438		1.34046			4
2025.09.29	00:46:50.358		1.34045			4
2025.09.29	00:46:52.212		1.34046			4
2025.09.29	00:46:52.519		1.34045			4
2025.09.29	00:46:52.834		1.34046			4
2025.09.29	00:46:54.067		1.34045			4
2025.09.29	00:46:55.302		1.34046			4
2025.09.29	00:46:57.159	1.33992				2
2025.09.29	00:46:57.473	1.33991				2
2025.09.29	00:46:58.094		1.34045			4
2025.09.29	00:47:00.251	1.33991				2
2025.09.29	00:47:02.098	1.33990				2
2025.09.29	00:47:03.026	1.33987	1.34059			6
2025.09.29	00:47:06.417	1.33989	1.34046			6
2025.09.29	00:47:07.347	1.33990	1.34045			6
2025.09.29	00:47:11.359	1.33989	1.34046			6
2025.09.29	00:47:12.596	1.33990	1.34045			6
2025.09.29	00:47:14.136	1.33989				2
2025.09.29	00:47:14.438		1.34046			4
2025.09.29	00:47:15.374	1.33990	1.34045			6
2025.09.29	00:47:21.849	1.33989	1.34046			6
2025.09.29	00:47:22.155	1.33990	1.34045			6
2025.09.29	00:47:24.619	1.33989	1.34046			6
2025.09.29	00:47:26.145	1.33990	1.34045			6
2025.09.29	00:47:32.317	1.33991	1.34044			6
2025.09.29	00:47:33.241	1.33992	1.34043			6
2025.09.29	00:47:35.397	1.33991	1.34044			6
2025.09.29	00:47:42.791	1.33990	1.34045			6
2025.09.29	00:47:43.098	1.33991	1.34044			6
2025.09.29	00:47:48.032	1.33992				2
2025.09.29	00:47:48.338		1.34043			4
2025.09.29	00:47:49.582	1.33991	1.34044			6
2025.09.29	00:47:52.054	1.33992	1.34043			6
2025.09.29	00:47:52.367	1.33991	1.34044			6
2025.09.29	00:47:57.937	1.33990				2
2025.09.29	00:47:58.239	1.33992	1.34043			6
2025.09.29	00:47:59.158	1.33991	1.34044			6
2025.09.29	00:47:59.777	1.33992	1.34043			6
2025.09.29	00:48:00.081	1.33992				2
2025.09.29	00:48:05.336	1.33991	1.34044			6
2025.09.29	00:48:08.724	1.33992	1.34043			6
2025.09.29	00:48:09.959	1.33991	1.34044			6
2025.09.29	00:48:13.652	1.33992	1.34043			6
2025.09.29	00:48:18.295	1.33991	1.34044			6
2025.09.29	00:48:20.780	1.33992	1.34043			6
2025.09.29	00:48:21.089	1.33991	1.34044			6
2025.09.29	00:48:23.557	1.33992	1.34043			6
2025.09.29	00:48:25.101	1.33991	1.34044			6
2025.09.29	00:48:25.717	1.33992	1.34043			6
2025.09.29	00:48:26.952	1.33991	1.34044			6
2025.09.29	00:48:27.563	1.33992	1.34043			6
2025.09.29	00:48:28.187	1.33991	1.34044			6
2025.09.29	00:48:30.037	1.33992	1.34043			6
2025.09.29	00:48:30.347	1.33991	1.34044			6
2025.09.29	00:48:31.581	1.33990	1.34045			6
2025.09.29	00:48:31.889	1.33991	1.34044			6
2025.09.29	00:48:38.368	1.33992	1.34043			6
2025.09.29	00:48:38.982	1.33991	1.34044			6
2025.09.29	00:48:43.918	1.33992	1.34043			6
2025.09.29	00:48:45.456	1.33991	1.34044			6
2025.09.29	00:48:46.075	1.33992	1.34043			6
2025.09.29	00:48:46.378	1.33991	1.34044			6
2025.09.29	00:48:55.924	1.33992				2
2025.09.29	00:48:56.228		1.34043			4
2025.09.29	00:48:56.853	1.33991	1.34044			6
2025.09.29	00:49:00.241	1.33991				2
2025.09.29	00:49:01.170	1.33992	1.34043			6
2025.09.29	00:49:06.416	1.33993	1.34044			6
2025.09.29	00:49:07.658		1.34045			4
2025.09.29	00:49:07.966	1.33994				2
2025.09.29	00:49:08.268		1.34046			4
2025.09.29	00:49:08.585		1.34045			4
2025.09.29	00:49:08.888	1.33993				2
2025.09.29	00:49:10.738	1.33992	1.34043			6
2025.09.29	00:49:35.403	1.33991	1.34044			6
2025.09.29	00:49:44.665	1.33993	1.34048			6
2025.09.29	00:49:45.896		1.34047			4
2025.09.29	00:49:50.206	1.33997	1.34051			6
2025.09.29	00:49:51.137		1.34052			4
2025.09.29	00:49:58.229	1.34000	1.34055			6
2025.09.29	00:49:58.544	1.33998	1.34053			6
2025.09.29	00:50:00.092	1.33998				2
2025.09.29	00:50:00.707	1.33997				2
2025.09.29	00:50:05.033	1.33993				2
2025.09.29	00:50:05.650	1.33994	1.34054			6
2025.09.29	00:50:05.957	1.33993	1.34053			6
2025.09.29	00:50:06.266	1.33994	1.34054			6
2025.09.29	00:50:06.572	1.33993	1.34053			6
2025.09.29	00:50:07.807	1.33994	1.34054			6
2025.09.29	00:50:08.118	1.33993				2
2025.09.29	00:50:08.423		1.34053			4
2025.09.29	00:50:09.968		1.34054			4
2025.09.29	00:50:10.277	1.34000				2
2025.09.29	00:50:10.583	1.33997				2
2025.09.29	00:50:12.441		1.34053			4
2025.09.29	00:50:16.136		1.34052			4
2025.09.29	00:50:17.680		1.34053			4
2025.09.29	00:50:18.298	1.33999				2
2025.09.29	00:50:20.447		1.34052			4
2025.09.29	00:50:40.789	1.34000				2
2025.09.29	00:50:41.097	1.33997				2
2025.09.29	00:50:43.250	1.33995				2
2025.09.29	00:50:46.340		1.34051			4
2025.09.29	00:50:48.190		1.34052			4
2025.09.29	00:50:50.347	1.33997				2
2025.09.29	00:50:50.971		1.34051			4
2025.09.29	00:50:58.677		1.34052			4
2025.09.29	00:51:00.223	1.33997				2
2025.09.29	00:51:01.454		1.34051			4
2025.09.29	00:51:03.612	1.33993				2
2025.09.29	00:51:04.538	1.33992				2
2025.09.29	00:51:08.249		1.34050			4
2025.09.29	00:51:18.744	1.33996				2
2025.09.29	00:51:27.692		1.34051			4
2025.09.29	00:51:28.918	1.33995				2
2025.09.29	00:51:30.465	1.33994	1.34050			6
2025.09.29	00:51:38.165		1.34049			4
2025.09.29	00:51:41.251	1.33995				2
2025.09.29	00:51:49.258		1.34050			4
2025.09.29	00:51:54.805	1.33996				2
2025.09.29	00:51:55.115	1.33994				2
2025.09.29	00:52:00.051	1.33994				2
2025.09.29	00:52:08.078		1.34049			4
2025.09.29	00:52:15.469	1.33995	1.34050			6
2025.09.29	00:52:17.628		1.34049			4
2025.09.29	00:52:19.790		1.34050			4
2025.09.29	00:52:21.018	1.33993				2
2025.09.29	00:52:22.255		1.34049			4
2025.09.29	00:52:28.417	1.33992				2
2025.09.29	00:52:29.037	1.33993	1.34050			6
2025.09.29	00:52:30.278		1.34049			4
2025.09.29	00:52:33.975	1.33995				2
2025.09.29	00:52:34.285	1.33993				2
2025.09.29	00:52:34.902		1.34050			4
2025.09.29	00:52:36.142		1.34049			4
2025.09.29	00:52:38.296		1.34050			4
2025.09.29	00:52:39.218		1.34051			4
2025.09.29	00:52:40.450		1.34050			4
2025.09.29	00:52:41.686		1.34051			4
2025.09.29	00:52:42.302		1.34050			4
2025.09.29	00:52:47.241	1.33995				2
2025.09.29	00:52:47.551	1.33994				2
2025.09.29	00:52:52.489	1.33993				2
2025.09.29	00:52:54.648	1.33995				2
2025.09.29	00:52:59.274		1.34049			4
2025.09.29	00:53:00.199	1.33995				2
2025.09.29	00:53:00.813	1.33993	1.34050			6
2025.09.29	00:53:02.355		1.34049			4
2025.09.29	00:53:06.988		1.34050			4
2025.09.29	00:53:07.603		1.34051			4
2025.09.29	00:53:08.539		1.34050			4
2025.09.29	00:53:09.157		1.34051			4
2025.09.29	00:53:09.776		1.34050			4
2025.09.29	00:53:13.169		1.34051			4
2025.09.29	00:53:13.790	1.33994	1.34049			6
2025.09.29	00:53:15.025	1.33993				2
2025.09.29	00:53:24.595	1.33994				2
2025.09.29	00:53:25.205	1.33993				2
2025.09.29	00:53:25.518		1.34048			4
2025.09.29	00:53:26.754	1.33995	1.34049			6
2025.09.29	00:53:29.534	1.33994	1.34048			6
2025.09.29	00:53:30.451	1.33995	1.34049			6
2025.09.29	00:53:34.780	1.33996	1.34050			6
2025.09.29	00:53:35.402	1.33994	1.34049			6
2025.09.29	00:53:36.943		1.34048			4
2025.09.29	00:53:40.025	1.33995	1.34049			6
2025.09.29	00:53:41.259	1.33994				2
2025.09.29	00:53:42.799		1.34048			4
2025.09.29	00:53:45.573	1.33995	1.34049			6
2025.09.29	00:53:45.881	1.33994	1.34048			6
2025.09.29	00:53:46.805		1.34049			4
2025.09.29	00:53:48.347		1.34048			4
2025.09.29	00:53:49.582		1.34049			4
2025.09.29	00:53:52.680		1.34048			4
2025.09.29	00:53:52.990	1.33992				2
2025.09.29	00:53:53.298	1.33989				2
2025.09.29	00:53:57.313		1.34049			4
2025.09.29	00:53:57.624		1.34048			4
2025.09.29	00:54:00.090	1.33989	1.34049			6
2025.09.29	00:54:01.330		1.34048			4
2025.09.29	00:54:01.942	1.33990	1.34049			6
2025.09.29	00:54:03.796	1.33989	1.34048			6
2025.09.29	00:54:04.414	1.33990				2
2025.09.29	00:54:04.731	1.33989				2
2025.09.29	00:54:05.035	1.33990				2
2025.09.29	00:54:05.345	1.33989				2
2025.09.29	00:54:06.581	1.33990				2
2025.09.29	00:54:06.893	1.33989				2
2025.09.29	00:54:07.195	1.33990				2
2025.09.29	00:54:07.505	1.33989				2
2025.09.29	00:54:07.812		1.34047			4
2025.09.29	00:54:08.740		1.34048			4
2025.09.29	00:54:09.365		1.34047			4
2025.09.29	00:54:10.902		1.34048			4
2025.09.29	00:54:12.459		1.34047			4
2025.09.29	00:54:13.383		1.34048			4
2025.09.29	00:54:13.690	1.33990				2
2025.09.29	00:54:14.003	1.33989				2
2025.09.29	00:54:15.238		1.34047			4
2025.09.29	00:54:24.816		1.34048			4
2025.09.29	00:54:27.902	1.33987	1.34049			6
2025.09.29	00:54:28.213	1.33986				2
2025.09.29	00:54:29.124	1.33987	1.34048			6
2025.09.29	00:54:29.750	1.33988	1.34047			6
2025.09.29	00:54:30.368	1.33987	1.34048			6
2025.09.29	00:54:31.296	1.33988	1.34047			6
2025.09.29	00:54:38.398	1.33991				2
2025.09.29	00:54:38.706	1.33988				2
2025.09.29	00:54:42.415	1.33989				2
2025.09.29	00:54:42.729	1.33988	1.34048			6
2025.09.29	00:54:43.654	1.33987				2
2025.09.29	00:54:44.590	1.33988	1.34049			6
2025.09.29	00:54:45.198	1.33987				2
2025.09.29	00:54:46.128		1.34048			4
2025.09.29	00:54:48.289	1.33988	1.34047			6
2025.09.29	00:54:48.899	1.33987	1.34048			6
2025.09.29	00:54:49.213	1.33988	1.34047			6
2025.09.29	00:54:52.604	1.33987	1.34048			6
2025.09.29	00:54:53.845	1.33988	1.34049			6
2025.09.29	00:54:55.079	1.33987	1.34050			6
2025.09.29	00:54:56.314	1.33988				2
2025.09.29	00:55:00.010	1.33988				2
2025.09.29	00:55:00.620		1.34051			4
2025.09.29	00:55:10.182	1.33989	1.34052			6
2025.09.29	00:55:14.189	1.33994				2
2025.09.29	00:55:15.736	1.33995				2
2025.09.29	00:55:17.884	1.33994				2
2025.09.29	00:55:19.736	1.33995	1.34053			6
2025.09.29	00:55:20.353	1.33994				2
2025.09.29	00:55:27.423	1.33998				2
2025.09.29	00:55:27.734	1.33989				2
2025.09.29	00:55:34.532	1.33999	1.34056			6
2025.09.29	00:55:35.763	1.34003				2
2025.09.29	00:55:38.537	1.34002				2
2025.09.29	00:55:40.075	1.34003				2
2025.09.29	00:55:42.534	1.34002	1.34055			6
2025.09.29	00:55:43.156		1.34056			4
2025.09.29	00:55:45.614	1.34001	1.34055			6
2025.09.29	00:55:45.919	1.34002	1.34056			6
2025.09.29	00:55:53.633	1.34001	1.34057			6
2025.09.29	00:55:53.938	1.34000				2
2025.09.29	00:55:55.485	1.34003				2
2025.09.29	00:56:00.106	1.34003				2
2025.09.29	00:56:04.420	1.34002				2
2025.09.29	00:56:05.647		1.34058			4
2025.09.29	00:56:06.875		1.34057			4
2025.09.29	00:56:08.419	1.34004	1.34058			6
2025.09.29	00:56:08.723	1.34000				2
2025.09.29	00:56:10.278	1.34003				2
2025.09.29	00:56:11.208	1.34002				2
2025.09.29	00:56:18.921	1.34003	1.34057			6
2025.09.29	00:56:21.078	1.34004	1.34058			6
2025.09.29	00:56:23.842	1.33998				2
2025.09.29	00:56:24.458		1.34057			4
2025.09.29	00:56:25.377		1.34058			4
2025.09.29	00:56:27.529		1.34057			4
2025.09.29	00:56:29.075		1.34058			4
2025.09.29	00:56:29.690		1.34057			4
2025.09.29	00:56:30.309		1.34058			4
2025.09.29	00:56:30.927	1.34003				2
2025.09.29	00:56:31.232		1.34057			4
2025.09.29	00:56:32.144	1.34001	1.34056			6
2025.09.29	00:56:32.449	1.33999	1.34054			6
2025.09.29	00:56:34.605		1.34055			4
2025.09.29	00:56:36.453	1.33998				2
2025.09.29	00:56:36.760	1.34003	1.34057			6
2025.09.29	00:56:37.384	1.34001				2
2025.09.29	00:56:40.158	1.34002				2
2025.09.29	00:56:44.159	1.34001				2
2025.09.29	00:56:46.929	1.34002				2
2025.09.29	00:56:50.013	1.34003				2
2025.09.29	00:56:51.863	1.34002				2
2025.09.29	00:56:54.934	1.34003				2
2025.09.29	00:57:00.160	1.34003				2
2025.09.29	00:57:00.780	1.34002				2
2025.09.29	00:57:02.006	1.34003				2
2025.09.29	00:57:02.620		1.34058			4
2025.09.29	00:57:06.618	1.34002				2
2025.09.29	00:57:07.232		1.34057			4
2025.09.29	00:57:08.160	1.34003				2
2025.09.29	00:57:16.790		1.34058			4
2025.09.29	00:57:19.548	1.33998				2
2025.09.29	00:57:22.007	1.34003				2
2025.09.29	00:57:22.316	1.34002				2
2025.09.29	00:57:32.158	1.34003				2
2025.09.29	00:57:33.698	1.34004				2
2025.09.29	00:57:36.789	1.34003				2
2025.09.29	00:57:47.276	1.34004				2
2025.09.29	00:57:47.891	1.34003				2
2025.09.29	00:57:48.208	1.34004				2
2025.09.29	00:57:51.900	1.34003				2
2025.09.29	00:58:00.226	1.34002				2
2025.09.29	00:58:00.845		1.34057			4
2025.09.29	00:58:01.772	1.34001				2
2025.09.29	00:58:02.081	1.34003				2
2025.09.29	00:58:03.630		1.34058			4
2025.09.29	00:58:06.404	1.34002				2
2025.09.29	00:58:08.569	1.33999	1.34057			6
2025.09.29	00:58:14.437	1.34000				2
2025.09.29	00:58:15.362	1.33998	1.34055			6
2025.09.29	00:58:38.488	1.33996	1.34056			6
2025.09.29	00:58:39.412	1.33995	1.34055			6
2025.09.29	00:58:52.054	1.33996	1.34057			6
2025.09.29	00:58:52.366	1.33995				2
2025.09.29	00:58:53.289	1.33996				2
2025.09.29	00:58:53.592	1.33995				2
2025.09.29	00:59:00.055	1.33995				2
2025.09.29	00:59:04.684	1.33996				2
2025.09.29	00:59:05.300	1.33995				2
2025.09.29	00:59:07.772	1.33996				2
2025.09.29	00:59:08.390	1.33995				2
2025.09.29	00:59:08.705	1.33996				2
2025.09.29	00:59:10.239	1.34002				2
2025.09.29	00:59:13.944	1.34001				2
2025.09.29	00:59:24.432	1.33952	1.34074			6
2025.09.29	00:59:24.732	1.33946	1.34082			6
2025.09.29	00:59:25.047		1.34089			4
2025.09.29	00:59:25.352		1.34084			4
2025.09.29	00:59:25.665	1.33945	1.34086			6
2025.09.29	00:59:25.975	1.33948	1.34091			6
2025.09.29	00:59:26.275	1.33946	1.34085			6
2025.09.29	00:59:26.590		1.34086			4
2025.09.29	00:59:26.894	1.33945	1.34087			6
2025.09.29	00:59:27.198	1.33949	1.34092			6
2025.09.29	00:59:27.507		1.34088			4
2025.09.29	00:59:27.814	1.33946	1.34089			6
2025.09.29	00:59:28.125	1.33947	1.34094			6
2025.09.29	00:59:28.426	1.33972	1.34111			6
2025.09.29	00:59:28.729	1.33979	1.34118			6
2025.09.29	00:59:29.038	1.33980	1.34116			6
2025.09.29	00:59:29.343	1.33981	1.34117			6
2025.09.29	00:59:29.664		1.34115			4
2025.09.29	00:59:30.275	1.33982				2
2025.09.29	00:59:30.580	1.33984	1.34119			6
2025.09.29	00:59:30.899	1.33974	1.34104			6
2025.09.29	00:59:31.516	1.33977				2
2025.09.29	00:59:31.834	1.33974	1.34105			6
2025.09.29	00:59:32.137	1.33975				2
2025.09.29	00:59:32.449	1.33978	1.34104			6
2025.09.29	00:59:32.752	1.33980	1.34103			6
2025.09.29	00:59:33.065	1.33976	1.34105			6
2025.09.29	00:59:33.369	1.33979				2
2025.09.29	00:59:33.682	1.33980	1.34106			6
2025.09.29	00:59:33.989	1.33974	1.34104			6
2025.09.29	00:59:34.298	1.33979	1.34106			6
2025.09.29	00:59:34.606	1.33974				2
2025.09.29	00:59:35.227	1.33980	1.34105			6
2025.09.29	00:59:35.529		1.34106			4
2025.09.29	00:59:35.836	1.33978				2
2025.09.29	00:59:36.151	1.33974				2
2025.09.29	00:59:36.772	1.33975				2
2025.09.29	00:59:39.849	1.33976				2
2025.09.29	00:59:40.774	1.33975				2
2025.09.29	00:59:41.078	1.33974				2
2025.09.29	00:59:41.380	1.33973				2
2025.09.29	00:59:42.925	1.33974				2
2025.09.29	00:59:43.233	1.33973	1.34105			6
2025.09.29	00:59:44.465		1.34104			4
2025.09.29	00:59:46.617		1.34103			4
2025.09.29	00:59:51.229		1.34102			4
2025.09.29	00:59:55.537		1.34101			4
2025.09.29	00:59:59.869		1.34100			4
2025.09.29	01:00:00.177	1.33975	1.34104			6
2025.09.29	01:00:00.480	1.33996	1.34096			6
2025.09.29	01:00:00.785	1.34015	1.34105			6
2025.09.29	01:00:01.095	1.34017	1.34093			6
2025.09.29	01:00:01.399	1.34015	1.34077			6
2025.09.29	01:00:01.701		1.34080			4
2025.09.29	01:00:02.005		1.34070			4
2025.09.29	01:00:02.615	1.34013	1.34072			6
2025.09.29	01:00:02.926	1.34015	1.34070			6
2025.09.29	01:00:03.231	1.34013	1.34072			6
2025.09.29	01:00:03.544	1.34005				2
2025.09.29	01:00:03.846		1.34075			4
2025.09.29	01:00:04.154	1.34004	1.34074			6
2025.09.29	01:00:04.460	1.34007				2
2025.09.29	01:00:04.771	1.34013	1.34079			6
2025.09.29	01:00:05.080		1.34080			4
2025.09.29	01:00:05.391	1.34015				2
2025.09.29	01:00:06.312	1.34011				2
2025.09.29	01:00:06.615	1.34009	1.34077			6
2025.09.29	01:00:07.528	1.34014	1.34080			6
2025.09.29	01:00:07.831	1.34016	1.34078			6
2025.09.29	01:00:08.440		1.34080			4
2025.09.29	01:00:09.664	1.34015	1.34079			6
2025.09.29	01:00:10.577	1.34016	1.34078			6
2025.09.29	01:00:14.856	1.34015				2
2025.09.29	01:00:15.163		1.34077			4
2025.09.29	01:00:15.470		1.34079			4
2025.09.29	01:00:15.777	1.34016				2
2025.09.29	01:00:16.691		1.34077			4
2025.09.29	01:00:17.920	1.34012	1.34079			6
2025.09.29	01:00:18.223	1.34011	1.34077			6
2025.09.29	01:00:19.442		1.34074			4
2025.09.29	01:00:19.744		1.34075			4
2025.09.29	01:00:20.047		1.34074			4
2025.09.29	01:00:20.352		1.34075			4
2025.09.29	01:00:20.657		1.34074			4
2025.09.29	01:00:20.958	1.34010				2
2025.09.29	01:00:21.262	1.34009	1.34075			6
2025.09.29	01:00:21.564	1.34010	1.34074			6
2025.09.29	01:00:21.871		1.34075			4
2025.09.29	01:00:22.485	1.34009				2
2025.09.29	01:00:22.789	1.34010	1.34065			6
2025.09.29	01:00:23.093		1.34066			4
2025.09.29	01:00:23.704	1.34020	1.34043			6
2025.09.29	01:00:24.006	1.34021				2
2025.09.29	01:00:24.312	1.34022				2
2025.09.29	01:00:25.532		1.34042			4
2025.09.29	01:00:26.142	1.34019				2
2025.09.29	01:00:27.371	1.34020				2
2025.09.29	01:00:30.133	1.34014	1.34033			6
2025.09.29	01:00:30.442	1.34010				2
2025.09.29	01:00:31.060	1.34011				2
2025.09.29	01:00:31.365	1.34010				2
2025.09.29	01:00:31.975	1.34009				2
2025.09.29	01:00:32.280	1.34010				2
2025.09.29	01:00:32.582	1.34028	1.34049			6
2025.09.29	01:00:32.884	1.34029	1.34038			6
2025.09.29	01:00:33.190	1.34028	1.34041			6
2025.09.29	01:00:33.497	1.34020	1.34039			6
2025.09.29	01:00:33.805	1.34013	1.34031			6
2025.09.29	01:00:34.412	1.34010				2
2025.09.29	01:00:36.856		1.34027			4
2025.09.29	01:00:37.158	1.34016				2
2025.09.29	01:00:37.771	1.34010	1.34032			6
2025.09.29	01:00:39.297		1.34036			4
2025.09.29	01:00:39.602		1.34034			4
2025.09.29	01:00:40.521	1.34014	1.34030			6
2025.09.29	01:00:40.825	1.34026	1.34031			6
2025.09.29	01:00:41.132	1.34027	1.34040			6
2025.09.29	01:00:41.439		1.34045			4
2025.09.29	01:00:45.096	1.34029				2
2025.09.29	01:00:46.008	1.34035	1.34038			6
2025.09.29	01:00:46.619	1.34031	1.34034			6
2025.09.29	01:00:48.143	1.34019	1.34048			6
2025.09.29	01:00:48.444	1.34021				2
2025.09.29	01:00:51.509		1.34047			4
2025.09.29	01:00:55.500		1.34042			4
2025.09.29	01:00:55.807	1.34028	1.34031			6
2025.09.29	01:00:56.416	1.34021	1.34048			6
2025.09.29	01:00:57.030	1.34032	1.34035			6
2025.09.29	01:00:57.343	1.34027	1.34030			6
2025.09.29	01:00:58.265	1.34026	1.34029			6
2025.09.29	01:00:58.873	1.34027	1.34030			6
2025.09.29	01:01:00.103	1.34023	1.34026			6
2025.09.29	01:01:00.405	1.34016	1.34019			6
2025.09.29	01:01:01.014	1.34015	1.34018			6
2025.09.29	01:01:01.317	1.34013	1.34019			6
2025.09.29	01:01:01.626	1.34012	1.34018			6
2025.09.29	01:01:02.235		1.34017			4
2025.09.29	01:01:02.852	1.34013	1.34018			6
2025.09.29	01:01:03.157		1.34017			4
2025.09.29	01:01:04.079	1.34014				2
2025.09.29	01:01:05.308	1.34006	1.34009			6
2025.09.29	01:01:06.225	1.34005				2
2025.09.29	01:01:06.846	1.34007	1.34011			6
2025.09.29	01:01:07.155	1.34008				2
2025.09.29	01:01:09.923	1.34018	1.34021			6
2025.09.29	01:01:10.228	1.34017	1.34025			6
2025.09.29	01:01:10.538	1.34016	1.34024			6
2025.09.29	01:01:11.144	1.34017	1.34023			6
2025.09.29	01:01:11.447	1.34018	1.34024			6
2025.09.29	01:01:12.378	1.34019				2
2025.09.29	01:01:12.994	1.34021	1.34026			6
2025.09.29	01:01:13.299		1.34025			4
2025.09.29	01:01:13.602	1.34027	1.34031			6
2025.09.29	01:01:13.912	1.34030	1.34034			6
2025.09.29	01:01:14.220	1.34026	1.34033			6
2025.09.29	01:01:15.745	1.34027	1.34034			6
2025.09.29	01:01:16.356		1.34032			4
2025.09.29	01:01:17.281		1.34031			4
2025.09.29	01:01:18.193	1.34028				2
2025.09.29	01:01:18.803	1.34019	1.34022			6
2025.09.29	01:01:19.114	1.34016	1.34024			6
2025.09.29	01:01:20.328	1.34018				2
2025.09.29	01:01:21.249	1.34019	1.34023			6
2025.09.29	01:01:22.166	1.34020				2
2025.09.29	01:01:23.995	1.34019	1.34022			6
2025.09.29	01:01:26.464	1.34018	1.34021			6
2025.09.29	01:01:26.766	1.34017	1.34020			6
2025.09.29	01:01:29.842	1.34018	1.34021			6
2025.09.29	01:01:34.755	1.34017	1.34020			6
2025.09.29	01:01:35.665	1.34018	1.34021			6
2025.09.29	01:01:37.203	1.34017	1.34020			6
2025.09.29	01:01:40.569	1.34018	1.34021			6
2025.09.29	01:01:49.445	1.34012	1.34015			6
2025.09.29	01:01:50.360	1.34010	1.34013			6
2025.09.29	01:01:50.969	1.34016	1.34019			6
2025.09.29	01:01:55.240	1.34014	1.34017			6
2025.09.29	01:01:55.541	1.34015	1.34018			6
2025.09.29	01:01:56.457	1.34016	1.34019			6
2025.09.29	01:01:59.826	1.34011	1.34014			6
2025.09.29	01:02:00.133	1.34011				2
2025.09.29	01:02:03.516	1.34008	1.34011			6
2025.09.29	01:02:03.822	1.34010	1.34013			6
2025.09.29	01:02:04.738	1.34011	1.34014			6
2025.09.29	01:02:05.051	1.34010	1.34013			6
2025.09.29	01:02:13.312	1.34009	1.34012			6
2025.09.29	01:02:13.619	1.34007	1.34010			6
2025.09.29	01:02:14.226	1.34012	1.34015			6
2025.09.29	01:02:19.740	1.34001	1.34004			6
2025.09.29	01:02:20.351	1.33997	1.34008			6
2025.09.29	01:02:21.268		1.34007			4
2025.09.29	01:02:22.188	1.33998				2
2025.09.29	01:02:23.119		1.34006			4
2025.09.29	01:02:24.345	1.33999				2
2025.09.29	01:02:24.647	1.33997	1.34004			6
2025.09.29	01:02:25.561	1.33999	1.34006			6
2025.09.29	01:02:26.180		1.34005			4
2025.09.29	01:02:28.010	1.34001	1.34007			6
2025.09.29	01:02:28.322	1.34002				2
2025.09.29	01:02:30.163		1.34006			4
2025.09.29	01:02:31.392	1.34003	1.34007			6
2025.09.29	01:02:32.309	1.34004				2
2025.09.29	01:02:33.536	1.34003	1.34006			6
2025.09.29	01:02:34.452	1.34002	1.34005			6
2025.09.29	01:02:35.980	1.34003	1.34006			6
2025.09.29	01:03:00.202	1.34003				2
2025.09.29	01:03:11.508	1.34004	1.34007			6
2025.09.29	01:03:12.429	1.34003	1.34006			6
2025.09.29	01:03:17.330	1.34002	1.34005			6
2025.09.29	01:03:31.388	1.34000	1.34003			6
2025.09.29	01:03:32.301	1.33999	1.34002			6
2025.09.29	01:03:38.408	1.33998	1.34001			6
2025.09.29	01:03:44.246	1.33999	1.34002			6
2025.09.29	01:03:45.165	1.33998	1.34001			6
2025.09.29	01:03:46.397	1.33999	1.34002			6
2025.09.29	01:03:49.466	1.33998	1.34001			6
2025.09.29	01:03:50.689	1.33999	1.34002			6
2025.09.29	01:03:53.447	1.33997	1.34000			6
2025.09.29	01:03:59.914	1.33996	1.33999			6
2025.09.29	01:04:00.215	1.33996				2
2025.09.29	01:04:00.520	1.33997	1.34000			6
2025.09.29	01:04:03.277	1.33998	1.34001			6
2025.09.29	01:04:08.190	1.33999	1.34002			6
2025.09.29	01:04:09.727	1.33998	1.34001			6
2025.09.29	01:04:10.953	1.33999	1.34002			6
2025.09.29	01:04:48.610	1.33997	1.34000			6
2025.09.29	01:04:49.229	1.33996				2
2025.09.29	01:04:50.162	1.33997	1.34001			6
2025.09.29	01:04:50.468	1.33998	1.34002			6
2025.09.29	01:04:51.397	1.33996	1.34004			6
2025.09.29	01:04:53.248	1.33997				2
2025.09.29	01:04:54.170		1.34003			4
2025.09.29	01:04:55.101	1.33998				2
2025.09.29	01:04:57.263		1.34002			4
2025.09.29	01:04:59.108	1.33999				2
2025.09.29	01:05:00.021	1.33999				2
2025.09.29	01:05:07.399	1.33997	1.34000			6
2025.09.29	01:05:07.702	1.33996	1.33999			6
2025.09.29	01:05:08.316	1.33991	1.34003			6
2025.09.29	01:05:11.097	1.33992				2
2025.09.29	01:05:12.337		1.34002			4
2025.09.29	01:05:12.946	1.33993	1.34003			6
2025.09.29	01:05:13.251	1.33994				2
2025.09.29	01:05:14.795	1.33993	1.34002			6
2025.09.29	01:05:15.109	1.33994	1.34001			6
2025.09.29	01:05:16.338		1.34000			4
2025.09.29	01:05:17.278	1.33995				2
2025.09.29	01:05:19.124		1.33999			4
2025.09.29	01:05:20.344	1.33996				2
2025.09.29	01:05:24.643	1.33995	1.33998			6
2025.09.29	01:05:29.863	1.33994	1.33997			6
2025.09.29	01:05:34.465	1.33995	1.33998			6
2025.09.29	01:05:39.348	1.33996	1.33999			6
2025.09.29	01:05:40.272	1.33995				2
2025.09.29	01:05:43.355	1.33996				2
2025.09.29	01:05:47.961	1.33995	1.33998			6
2025.09.29	01:05:51.012	1.33996	1.33999			6
2025.09.29	01:05:52.220	1.33990				2
2025.09.29	01:05:53.140	1.33988	1.34000			6
2025.09.29	01:05:56.552	1.33989	1.34001			6
2025.09.29	01:05:56.859	1.33990	1.34002			6
2025.09.29	01:05:58.097	1.33991	1.34003			6
2025.09.29	01:06:00.287	1.33992				2
2025.09.29	01:06:01.223		1.34002			4
2025.09.29	01:06:02.147	1.33993				2
2025.09.29	01:06:03.382	1.33994	1.34001			6
2025.09.29	01:06:04.308		1.34000			4
2025.09.29	01:06:05.231	1.33995	1.33999			6
2025.09.29	01:06:08.289	1.33996				2
2025.09.29	01:06:30.369	1.33992	1.33995			6
2025.09.29	01:06:30.672	1.33995	1.33998			6
2025.09.29	01:06:30.978	1.33996	1.33999			6
2025.09.29	01:06:55.798	1.33997	1.34000			6
2025.09.29	01:07:00.070	1.33996	1.33999			6
2025.09.29	01:07:01.601	1.33997	1.34000			6
2025.09.29	01:07:30.135	1.33998	1.34001			6
2025.09.29	01:07:31.365	1.33997	1.34000			6
2025.09.29	01:07:32.289	1.33996				2
2025.09.29	01:07:33.214	1.33997				2
2025.09.29	01:07:37.512	1.33998	1.34001			6
2025.09.29	01:07:38.132	1.33997				2
2025.09.29	01:07:39.056	1.33996	1.34000			6
2025.09.29	01:07:39.360	1.33997				2
2025.09.29	01:07:40.289	1.33996	1.34001			6
2025.09.29	01:07:41.209		1.34000			4
2025.09.29	01:07:44.282	1.33997				2
2025.09.29	01:07:46.433	1.33998	1.34001			6
2025.09.29	01:07:47.353	1.33997				2
2025.09.29	01:07:49.197	1.33998				2
2025.09.29	01:07:52.258	1.33997	1.34000			6
2025.09.29	01:07:53.181	1.33996				2
2025.09.29	01:07:55.327	1.33998	1.34001			6
2025.09.29	01:07:56.246	1.33997	1.34002			6
2025.09.29	01:07:58.096		1.34001			4
2025.09.29	01:08:00.246	1.33998				2
2025.09.29	01:08:02.723	1.33997	1.34000			6
2025.09.29	01:08:03.335	1.33996				2
2025.09.29	01:08:03.958	1.34002	1.34006			6
2025.09.29	01:08:04.262	1.34003	1.34007			6
2025.09.29	01:08:05.200	1.33999	1.34011			6
2025.09.29	01:08:10.148	1.34000				2
2025.09.29	01:08:11.080	1.33998	1.34009			6
2025.09.29	01:08:12.317		1.34008			4
2025.09.29	01:08:13.249	1.33999				2
2025.09.29	01:08:13.863	1.34000	1.34009			6
2025.09.29	01:08:14.172		1.34008			4
2025.09.29	01:08:15.098	1.34001				2
2025.09.29	01:08:16.338		1.34007			4
2025.09.29	01:08:17.261	1.34004	1.34009			6
2025.09.29	01:08:18.177	1.34003				2
2025.09.29	01:08:19.097	1.34004				2
2025.09.29	01:08:20.326		1.34008			4
2025.09.29	01:08:23.082	1.34005				2
2025.09.29	01:08:24.920	1.34006	1.34009			6
2025.09.29	01:08:36.553	1.34002	1.34005			6
2025.09.29	01:08:37.168	1.34000	1.34007			6
2025.09.29	01:08:38.099		1.34006			4
2025.09.29	01:08:39.338	1.34002	1.34007			6
2025.09.29	01:08:42.115		1.34006			4
2025.09.29	01:08:44.272	1.34003				2
2025.09.29	01:08:48.235	1.34004	1.34007			6
2025.09.29	01:08:54.364	1.34006	1.34009			6
2025.09.29	01:08:57.123	1.34010	1.34013			6
2025.09.29	01:08:58.342	1.34009				2
2025.09.29	01:09:00.189	1.34010				2
2025.09.29	01:09:10.294	1.34011	1.34014			6
2025.09.29	01:09:40.932	1.34013	1.34016			6
2025.09.29	01:09:41.237	1.34014	1.34017			6
2025.09.29	01:09:42.160	1.34009	1.34021			6
2025.09.29	01:09:44.310	1.34010				2
2025.09.29	01:09:45.227		1.34020			4
2025.09.29	01:09:46.152	1.34011				2
2025.09.29	01:09:47.379		1.34019			4
2025.09.29	01:09:48.298	1.34012				2
2025.09.29	01:09:49.220	1.34013	1.34018			6
2025.09.29	01:09:50.140		1.34017			4
2025.09.29	01:09:51.368	1.34015	1.34019			6
2025.09.29	01:09:52.282	1.34012	1.34023			6
2025.09.29	01:09:53.202		1.34022			4
2025.09.29	01:09:54.121	1.34013	1.34021			6
2025.09.29	01:09:55.347	1.34014				2
2025.09.29	01:09:56.272		1.34020			4
2025.09.29	01:09:57.188	1.34015				2
2025.09.29	01:09:58.111		1.34019			4
2025.09.29	01:09:59.341	1.34016				2
2025.09.29	01:10:00.250	1.34016				2
2025.09.29	01:10:01.778	1.34015	1.34018			6
2025.09.29	01:10:03.302	1.34013	1.34016			6
2025.09.29	01:10:03.607	1.34015	1.34018			6
2025.09.29	01:10:04.840	1.34014	1.34017			6
2025.09.29	01:10:18.021	1.34012	1.34015			6
2025.09.29	01:10:18.635	1.34013	1.34016			6
2025.09.29	01:10:19.251	1.34012				2
2025.09.29	01:10:20.175	1.34011	1.34018			6
2025.09.29	01:10:21.092		1.34017			4
2025.09.29	01:10:22.320	1.34012	1.34016			6
2025.09.29	01:10:24.161	1.34013				2
2025.09.29	01:10:32.776	1.34014	1.34017			6
2025.09.29	01:10:37.681	1.34015	1.34018			6
2025.09.29	01:10:41.971	1.34014	1.34017			6
2025.09.29	01:11:00.106	1.34014				2
2025.09.29	01:11:00.421	1.34022	1.34025			6
2025.09.29	01:11:00.730	1.34021	1.34024			6
2025.09.29	01:11:01.355	1.34016	1.34028			6
2025.09.29	01:11:02.283	1.34010	1.34022			6
2025.09.29	01:11:02.898	1.34012	1.34024			6
2025.09.29	01:11:03.199	1.34014	1.34026			6
2025.09.29	01:11:03.502	1.34015	1.34027			6
2025.09.29	01:11:04.738	1.34016	1.34028			6
2025.09.29	01:11:08.137	1.34017				2
2025.09.29	01:11:09.368		1.34027			4
2025.09.29	01:11:10.297	1.34018				2
2025.09.29	01:11:11.220	1.34019	1.34026			6
2025.09.29	01:11:12.148		1.34025			4
2025.09.29	01:11:13.385	1.34020				2
2025.09.29	01:11:15.226		1.34024			4
2025.09.29	01:11:17.377	1.34021				2
2025.09.29	01:12:00.170	1.34021				2
2025.09.29	01:12:15.523		1.34024			4
2025.09.29	01:12:29.029	1.34020	1.34023			6
2025.09.29	01:12:31.481	1.34022	1.34025			6
2025.09.29	01:12:35.196	1.34023	1.34026			6
2025.09.29	01:12:35.505	1.34026	1.34029			6
2025.09.29	01:12:36.120	1.34021	1.34033			6
2025.09.29	01:12:38.288	1.34022				2
2025.09.29	01:12:39.517	1.34023	1.34034			6
2025.09.29	01:12:40.142		1.34033			4
2025.09.29	01:12:40.753	1.34024	1.34034			6
2025.09.29	01:12:41.372	1.34025				2
2025.09.29	01:12:41.988	1.34024	1.34033			6
2025.09.29	01:12:42.297		1.34032			4
2025.09.29	01:12:43.226		1.34033			4
2025.09.29	01:12:44.155		1.34032			4
2025.09.29	01:12:45.386	1.34025				2
2025.09.29	01:12:46.313		1.34031			4
2025.09.29	01:12:47.243	1.34026				2
2025.09.29	01:12:48.166		1.34030			4
2025.09.29	01:12:50.329	1.34027				2
2025.09.29	01:13:00.148	1.34027				2
2025.09.29	01:13:06.575	1.34028	1.34031			6
2025.09.29	01:13:16.419	1.34027	1.34030			6
2025.09.29	01:13:32.079	1.34031	1.34034			6
2025.09.29	01:13:33.317	1.34027	1.34038			6
2025.09.29	01:13:34.859	1.34025	1.34036			6
2025.09.29	01:13:40.108		1.34035			4
2025.09.29	01:13:41.342	1.34026				2
2025.09.29	01:13:42.266	1.34027	1.34034			6
2025.09.29	01:13:43.190		1.34033			4
2025.09.29	01:13:44.111	1.34028				2
2025.09.29	01:13:44.729	1.34029	1.34034			6
2025.09.29	01:13:45.345		1.34033			4
2025.09.29	01:13:47.189	1.34030				2
2025.09.29	01:13:50.264	1.34031	1.34034			6
2025.09.29	01:14:00.054	1.34031				2
2025.09.29	01:14:21.202	1.34032	1.34035			6
2025.09.29	01:15:00.188	1.34032				2
2025.09.29	01:15:01.116	1.34035	1.34038			6
2025.09.29	01:15:02.342	1.34031	1.34042			6
2025.09.29	01:15:03.264	1.34032				2
2025.09.29	01:15:03.581	1.34031	1.34041			6
2025.09.29	01:15:04.198		1.34042			4
2025.09.29	01:15:04.808		1.34041			4
2025.09.29	01:15:05.114	1.34032				2
2025.09.29	01:15:05.425	1.34031				2
2025.09.29	01:15:06.039		1.34042			4
2025.09.29	01:15:06.346	1.34030				2
2025.09.29	01:15:06.659	1.34031				2
2025.09.29	01:15:08.201	1.34032				2
2025.09.29	01:15:10.352	1.34033				2
2025.09.29	01:15:11.273		1.34041			4
2025.09.29	01:15:12.197	1.34034	1.34040			6
2025.09.29	01:15:13.119	1.34035				2
2025.09.29	01:15:15.268		1.34039			4
2025.09.29	01:15:17.117	1.34036				2
2025.09.29	01:15:33.354	1.34034	1.34037			6
2025.09.29	01:15:33.976	1.34033	1.34036			6
2025.09.29	01:15:34.285	1.34028	1.34040			6
2025.09.29	01:15:34.602	1.34029				2
2025.09.29	01:15:36.466	1.34030				2
2025.09.29	01:15:36.770	1.34029				2
2025.09.29	01:15:39.244	1.34030				2
2025.09.29	01:15:39.554	1.34031				2
2025.09.29	01:15:39.861	1.34030				2
2025.09.29	01:15:40.168		1.34039			4
2025.09.29	01:15:40.477	1.34031	1.34040			6
2025.09.29	01:15:40.778	1.34030	1.34039			6
2025.09.29	01:15:41.094		1.34038			4
2025.09.29	01:15:41.398	1.34031	1.34039			6
2025.09.29	01:15:42.637	1.34030	1.34038			6
2025.09.29	01:15:43.262	1.34031	1.34037			6
2025.09.29	01:15:43.877	1.34032	1.34038			6
2025.09.29	01:15:44.191	1.34030				2
2025.09.29	01:15:45.128	1.34031				2
2025.09.29	01:15:45.743	1.34032	1.34039			6
2025.09.29	01:15:46.053	1.34031	1.34038			6
2025.09.29	01:15:46.363	1.34030				2
2025.09.29	01:15:46.673	1.34031	1.34039			6
2025.09.29	01:15:47.288	1.34032				2
2025.09.29	01:15:47.904	1.34035	1.34041			6
2025.09.29	01:15:48.211	1.34031				2
2025.09.29	01:15:50.380	1.34032				2
2025.09.29	01:15:52.223	1.34033				2
2025.09.29	01:15:53.159	1.34034				2
2025.09.29	01:15:54.393	1.34035	1.34040			6
2025.09.29	01:15:54.708	1.34033	1.34038			6
2025.09.29	01:15:55.320	1.34030	1.34040			6
2025.09.29	01:15:56.559	1.34031				2
2025.09.29	01:15:56.863	1.34030				2
2025.09.29	01:15:57.182	1.34031	1.34039			6
2025.09.29	01:15:58.101	1.34032				2
2025.09.29	01:15:59.333		1.34038			4
2025.09.29	01:15:59.638	1.34033	1.34039			6
2025.09.29	01:15:59.950	1.34032	1.34038			6
2025.09.29	01:16:00.258	1.34033				2
2025.09.29	01:16:01.196		1.34037			4
2025.09.29	01:16:01.804	1.34034	1.34038			6
2025.09.29	01:16:02.111		1.34039			4
2025.09.29	01:16:03.351		1.34038			4
2025.09.29	01:16:04.270	1.34035				2
2025.09.29	01:16:06.718	1.34034	1.34037			6
2025.09.29	01:16:08.562	1.34035	1.34038			6
2025.09.29	01:16:13.166	1.34040	1.34043			6
2025.09.29	01:16:13.473	1.34043	1.34046			6
2025.09.29	01:16:14.382	1.34030	1.34040			6
2025.09.29	01:16:14.691	1.34031	1.34041			6
2025.09.29	01:16:15.314		1.34040			4
2025.09.29	01:16:15.615	1.34033	1.34043			6
2025.09.29	01:16:16.845	1.34034				2
2025.09.29	01:16:17.476	1.34033	1.34044			6
2025.09.29	01:16:18.402		1.34043			4
2025.09.29	01:16:19.949		1.34044			4
2025.09.29	01:16:20.262	1.34034				2
2025.09.29	01:16:21.180	1.34035				2
2025.09.29	01:16:22.108	1.34036				2
2025.09.29	01:16:23.339	1.34037				2
2025.09.29	01:16:24.264		1.34043			4
2025.09.29	01:16:25.193	1.34038				2
2025.09.29	01:16:25.812	1.34039	1.34044			6
2025.09.29	01:16:27.355		1.34043			4
2025.09.29	01:16:27.959	1.34040	1.34044			6
2025.09.29	01:16:29.202	1.34041				2
2025.09.29	01:16:31.653	1.34040	1.34043			6
2025.09.29	01:16:50.965	1.34039	1.34042			6
2025.09.29	01:16:53.123	1.34041	1.34044			6
2025.09.29	01:16:54.339	1.34040	1.34043			6
2025.09.29	01:16:55.257	1.34041	1.34044			6
2025.09.29	01:16:56.485	1.34040	1.34043			6
2025.09.29	01:16:57.101	1.34041	1.34044			6
2025.09.29	01:16:57.403	1.34040	1.34043			6
2025.09.29	01:16:58.313	1.34041	1.34044			6
2025.09.29	01:16:58.620	1.34040	1.34043			6
2025.09.29	01:16:59.233	1.34041	1.34044			6
2025.09.29	01:17:00.154	1.34041				2
2025.09.29	01:17:02.282	1.34042	1.34045			6
2025.09.29	01:17:02.593	1.34041	1.34044			6
2025.09.29	01:17:02.905	1.34042	1.34045			6
2025.09.29	01:17:03.216	1.34041	1.34044			6
2025.09.29	01:17:04.431	1.34044	1.34047			6
2025.09.29	01:17:04.743	1.34045	1.34048			6
2025.09.29	01:17:05.356	1.34043	1.34047			6
2025.09.29	01:17:05.980	1.34042	1.34046			6
2025.09.29	01:17:06.300	1.34040	1.34048			6
2025.09.29	01:17:07.843	1.34046	1.34053			6
2025.09.29	01:17:08.154	1.34048	1.34055			6
2025.09.29	01:17:09.383	1.34046	1.34057			6
2025.09.29	01:17:10.620	1.34047				2
2025.09.29	01:17:14.035	1.34046				2
2025.09.29	01:17:14.342		1.34056			4
2025.09.29	01:17:15.271	1.34047	1.34055			6
2025.09.29	01:17:16.189	1.34048				2
2025.09.29	01:17:17.114		1.34054			4
2025.09.29	01:17:18.339	1.34049				2
2025.09.29	01:17:19.266		1.34053			4
2025.09.29	01:17:20.179	1.34050				2
2025.09.29	01:17:31.188	1.34051	1.34054			6
2025.09.29	01:17:31.492	1.34050	1.34053			6
2025.09.29	01:17:32.409	1.34052	1.34055			6
2025.09.29	01:17:32.716	1.34050	1.34053			6
2025.09.29	01:17:34.545	1.34051	1.34054			6
2025.09.29	01:17:34.848	1.34049	1.34052			6
2025.09.29	01:17:35.770	1.34053	1.34056			6
2025.09.29	01:17:36.075	1.34052	1.34055			6
2025.09.29	01:17:36.696	1.34053	1.34056			6
2025.09.29	01:17:37.004	1.34052	1.34055			6
2025.09.29	01:17:38.839	1.34054	1.34057			6
2025.09.29	01:17:39.142	1.34052	1.34055			6
2025.09.29	01:17:40.049	1.34051	1.34054			6
2025.09.29	01:17:41.896	1.34053	1.34056			6
2025.09.29	01:17:42.206	1.34051	1.34054			6
2025.09.29	01:17:44.042	1.34053	1.34056			6
2025.09.29	01:17:44.350	1.34051	1.34054			6
2025.09.29	01:17:44.968	1.34053	1.34056			6
2025.09.29	01:17:45.273	1.34051	1.34054			6
2025.09.29	01:17:47.103	1.34052	1.34055			6
2025.09.29	01:17:47.413	1.34051	1.34054			6
2025.09.29	01:17:48.022	1.34052	1.34055			6
2025.09.29	01:17:48.331	1.34051	1.34054			6
2025.09.29	01:17:49.261	1.34052	1.34055			6
2025.09.29	01:17:49.569	1.34051	1.34054			6
2025.09.29	01:17:50.177	1.34052	1.34055			6
2025.09.29	01:17:50.486	1.34051	1.34054			6
2025.09.29	01:17:52.344	1.34052	1.34055			6
2025.09.29	01:17:52.657	1.34051	1.34054			6
2025.09.29	01:17:53.279	1.34053	1.34056			6
2025.09.29	01:17:53.586	1.34052	1.34055			6
2025.09.29	01:17:55.442	1.34053	1.34056			6
2025.09.29	01:17:55.747	1.34052	1.34055			6
2025.09.29	01:17:56.369	1.34053	1.34056			6
2025.09.29	01:17:56.671	1.34052	1.34055			6
2025.09.29	01:17:58.503	1.34053	1.34056			6
2025.09.29	01:17:58.815	1.34052	1.34055			6
2025.09.29	01:18:00.035	1.34052				2
2025.09.29	01:18:00.942	1.34051	1.34054			6
2025.09.29	01:18:01.549	1.34052	1.34055			6
2025.09.29	01:18:01.850	1.34051	1.34054			6
2025.09.29	01:18:03.683	1.34052	1.34055			6
2025.09.29	01:18:03.994	1.34051	1.34054			6
2025.09.29	01:18:04.608	1.34052	1.34055			6
2025.09.29	01:18:04.913	1.34051	1.34054			6
2025.09.29	01:18:06.743	1.34053	1.34056			6
2025.09.29	01:18:07.046	1.34051	1.34054			6
2025.09.29	01:18:08.893	1.34052	1.34055			6
2025.09.29	01:18:11.946	1.34053	1.34056			6
2025.09.29	01:18:12.248	1.34052	1.34055			6
2025.09.29	01:18:14.695	1.34053	1.34056			6
2025.09.29	01:18:14.998	1.34052	1.34055			6
2025.09.29	01:18:26.041	1.34053	1.34056			6
2025.09.29	01:18:26.346	1.34052	1.34055			6
2025.09.29	01:18:27.582	1.34053	1.34056			6
2025.09.29	01:18:27.889	1.34052	1.34055			6
2025.09.29	01:18:30.648	1.34053	1.34056			6
2025.09.29	01:18:31.256	1.34052	1.34055			6
2025.09.29	01:18:32.170	1.34053	1.34056			6
2025.09.29	01:18:32.475	1.34052	1.34055			6
2025.09.29	01:18:34.625	1.34051	1.34054			6
2025.09.29	01:18:35.242	1.34052	1.34055			6
2025.09.29	01:18:35.548	1.34051	1.34054			6
2025.09.29	01:18:37.390	1.34053	1.34056			6
2025.09.29	01:18:37.692	1.34051	1.34054			6
2025.09.29	01:18:38.312	1.34052	1.34055			6
2025.09.29	01:18:38.620	1.34051	1.34054			6
2025.09.29	01:18:40.469	1.34053	1.34056			6
2025.09.29	01:18:40.782	1.34051	1.34054			6
2025.09.29	01:18:41.392	1.34052	1.34055			6
2025.09.29	01:18:43.549	1.34053	1.34056			6
2025.09.29	01:18:43.856	1.34052	1.34055			6
2025.09.29	01:18:45.692	1.34053	1.34056			6
2025.09.29	01:18:46.004	1.34052	1.34055			6
2025.09.29	01:18:46.622	1.34053	1.34056			6
2025.09.29	01:18:46.929	1.34052	1.34055			6
2025.09.29	01:18:48.777	1.34053	1.34056			6
2025.09.29	01:18:49.079	1.34052	1.34055			6
2025.09.29	01:18:51.861	1.34053	1.34056			6
2025.09.29	01:18:52.473	1.34048	1.34051			6
2025.09.29	01:18:52.779	1.34051	1.34054			6
2025.09.29	01:18:53.701	1.34050	1.34053			6
2025.09.29	01:18:54.317	1.34047	1.34054			6
2025.09.29	01:18:55.237	1.34048				2
2025.09.29	01:18:57.385	1.34049				2
2025.09.29	01:18:59.229		1.34053			4
2025.09.29	01:19:00.145	1.34049				2
2025.09.29	01:19:03.217	1.34050				2
2025.09.29	01:19:03.824	1.34049	1.34052			6
2025.09.29	01:19:05.665	1.34050	1.34053			6
2025.09.29	01:19:07.192	1.34049	1.34052			6
2025.09.29	01:19:22.853	1.34048	1.34051			6
2025.09.29	01:19:24.387	1.34053	1.34058			6
2025.09.29	01:19:24.690	1.34052	1.34057			6
2025.09.29	01:19:25.315	1.34051	1.34059			6
2025.09.29	01:19:28.426	1.34049	1.34060			6
2025.09.29	01:19:29.661	1.34050				2
2025.09.29	01:19:32.142	1.34051				2
2025.09.29	01:19:33.386		1.34059			4
2025.09.29	01:19:34.314	1.34052				2
2025.09.29	01:19:35.249		1.34058			4
2025.09.29	01:19:36.174	1.34053				2
2025.09.29	01:19:37.100		1.34057			4
2025.09.29	01:19:40.177	1.34054				2
2025.09.29	01:20:00.083	1.34054				2
2025.09.29	01:20:00.390	1.34056	1.34059			6
2025.09.29	01:20:01.303	1.34055	1.34058			6
2025.09.29	01:20:01.604	1.34056	1.34059			6
2025.09.29	01:20:02.523	1.34055	1.34058			6
2025.09.29	01:20:03.738	1.34056	1.34059			6
2025.09.29	01:20:04.355	1.34055	1.34058			6
2025.09.29	01:20:04.656	1.34056	1.34059			6
2025.09.29	01:20:05.277	1.34054	1.34057			6
2025.09.29	01:20:06.197	1.34052	1.34058			6
2025.09.29	01:20:07.122	1.34053				2
2025.09.29	01:20:08.359	1.34050	1.34054			6
2025.09.29	01:20:09.286	1.34048	1.34058			6
2025.09.29	01:20:09.595		1.34057			4
2025.09.29	01:20:11.139		1.34056			4
2025.09.29	01:20:12.375	1.34051	1.34058			6
2025.09.29	01:20:12.683	1.34049	1.34056			6
2025.09.29	01:20:13.305	1.34050	1.34055			6
2025.09.29	01:20:14.236	1.34048	1.34058			6
2025.09.29	01:20:15.478		1.34057			4
2025.09.29	01:20:16.097		1.34058			4
2025.09.29	01:20:17.324	1.34049				2
2025.09.29	01:20:17.631	1.34048				2
2025.09.29	01:20:18.244		1.34057			4
2025.09.29	01:20:19.167		1.34056			4
2025.09.29	01:20:20.090	1.34049	1.34055			6
2025.09.29	01:20:20.399	1.34051	1.34057			6
2025.09.29	01:20:20.703	1.34050	1.34056			6
2025.09.29	01:20:21.323	1.34052	1.34057			6
2025.09.29	01:20:21.626	1.34053	1.34058			6
2025.09.29	01:20:21.939	1.34052	1.34057			6
2025.09.29	01:20:22.246	1.34051				2
2025.09.29	01:20:22.868	1.34050	1.34056			6
2025.09.29	01:20:23.184	1.34052	1.34057			6
2025.09.29	01:20:23.804	1.34051	1.34056			6
2025.09.29	01:20:24.109		1.34055			4
2025.09.29	01:20:24.413	1.34052	1.34056			6
2025.09.29	01:20:25.031	1.34051	1.34055			6
2025.09.29	01:20:25.336	1.34053	1.34056			6
2025.09.29	01:20:25.641	1.34052	1.34055			6
2025.09.29	01:20:26.571	1.34054	1.34057			6
2025.09.29	01:20:26.872	1.34052	1.34055			6
2025.09.29	01:20:27.492	1.34054	1.34057			6
2025.09.29	01:20:27.797	1.34052	1.34055			6
2025.09.29	01:20:29.632	1.34054	1.34057			6
2025.09.29	01:20:29.939	1.34052	1.34055			6
2025.09.29	01:20:30.246	1.34051				2
2025.09.29	01:20:31.171	1.34052				2
2025.09.29	01:20:31.784	1.34053	1.34056			6
2025.09.29	01:20:32.092	1.34052	1.34055			6
2025.09.29	01:20:32.719	1.34054	1.34057			6
2025.09.29	01:20:33.030	1.34052	1.34055			6
2025.09.29	01:20:34.555	1.34054	1.34057			6
2025.09.29	01:20:34.867	1.34052	1.34055			6
2025.09.29	01:20:35.172	1.34051				2
2025.09.29	01:20:36.104	1.34052	1.34056			6
2025.09.29	01:20:36.408	1.34053				2
2025.09.29	01:20:37.023	1.34055	1.34058			6
2025.09.29	01:20:37.328	1.34053	1.34056			6
2025.09.29	01:20:39.162	1.34054	1.34057			6
2025.09.29	01:20:39.465	1.34053	1.34056			6
2025.09.29	01:20:40.079	1.34054	1.34057			6
2025.09.29	01:20:40.383	1.34053	1.34056			6
2025.09.29	01:20:41.297	1.34052	1.34055			6
2025.09.29	01:20:42.838	1.34054	1.34057			6
2025.09.29	01:20:43.141	1.34053	1.34056			6
2025.09.29	01:20:44.058	1.34052	1.34055			6
2025.09.29	01:20:45.594	1.34053	1.34056			6
2025.09.29	01:20:45.907	1.34054	1.34057			6
2025.09.29	01:20:46.513	1.34053	1.34056			6
2025.09.29	01:20:46.820	1.34054	1.34057			6
2025.09.29	01:20:48.667	1.34053	1.34056			6
2025.09.29	01:20:48.968	1.34054	1.34057			6
2025.09.29	01:20:49.885	1.34053	1.34056			6
2025.09.29	01:20:54.153	1.34054	1.34057			6
2025.09.29	01:20:58.129	1.34053	1.34056			6
2025.09.29	01:20:58.436	1.34054	1.34057			6
2025.09.29	01:20:59.054	1.34055	1.34058			6
2025.09.29	01:20:59.367	1.34054	1.34057			6
2025.09.29	01:20:59.673	1.34052	1.34055			6
2025.09.29	01:20:59.978	1.34054	1.34057			6
2025.09.29	01:21:00.286	1.34055	1.34058			6
2025.09.29	01:21:00.599	1.34056	1.34059			6
2025.09.29	01:21:01.218	1.34051				2
2025.09.29	01:21:01.527	1.34056	1.34065			6
2025.09.29	01:21:01.828	1.34058	1.34066			6
2025.09.29	01:21:03.085		1.34065			4
2025.09.29	01:21:04.010	1.34055	1.34061			6
2025.09.29	01:21:05.867		1.34062			4
2025.09.29	01:21:06.489	1.34054	1.34061			6
2025.09.29	01:21:10.209	1.34055				2
2025.09.29	01:21:11.140	1.34056				2
2025.09.29	01:21:12.360		1.34060			4
2025.09.29	01:21:14.196	1.34057				2
2025.09.29	01:21:39.037	1.34053	1.34056			6
2025.09.29	01:21:40.262	1.34051	1.34058			6
2025.09.29	01:21:41.170	1.34052				2
2025.09.29	01:21:41.485	1.34051				2
2025.09.29	01:21:42.413	1.34052	1.34059			6
2025.09.29	01:21:42.721	1.34053	1.34060			6
2025.09.29	01:21:43.025	1.34051	1.34059			6
2025.09.29	01:21:43.338		1.34060			4
2025.09.29	01:21:45.183	1.34052				2
2025.09.29	01:21:45.493	1.34051				2
2025.09.29	01:21:45.800		1.34059			4
2025.09.29	01:21:46.106	1.34052				2
2025.09.29	01:21:47.337	1.34053	1.34058			6
2025.09.29	01:21:48.269		1.34057			4
2025.09.29	01:21:49.184	1.34054				2
2025.09.29	01:21:52.543	1.34049	1.34052			6
2025.09.29	01:21:53.152	1.34048	1.34055			6
2025.09.29	01:21:57.482	1.34047				2
2025.09.29	01:22:00.281	1.34047	1.34054			6
2025.09.29	01:22:01.208	1.34048	1.34053			6
2025.09.29	01:22:02.135		1.34052			4
2025.09.29	01:22:03.351	1.34049				2
2025.09.29	01:22:16.553	1.34050	1.34053			6
2025.09.29	01:22:17.769	1.34053	1.34056			6
2025.09.29	01:22:18.078	1.34052	1.34055			6
2025.09.29	01:22:18.386	1.34049	1.34054			6
2025.09.29	01:22:18.996	1.34050	1.34056			6
2025.09.29	01:22:19.310	1.34049				2
2025.09.29	01:22:21.161		1.34057			4
2025.09.29	01:22:21.770		1.34056			4
2025.09.29	01:22:23.307		1.34055			4
2025.09.29	01:22:24.233	1.34050				2
2025.09.29	01:22:24.548	1.34049	1.34054			6
2025.09.29	01:22:25.158	1.34050	1.34053			6
2025.09.29	01:22:27.301	1.34051	1.34054			6
2025.09.29	01:22:27.607	1.34050	1.34053			6
2025.09.29	01:22:28.528	1.34049	1.34052			6
2025.09.29	01:22:29.448	1.34051	1.34054			6
2025.09.29	01:22:29.755	1.34050	1.34053			6
2025.09.29	01:22:30.372	1.34051	1.34054			6
2025.09.29	01:22:30.683	1.34050	1.34053			6
2025.09.29	01:22:56.774	1.34048	1.34051			6
2025.09.29	01:23:00.147	1.34048				2
2025.09.29	01:23:00.448	1.34050	1.34053			6
2025.09.29	01:23:01.368	1.34048	1.34054			6
2025.09.29	01:23:02.613	1.34047	1.34053			6
2025.09.29	01:23:03.233	1.34048				2
2025.09.29	01:23:03.535	1.34049	1.34054			6
2025.09.29	01:23:04.465	1.34048	1.34053			6
2025.09.29	01:23:05.095	1.34047				2
2025.09.29	01:23:06.329	1.34048				2
2025.09.29	01:23:06.643	1.34047	1.34052			6
2025.09.29	01:23:08.175		1.34051			4
2025.09.29	01:23:10.341	1.34048				2
2025.09.29	01:23:10.645	1.34047	1.34050			6
2025.09.29	01:23:10.951	1.34048	1.34051			6
2025.09.29	01:23:58.205	1.34047	1.34050			6
2025.09.29	01:23:58.521	1.34046	1.34049			6
2025.09.29	01:23:59.136	1.34045	1.34050			6
2025.09.29	01:23:59.756	1.34044	1.34049			6
2025.09.29	01:24:00.063	1.34044				2
2025.09.29	01:24:00.370	1.34042	1.34050			6
2025.09.29	01:24:00.683	1.34043	1.34051			6
2025.09.29	01:24:01.296	1.34042				2
2025.09.29	01:24:02.842		1.34050			4
2025.09.29	01:24:06.240	1.34043				2
2025.09.29	01:24:07.158		1.34049			4
2025.09.29	01:24:08.392	1.34044				2
2025.09.29	01:24:08.700	1.34045	1.34050			6
2025.09.29	01:24:09.319	1.34043	1.34051			6
2025.09.29	01:24:09.626	1.34044				2
2025.09.29	01:24:10.241	1.34043				2
2025.09.29	01:24:10.860	1.34044				2
2025.09.29	01:24:12.409	1.34045				2
2025.09.29	01:24:14.875	1.34046				2
2025.09.29	01:24:17.326	1.34047				2
2025.09.29	01:24:19.172	1.34048				2
2025.09.29	01:24:36.307		1.34050			4
2025.09.29	01:24:38.146	1.34047				2
2025.09.29	01:24:46.739	1.34045	1.34048			6
2025.09.29	01:24:48.269	1.34042	1.34049			6
2025.09.29	01:24:48.571	1.34040	1.34050			6
2025.09.29	01:24:50.740		1.34049			4
2025.09.29	01:24:51.980	1.34039				2
2025.09.29	01:24:52.899	1.34041				2
2025.09.29	01:24:53.206	1.34040				2
2025.09.29	01:24:55.359	1.34041				2
2025.09.29	01:24:55.673	1.34040				2
2025.09.29	01:24:55.981	1.34042				2
2025.09.29	01:24:56.599		1.34050			4
2025.09.29	01:24:57.211	1.34041				2
2025.09.29	01:24:57.523	1.34040				2
2025.09.29	01:24:58.148	1.34041	1.34049			6
2025.09.29	01:24:59.397	1.34040				2
2025.09.29	01:25:00.027	1.34040				2
2025.09.29	01:25:00.335	1.34041				2
2025.09.29	01:25:00.640	1.34040				2
2025.09.29	01:25:01.263	1.34042				2
2025.09.29	01:25:01.581	1.34041	1.34048			6
2025.09.29	01:25:02.205	1.34040				2
2025.09.29	01:25:02.843	1.34041				2
2025.09.29	01:25:03.151		1.34047			4
2025.09.29	01:25:04.392	1.34042				2
2025.09.29	01:25:06.282		1.34046			4
2025.09.29	01:25:08.116	1.34043				2
2025.09.29	01:25:10.247	1.34042	1.34045			6
2025.09.29	01:25:10.559	1.34044	1.34047			6
2025.09.29	01:25:12.085	1.34043	1.34046			6
2025.09.29	01:25:12.699	1.34044	1.34047			6
2025.09.29	01:25:13.914	1.34043	1.34046			6
2025.09.29	01:25:16.667	1.34044	1.34047			6
2025.09.29	01:25:16.970	1.34043	1.34046			6
2025.09.29	01:25:18.800	1.34044	1.34047			6
2025.09.29	01:25:19.103	1.34043	1.34046			6
2025.09.29	01:25:20.630	1.34046	1.34049			6
2025.09.29	01:25:20.931	1.34043	1.34046			6
2025.09.29	01:25:21.847	1.34042	1.34045			6
2025.09.29	01:25:22.151	1.34043	1.34046			6
2025.09.29	01:25:22.763	1.34044	1.34047			6
2025.09.29	01:25:23.068	1.34043	1.34046			6
2025.09.29	01:25:24.903	1.34044	1.34047			6
2025.09.29	01:25:25.206	1.34043	1.34046			6
2025.09.29	01:25:27.965	1.34044	1.34047			6
2025.09.29	01:25:28.275	1.34043	1.34046			6
2025.09.29	01:25:30.105	1.34044	1.34047			6
2025.09.29	01:25:30.411	1.34043	1.34046			6
2025.09.29	01:25:31.028	1.34044	1.34047			6
2025.09.29	01:25:31.332	1.34043	1.34046			6
2025.09.29	01:25:33.171	1.34044	1.34047			6
2025.09.29	01:25:33.477	1.34043	1.34046			6
2025.09.29	01:25:36.223	1.34044	1.34047			6
2025.09.29	01:25:36.525	1.34043	1.34046			6
2025.09.29	01:25:38.362	1.34044	1.34047			6
2025.09.29	01:25:38.666	1.34043	1.34046			6
2025.09.29	01:25:50.612	1.34042	1.34045			6
2025.09.29	01:25:50.918	1.34043	1.34046			6
2025.09.29	01:25:53.979	1.34044	1.34047			6
2025.09.29	01:25:54.281	1.34043	1.34046			6
2025.09.29	01:25:56.116	1.34044	1.34047			6
2025.09.29	01:25:56.419	1.34043	1.34046			6
2025.09.29	01:25:59.172	1.34044	1.34047			6
2025.09.29	01:25:59.479	1.34043	1.34046			6
2025.09.29	01:26:00.089	1.34043				2
2025.09.29	01:26:04.988	1.34044	1.34047			6
2025.09.29	01:26:05.294	1.34043	1.34046			6
2025.09.29	01:26:12.039	1.34044	1.34047			6
2025.09.29	01:26:12.345	1.34043	1.34046			6
2025.09.29	01:26:18.483	1.34042	1.34045			6
2025.09.29	01:26:19.101	1.34040	1.34047			6
2025.09.29	01:26:19.408	1.34041				2
2025.09.29	01:26:20.326	1.34040				2
2025.09.29	01:26:21.250	1.34039				2
2025.09.29	01:26:26.192	1.34040				2
2025.09.29	01:26:27.102	1.34039				2
2025.09.29	01:26:28.330	1.34040				2
2025.09.29	01:26:29.259	1.34041				2
2025.09.29	01:26:31.095	1.34042				2
2025.09.29	01:26:32.331		1.34046			4
2025.09.29	01:26:33.254	1.34043				2
2025.09.29	01:26:33.864	1.34044	1.34047			6
2025.09.29	01:26:34.779	1.34046	1.34048			6
2025.09.29	01:26:35.093	1.34041				2
2025.09.29	01:26:35.396	1.34040				2
2025.09.29	01:26:36.313	1.34041				2
2025.09.29	01:26:36.925	1.34042				2
2025.09.29	01:26:37.231	1.34040				2
2025.09.29	01:26:39.376	1.34039				2
2025.09.29	01:26:39.985	1.34040				2
2025.09.29	01:26:41.207	1.34041	1.34047			6
2025.09.29	01:26:42.131	1.34042				2
2025.09.29	01:26:43.055	1.34043	1.34048			6
2025.09.29	01:26:43.362	1.34042	1.34046			6
2025.09.29	01:26:44.283	1.34043				2
2025.09.29	01:27:00.174	1.34043				2
2025.09.29	01:27:00.481	1.34042	1.34045			6
2025.09.29	01:27:00.788	1.34043	1.34046			6
2025.09.29	01:27:01.099	1.34040	1.34047			6
2025.09.29	01:27:03.277	1.34042				2
2025.09.29	01:27:04.197	1.34040	1.34048			6
2025.09.29	01:27:05.136	1.34041				2
2025.09.29	01:27:06.381		1.34047			4
2025.09.29	01:27:07.302	1.34042	1.34046			6
2025.09.29	01:27:08.235	1.34043				2
2025.09.29	01:27:10.364	1.34042	1.34047			6
2025.09.29	01:27:11.315		1.34046			4
2025.09.29	01:27:12.248	1.34043				2
2025.09.29	01:27:14.081	1.34042				2
2025.09.29	01:27:15.313	1.34043				2
2025.09.29	01:27:20.520	1.34042	1.34045			6
2025.09.29	01:27:22.346	1.34043	1.34046			6
2025.09.29	01:27:22.656	1.34042	1.34045			6
2025.09.29	01:27:23.265	1.34043	1.34046			6
2025.09.29	01:27:24.181	1.34042				2
2025.09.29	01:27:24.497	1.34041	1.34045			6
2025.09.29	01:27:25.120	1.34042				2
2025.09.29	01:27:25.425	1.34043	1.34046			6
2025.09.29	01:27:25.733	1.34042	1.34045			6
2025.09.29	01:27:26.037	1.34043	1.34046			6
2025.09.29	01:27:30.946	1.34042	1.34045			6
2025.09.29	01:27:45.301	1.34043	1.34046			6
2025.09.29	01:27:46.519	1.34042	1.34045			6
2025.09.29	01:27:47.128	1.34040	1.34046			6
2025.09.29	01:27:47.443	1.34041	1.34047			6
2025.09.29	01:27:48.367	1.34040				2
2025.09.29	01:27:53.927	1.34039				2
2025.09.29	01:27:56.726		1.34048			4
2025.09.29	01:27:57.655		1.34047			4
2025.09.29	01:28:00.117	1.34039				2
2025.09.29	01:28:00.426	1.34041				2
2025.09.29	01:28:00.732	1.34039				2
2025.09.29	01:28:02.579	1.34041				2
2025.09.29	01:28:02.890	1.34039				2
2025.09.29	01:28:03.504	1.34041				2
2025.09.29	01:28:03.813	1.34039				2
2025.09.29	01:28:04.736	1.34040				2
2025.09.29	01:28:11.188	1.34041	1.34046			6
2025.09.29	01:28:12.115		1.34045			4
2025.09.29	01:28:14.269	1.34042				2
2025.09.29	01:28:22.870	1.34043	1.34046			6
2025.09.29	01:28:24.092	1.34041	1.34047			6
2025.09.29	01:28:27.178	1.34042				2
2025.09.29	01:28:28.096		1.34046			4
2025.09.29	01:28:29.319	1.34043				2
2025.09.29	01:28:31.474	1.34045	1.34048			6
2025.09.29	01:28:31.783	1.34044	1.34047			6
2025.09.29	01:28:32.089	1.34041	1.34049			6
2025.09.29	01:28:33.333	1.34042				2
2025.09.29	01:28:33.646	1.34041	1.34047			6
2025.09.29	01:28:37.957		1.34046			4
2025.09.29	01:28:38.877	1.34042	1.34047			6
2025.09.29	01:28:39.185	1.34041	1.34046			6
2025.09.29	01:28:40.114		1.34045			4
2025.09.29	01:28:41.337	1.34042				2
2025.09.29	01:28:41.945	1.34043	1.34046			6
2025.09.29	01:28:42.250	1.34042	1.34045			6
2025.09.29	01:28:44.091	1.34043	1.34046			6
2025.09.29	01:28:44.392	1.34042	1.34045			6
2025.09.29	01:28:47.139	1.34043	1.34046			6
2025.09.29	01:28:47.446	1.34042	1.34045			6
2025.09.29	01:28:50.197	1.34043	1.34046			6
2025.09.29	01:28:50.503	1.34042	1.34045			6
2025.09.29	01:28:52.352	1.34043	1.34046			6
2025.09.29	01:28:52.659	1.34042	1.34045			6
2025.09.29	01:28:55.403	1.34043	1.34046			6
2025.09.29	01:28:55.716	1.34042	1.34045			6
2025.09.29	01:28:57.556	1.34043	1.34046			6
2025.09.29	01:28:57.863	1.34042	1.34045			6
2025.09.29	01:28:58.474	1.34043	1.34046			6
2025.09.29	01:28:58.785	1.34042	1.34045			6
2025.09.29	01:29:00.299	1.34042				2
2025.09.29	01:29:00.605	1.34043	1.34046			6
2025.09.29	01:29:00.905	1.34042	1.34045			6
2025.09.29	01:29:03.679	1.34043	1.34046			6
2025.09.29	01:29:03.992	1.34042	1.34045			6
2025.09.29	01:29:04.914	1.34043	1.34046			6
2025.09.29	01:29:06.129	1.34042	1.34047			6
2025.09.29	01:29:07.375		1.34046			4
2025.09.29	01:29:08.297		1.34047			4
2025.09.29	01:29:09.219		1.34046			4
2025.09.29	01:29:10.146	1.34043				2
2025.09.29	01:29:15.354	1.34045	1.34048			6
2025.09.29	01:29:15.657	1.34046	1.34049			6
2025.09.29	01:29:16.266	1.34042	1.34052			6
2025.09.29	01:29:18.121	1.34051	1.34056			6
2025.09.29	01:29:18.424		1.34058			4
2025.09.29	01:29:19.033		1.34059			4
2025.09.29	01:29:26.139		1.34058			4
2025.09.29	01:29:26.452		1.34057			4
2025.09.29	01:29:28.297		1.34056			4
2025.09.29	01:29:31.363		1.34055			4
2025.09.29	01:29:33.192	1.34052				2
2025.09.29	01:30:00.138	1.34052				2
2025.09.29	01:30:00.445	1.34053	1.34056			6
2025.09.29	01:30:01.985	1.34054	1.34057			6
2025.09.29	01:30:07.855	1.34053	1.34056			6
2025.09.29	01:30:09.081	1.34054	1.34057			6
2025.09.29	01:30:20.711	1.34055	1.34058			6
2025.09.29	01:30:22.529	1.34054	1.34057			6
2025.09.29	01:30:27.114	1.34053	1.34056			6
2025.09.29	01:31:00.265	1.34053				2
2025.09.29	01:31:06.129	1.34050	1.34052			6
2025.09.29	01:31:06.442		1.34053			4
2025.09.29	01:31:07.055	1.34043	1.34046			6
2025.09.29	01:31:07.363	1.34042	1.34050			6
2025.09.29	01:31:09.833		1.34049			4
2025.09.29	01:31:16.305		1.34048			4
2025.09.29	01:31:16.611		1.34049			4
2025.09.29	01:31:17.225		1.34048			4
2025.09.29	01:31:19.374	1.34043				2
2025.09.29	01:31:20.296		1.34047			4
2025.09.29	01:31:22.465	1.34042	1.34046			6
2025.09.29	01:31:22.773	1.34043	1.34047			6
2025.09.29	01:31:23.084	1.34044				2
2025.09.29	01:31:29.826	1.34043	1.34046			6
2025.09.29	01:31:30.128	1.34044	1.34047			6
2025.09.29	01:31:31.969	1.34043	1.34046			6
2025.09.29	01:31:32.274	1.34044	1.34047			6
2025.09.29	01:31:34.120	1.34043	1.34046			6
2025.09.29	01:31:34.428	1.34044	1.34047			6
2025.09.29	01:31:35.035	1.34043	1.34046			6
2025.09.29	01:31:35.337	1.34044	1.34047			6
2025.09.29	01:31:37.174	1.34043	1.34046			6
2025.09.29	01:31:37.479	1.34044	1.34047			6
2025.09.29	01:31:38.388	1.34043	1.34046			6
2025.09.29	01:31:38.696	1.34044	1.34047			6
2025.09.29	01:31:40.235	1.34043	1.34046			6
2025.09.29	01:31:40.536	1.34044	1.34047			6
2025.09.29	01:31:42.365	1.34043	1.34046			6
2025.09.29	01:31:42.672	1.34044	1.34047			6
2025.09.29	01:31:45.133	1.34043	1.34046			6
2025.09.29	01:31:45.436	1.34044	1.34047			6
2025.09.29	01:31:46.051	1.34043	1.34046			6
2025.09.29	01:31:46.356	1.34044	1.34047			6
2025.09.29	01:31:47.273	1.34043	1.34046			6
2025.09.29	01:31:47.886	1.34044	1.34047			6
2025.09.29	01:31:48.197	1.34043	1.34046			6
2025.09.29	01:31:48.500	1.34044	1.34047			6
2025.09.29	01:31:50.337	1.34048	1.34050			6
2025.09.29	01:31:50.641	1.34050	1.34051			6
2025.09.29	01:31:50.943		1.34052			4
2025.09.29	01:31:51.250		1.34054			4
2025.09.29	01:31:55.876	1.34051				2
2025.09.29	01:31:56.178	1.34050	1.34057			6
2025.09.29	01:31:57.729	1.34041	1.34047			6
2025.09.29	01:31:58.047	1.34040				2
2025.09.29	01:31:58.349	1.34041				2
2025.09.29	01:32:00.231	1.34041				2
2025.09.29	01:32:00.532	1.34040				2
2025.09.29	01:32:02.099	1.34041				2
2025.09.29	01:32:02.415		1.34048			4
2025.09.29	01:32:05.215		1.34047			4
2025.09.29	01:32:05.528		1.34048			4
2025.09.29	01:32:05.836		1.34047			4
2025.09.29	01:32:07.393		1.34046			4
2025.09.29	01:32:08.626	1.34042	1.34047			6
2025.09.29	01:32:08.938	1.34041	1.34045			6
2025.09.29	01:32:09.245		1.34044			4
2025.09.29	01:32:09.862		1.34045			4
2025.09.29	01:32:11.708	1.34042	1.34046			6
2025.09.29	01:32:12.015	1.34041	1.34045			6
2025.09.29	01:32:12.329	1.34042				2
2025.09.29	01:32:13.869	1.34043	1.34046			6
2025.09.29	01:32:14.177	1.34042	1.34045			6
2025.09.29	01:32:14.783	1.34043	1.34046			6
2025.09.29	01:32:15.092	1.34042	1.34045			6
2025.09.29	01:32:16.003	1.34043	1.34046			6
2025.09.29	01:32:17.225	1.34042	1.34045			6
2025.09.29	01:32:18.142	1.34043	1.34046			6
2025.09.29	01:32:18.443	1.34042	1.34045			6
2025.09.29	01:32:19.050	1.34043	1.34046			6
2025.09.29	01:32:19.352	1.34042	1.34045			6
2025.09.29	01:32:19.970	1.34043	1.34046			6
2025.09.29	01:32:20.275	1.34042	1.34045			6
2025.09.29	01:32:22.107	1.34043	1.34046			6
2025.09.29	01:32:22.418	1.34042	1.34045			6
2025.09.29	01:32:25.157	1.34043	1.34046			6
2025.09.29	01:32:25.769	1.34042	1.34045			6
2025.09.29	01:32:27.294	1.34043	1.34046			6
2025.09.29	01:32:27.599	1.34042	1.34045			6
2025.09.29	01:32:30.343	1.34043	1.34046			6
2025.09.29	01:32:30.650	1.34042	1.34045			6
2025.09.29	01:32:31.571	1.34043	1.34046			6
2025.09.29	01:32:32.174	1.34041	1.34044			6
2025.09.29	01:32:32.482	1.34042	1.34045			6
2025.09.29	01:32:34.628	1.34043	1.34046			6
2025.09.29	01:32:38.898	1.34042	1.34045			6
2025.09.29	01:32:40.741	1.34043	1.34046			6
2025.09.29	01:32:41.043	1.34042	1.34045			6
2025.09.29	01:32:42.883	1.34043	1.34046			6
2025.09.29	01:32:43.193	1.34042	1.34045			6
2025.09.29	01:32:43.807	1.34043	1.34046			6
2025.09.29	01:32:44.116	1.34042	1.34045			6
2025.09.29	01:32:45.653	1.34043	1.34046			6
2025.09.29	01:33:00.045	1.34043				2
2025.09.29	01:33:00.655	1.34042	1.34045			6
2025.09.29	01:33:02.180	1.34043	1.34046			6
2025.09.29	01:33:02.785	1.34042	1.34045			6
2025.09.29	01:33:03.089	1.34043	1.34046			6
2025.09.29	01:33:04.002	1.34042	1.34045			6
2025.09.29	01:33:05.835	1.34043	1.34046			6
2025.09.29	01:33:06.136	1.34042	1.34045			6
2025.09.29	01:33:07.977	1.34043	1.34046			6
2025.09.29	01:33:08.282	1.34042	1.34045			6
2025.09.29	01:33:11.035	1.34043	1.34046			6
2025.09.29	01:33:11.336	1.34042	1.34045			6
2025.09.29	01:33:11.645	1.34043				2
2025.09.29	01:33:12.255		1.34046			4
2025.09.29	01:33:26.670	1.34042	1.34045			6
2025.09.29	01:33:27.601	1.34043	1.34046			6
2025.09.29	01:33:28.828	1.34042	1.34045			6
2025.09.29	01:33:29.440	1.34043	1.34046			6
2025.09.29	01:33:29.755	1.34042	1.34045			6
2025.09.29	01:33:30.378	1.34043	1.34046			6
2025.09.29	01:33:31.608	1.34042	1.34045			6
2025.09.29	01:33:32.542	1.34043	1.34046			6
2025.09.29	01:33:35.925	1.34042	1.34045			6
2025.09.29	01:33:37.772	1.34043	1.34046			6
2025.09.29	01:33:39.008	1.34042	1.34045			6
2025.09.29	01:33:40.856	1.34043	1.34046			6
2025.09.29	01:33:41.168	1.34042	1.34045			6
2025.09.29	01:33:42.093	1.34044	1.34047			6
2025.09.29	01:33:43.333	1.34043				2
2025.09.29	01:33:46.137	1.34044				2
2025.09.29	01:33:50.483	1.34043	1.34046			6
2025.09.29	01:33:50.800	1.34044	1.34047			6
2025.09.29	01:33:51.419	1.34043	1.34046			6
2025.09.29	01:33:51.726	1.34044	1.34047			6
2025.09.29	01:33:53.588	1.34043	1.34046			6
2025.09.29	01:33:53.892	1.34044	1.34047			6
2025.09.29	01:33:54.513	1.34043	1.34046			6
2025.09.29	01:33:54.831	1.34044	1.34047			6
2025.09.29	01:33:56.675	1.34043	1.34046			6
2025.09.29	01:33:56.983	1.34044	1.34047			6
2025.09.29	01:33:59.761	1.34043	1.34046			6
2025.09.29	01:34:00.068	1.34043				2
2025.09.29	01:34:01.306	1.34041				2
2025.09.29	01:34:02.235		1.34045			4
2025.09.29	01:34:02.541	1.34040	1.34044			6
2025.09.29	01:34:04.413	1.34041	1.34045			6
2025.09.29	01:34:05.342		1.34046			4
2025.09.29	01:34:08.128	1.34040	1.34043			6
2025.09.29	01:34:08.435	1.34041	1.34045			6
2025.09.29	01:34:09.363	1.34040	1.34048			6
2025.09.29	01:34:10.911		1.34047			4
2025.09.29	01:34:11.219	1.34041				2
2025.09.29	01:34:12.762		1.34048			4
2025.09.29	01:34:15.250		1.34047			4
2025.09.29	01:34:15.871	1.34040				2
2025.09.29	01:34:17.120	1.34041				2
2025.09.29	01:34:19.288	1.34042				2
2025.09.29	01:34:20.211		1.34046			4
2025.09.29	01:34:22.370	1.34043				2
2025.09.29	01:34:25.735	1.34046	1.34047			6
2025.09.29	01:34:26.042	1.34043	1.34046			6
2025.09.29	01:34:42.001	1.34042	1.34045			6
2025.09.29	01:34:44.141	1.34043	1.34046			6
2025.09.29	01:34:44.444	1.34042	1.34045			6
2025.09.29	01:34:46.294	1.34043	1.34046			6
2025.09.29	01:34:46.602	1.34042	1.34045			6
2025.09.29	01:34:47.217	1.34043	1.34046			6
2025.09.29	01:34:47.827	1.34044	1.34047			6
2025.09.29	01:35:00.089	1.34044				2
2025.09.29	01:35:00.396	1.34043	1.34046			6
2025.09.29	01:35:03.764	1.34042	1.34045			6
2025.09.29	01:35:04.073	1.34045	1.34047			6
2025.09.29	01:35:04.384	1.34042	1.34045			6
2025.09.29	01:35:38.495	1.34043	1.34046			6
2025.09.29	01:35:38.807	1.34042	1.34045			6
2025.09.29	01:35:40.642	1.34043	1.34046			6
2025.09.29	01:35:40.950	1.34042	1.34045			6
2025.09.29	01:35:43.721	1.34043	1.34046			6
2025.09.29	01:35:44.023	1.34042	1.34045			6
2025.09.29	01:35:46.795	1.34043	1.34046			6
2025.09.29	01:35:47.100	1.34042	1.34045			6
2025.09.29	01:35:48.942	1.34043	1.34046			6
2025.09.29	01:35:49.256	1.34042	1.34045			6
2025.09.29	01:35:52.020	1.34043	1.34046			6
2025.09.29	01:35:52.329	1.34042	1.34045			6
2025.09.29	01:35:54.168	1.34043	1.34046			6
2025.09.29	01:35:58.487	1.34045	1.34047			6
2025.09.29	01:35:58.796	1.34043	1.34046			6
2025.09.29	01:35:59.103	1.34040	1.34047			6
2025.09.29	01:36:00.034	1.34040				2
2025.09.29	01:36:00.965		1.34046			4
2025.09.29	01:36:09.316	1.34041				2
2025.09.29	01:36:11.172	1.34042				2
2025.09.29	01:36:14.276	1.34043				2
2025.09.29	01:36:14.583	1.34040	1.34041			6
2025.09.29	01:36:14.888	1.34037	1.34040			6
2025.09.29	01:36:16.105	1.34036	1.34042			6
2025.09.29	01:36:18.577		1.34043			4
2025.09.29	01:36:25.360		1.34042			4
2025.09.29	01:36:26.286	1.34037				2
2025.09.29	01:36:27.212		1.34041			4
2025.09.29	01:36:30.279	1.34038				2
2025.09.29	01:36:44.684	1.34037	1.34040			6
2025.09.29	01:37:00.300	1.34037				2
2025.09.29	01:37:15.286	1.34035	1.34038			6
2025.09.29	01:37:15.591	1.34037	1.34040			6
2025.09.29	01:37:39.500	1.34035	1.34038			6
2025.09.29	01:37:39.809	1.34037	1.34040			6
2025.09.29	01:37:56.710	1.34036	1.34039			6
2025.09.29	01:37:57.019	1.34037	1.34040			6
2025.09.29	01:37:57.634	1.34044	1.34047			6
2025.09.29	01:37:58.256	1.34042	1.34049			6
2025.09.29	01:37:58.563	1.34043				2
2025.09.29	01:38:00.117	1.34043				2
2025.09.29	01:38:00.426		1.34050			4
2025.09.29	01:38:04.148	1.34044				2
2025.09.29	01:38:06.930	1.34043				2
2025.09.29	01:38:07.246	1.34044				2
2025.09.29	01:38:07.860	1.34043				2
2025.09.29	01:38:08.166		1.34049			4
2025.09.29	01:38:09.402	1.34044	1.34048			6
2025.09.29	01:38:10.639		1.34049			4
2025.09.29	01:38:12.184		1.34048			4
2025.09.29	01:38:13.108	1.34046	1.34050			6
2025.09.29	01:38:14.030	1.34045	1.34049			6
2025.09.29	01:38:15.256	1.34046	1.34050			6
2025.09.29	01:38:17.107	1.34047				2
2025.09.29	01:38:23.259	1.34046				2
2025.09.29	01:38:24.191	1.34044				2
2025.09.29	01:38:26.343	1.34045				2
2025.09.29	01:38:27.266	1.34044	1.34048			6
2025.09.29	01:38:28.190	1.34045				2
2025.09.29	01:38:30.023	1.34046	1.34049			6
2025.09.29	01:38:34.927	1.34045	1.34048			6
2025.09.29	01:38:36.757	1.34046	1.34049			6
2025.09.29	01:38:38.897	1.34045	1.34048			6
2025.09.29	01:38:39.202	1.34044	1.34047			6
2025.09.29	01:38:45.349	1.34043	1.34046			6
2025.09.29	01:38:46.568		1.34045			4
2025.09.29	01:38:47.184	1.34042				2
2025.09.29	01:38:47.800	1.34043	1.34046			6
2025.09.29	01:38:53.918	1.34044	1.34047			6
2025.09.29	01:38:54.834	1.34045	1.34048			6
2025.09.29	01:38:58.509	1.34043	1.34046			6
2025.09.29	01:39:00.035	1.34043				2
2025.09.29	01:39:02.776	1.34044	1.34047			6
2025.09.29	01:39:03.691	1.34046	1.34049			6
2025.09.29	01:39:04.304	1.34045				2
2025.09.29	01:39:04.933	1.34046	1.34050			6
2025.09.29	01:39:06.166	1.34047				2
2025.09.29	01:39:07.384	1.34050	1.34051			6
2025.09.29	01:39:07.687	1.34047	1.34050			6
2025.09.29	01:39:08.609	1.34044	1.34047			6
2025.09.29	01:39:09.230	1.34043	1.34049			6
2025.09.29	01:39:10.469		1.34050			4
2025.09.29	01:39:11.391		1.34049			4
2025.09.29	01:39:12.313		1.34048			4
2025.09.29	01:39:12.932	1.34042	1.34047			6
2025.09.29	01:39:13.857	1.34043	1.34048			6
2025.09.29	01:39:15.091		1.34047			4
2025.09.29	01:39:16.317	1.34044				2
2025.09.29	01:39:17.235	1.34047	1.34050			6
2025.09.29	01:39:17.541	1.34046	1.34049			6
2025.09.29	01:39:18.163	1.34045	1.34050			6
2025.09.29	01:39:18.469	1.34046	1.34051			6
2025.09.29	01:39:19.393		1.34050			4
2025.09.29	01:39:20.317	1.34047				2
2025.09.29	01:39:23.076	1.34046	1.34049			6
2025.09.29	01:39:25.221	1.34047	1.34050			6
2025.09.29	01:39:26.435	1.34046	1.34049			6
2025.09.29	01:39:27.966	1.34047	1.34050			6
2025.09.29	01:40:00.244	1.34047				2
2025.09.29	01:40:00.857	1.34048	1.34051			6
2025.09.29	01:40:08.573	1.34046	1.34049			6
2025.09.29	01:40:08.878	1.34047	1.34050			6
2025.09.29	01:40:19.351	1.34049	1.34051			6
2025.09.29	01:40:19.658	1.34047	1.34050			6
2025.09.29	01:40:26.453	1.34045	1.34048			6
2025.09.29	01:40:26.756	1.34046	1.34049			6
2025.09.29	01:40:40.953	1.34047	1.34050			6
2025.09.29	01:40:43.731	1.34046	1.34049			6
2025.09.29	01:40:44.038	1.34047	1.34050			6
2025.09.29	01:41:00.095	1.34047				2
2025.09.29	01:41:28.761	1.34046	1.34049			6
2025.09.29	01:41:30.308	1.34045				2
2025.09.29	01:41:31.235	1.34046				2
2025.09.29	01:41:32.469	1.34045	1.34048			6
2025.09.29	01:41:33.402	1.34046	1.34049			6
2025.09.29	01:41:34.318	1.34045				2
2025.09.29	01:41:39.247	1.34046				2
2025.09.29	01:41:47.268	1.34049	1.34051			6
2025.09.29	01:41:47.585	1.34046	1.34049			6
2025.09.29	01:41:48.211	1.34045	1.34051			6
2025.09.29	01:41:52.241	1.34044				2
2025.09.29	01:41:59.374		1.34050			4
2025.09.29	01:42:00.298	1.34043	1.34048			6
2025.09.29	01:42:01.236		1.34049			4
2025.09.29	01:42:03.096		1.34048			4
2025.09.29	01:42:04.031	1.34044				2
2025.09.29	01:42:04.340		1.34049			4
2025.09.29	01:42:05.276	1.34045	1.34050			6
2025.09.29	01:42:08.365		1.34049			4
2025.09.29	01:42:10.210	1.34046				2
2025.09.29	01:42:28.549	1.34044	1.34047			6
2025.09.29	01:42:31.622	1.34047	1.34050			6
2025.09.29	01:42:32.240	1.34045	1.34051			6
2025.09.29	01:42:32.547	1.34043	1.34049			6
2025.09.29	01:42:33.163		1.34048			4
2025.09.29	01:42:33.469	1.34045	1.34051			6
2025.09.29	01:42:34.095	1.34046				2
2025.09.29	01:42:35.333		1.34050			4
2025.09.29	01:42:38.109	1.34047				2
2025.09.29	01:42:39.634	1.34044	1.34047			6
2025.09.29	01:42:39.935	1.34045	1.34048			6
2025.09.29	01:42:40.239	1.34044	1.34047			6
2025.09.29	01:42:40.853	1.34046	1.34049			6
2025.09.29	01:42:41.154		1.34051			4
2025.09.29	01:42:49.191		1.34050			4
2025.09.29	01:42:51.357	1.34047				2
2025.09.29	01:43:00.218	1.34047				2
2025.09.29	01:43:12.172	1.34046	1.34049			6
2025.09.29	01:43:12.478	1.34047	1.34050			6
2025.09.29	01:43:37.834	1.34051	1.34052			6
2025.09.29	01:43:38.147	1.34047	1.34050			6
2025.09.29	01:43:50.488	1.34051	1.34052			6
2025.09.29	01:43:50.790	1.34047	1.34050			6
2025.09.29	01:43:51.105		1.34051			4
2025.09.29	01:44:00.078	1.34047				2
2025.09.29	01:44:00.385	1.34046				2
2025.09.29	01:44:04.397		1.34050			4
2025.09.29	01:44:06.248	1.34047				2
2025.09.29	01:44:06.550	1.34046	1.34049			6
2025.09.29	01:44:23.089	1.34045	1.34048			6
2025.09.29	01:44:40.592	1.34047	1.34050			6
2025.09.29	01:44:41.206	1.34046				2
2025.09.29	01:44:43.369	1.34047				2
2025.09.29	01:45:00.230	1.34047				2
2025.09.29	01:45:31.429	1.34050	1.34051			6
2025.09.29	01:45:31.735	1.34047	1.34050			6
2025.09.29	01:45:34.512	1.34050	1.34051			6
2025.09.29	01:45:34.819	1.34047	1.34050			6
2025.09.29	01:45:35.739	1.34046	1.34049			6
2025.09.29	01:45:41.274	1.34047	1.34050			6
2025.09.29	01:45:42.198	1.34046				2
2025.09.29	01:45:44.349	1.34047				2
2025.09.29	01:45:44.961	1.34046	1.34049			6
2025.09.29	01:45:52.319	1.34047	1.34050			6
2025.09.29	01:45:53.244	1.34046	1.34049			6
2025.09.29	01:45:54.169	1.34045	1.34050			6
2025.09.29	01:45:54.475	1.34044				2
2025.09.29	01:45:57.248		1.34049			4
2025.09.29	01:45:58.470	1.34043	1.34048			6
2025.09.29	01:46:00.027	1.34043				2
2025.09.29	01:46:07.167		1.34047			4
2025.09.29	01:46:10.236		1.34046			4
2025.09.29	01:46:23.706	1.34044	1.34047			6
2025.09.29	01:46:32.316	1.34041	1.34043			6
2025.09.29	01:46:32.621	1.34037	1.34040			6
2025.09.29	01:46:32.924	1.34036	1.34039			6
2025.09.29	01:46:33.225	1.34034	1.34040			6
2025.09.29	01:46:40.924	1.34036	1.34042			6
2025.09.29	01:46:41.234		1.34041			4
2025.09.29	01:46:43.380		1.34042			4
2025.09.29	01:46:43.688	1.34035	1.34040			6
2025.09.29	01:46:46.146		1.34039			4
2025.09.29	01:46:47.373		1.34038			4
2025.09.29	01:47:00.258	1.34035				2
2025.09.29	01:47:11.316	1.34038	1.34039			6
2025.09.29	01:47:11.618		1.34041			4
2025.09.29	01:47:26.946	1.34043	1.34045			6
2025.09.29	01:47:27.262	1.34042				2
2025.09.29	01:47:27.570		1.34044			4
2025.09.29	01:47:31.260	1.34043	1.34046			6
2025.09.29	01:47:31.564	1.34044	1.34047			6
2025.09.29	01:47:32.176	1.34043	1.34048			6
2025.09.29	01:47:33.110		1.34046			4
2025.09.29	01:47:42.595	1.34042	1.34043			6
2025.09.29	01:47:42.902	1.34043	1.34046			6
2025.09.29	01:47:43.820	1.34047	1.34050			6
2025.09.29	01:47:44.133	1.34045	1.34051			6
2025.09.29	01:47:44.748	1.34044	1.34050			6
2025.09.29	01:47:45.367	1.34042	1.34048			6
2025.09.29	01:47:47.518	1.34043				2
2025.09.29	01:47:53.360	1.34044	1.34050			6
2025.09.29	01:47:58.280		1.34049			4
2025.09.29	01:48:00.141	1.34044	1.34048			6
2025.09.29	01:48:01.367	1.34045				2
2025.09.29	01:48:16.689	1.34043	1.34045			6
2025.09.29	01:48:16.995		1.34046			4
2025.09.29	01:48:24.022	1.34042	1.34043			6
2025.09.29	01:48:24.333		1.34046			4
2025.09.29	01:48:25.264		1.34048			4
2025.09.29	01:48:26.491		1.34047			4
2025.09.29	01:48:30.192		1.34048			4
2025.09.29	01:48:31.125		1.34047			4
2025.09.29	01:48:32.357		1.34046			4
2025.09.29	01:48:33.279	1.34043				2
2025.09.29	01:48:34.815	1.34046	1.34048			6
2025.09.29	01:48:36.656	1.34043				2
2025.09.29	01:48:38.201		1.34049			4
2025.09.29	01:48:39.429	1.34042	1.34048			6
2025.09.29	01:48:40.665	1.34046	1.34050			6
2025.09.29	01:48:42.516	1.34044				2
2025.09.29	01:48:43.137		1.34049			4
2025.09.29	01:48:44.382		1.34047			4
2025.09.29	01:48:44.994	1.34046	1.34048			6
2025.09.29	01:48:45.299	1.34045				2
2025.09.29	01:48:51.140	1.34044	1.34047			6
2025.09.29	01:48:53.276	1.34042	1.34045			6
2025.09.29	01:49:00.039	1.34042				2
2025.09.29	01:49:04.332	1.34043	1.34046			6
2025.09.29	01:49:07.693	1.34042	1.34045			6
2025.09.29	01:49:17.540	1.34046	1.34049			6
2025.09.29	01:49:31.032	1.34045	1.34048			6
2025.09.29	01:49:32.864	1.34042	1.34044			6
2025.09.29	01:49:33.173	1.34043	1.34046			6
2025.09.29	01:49:45.117	1.34042	1.34045			6
2025.09.29	01:49:46.947		1.34044			4
2025.09.29	01:49:47.251	1.34045	1.34048			6
2025.09.29	01:49:47.565	1.34044	1.34047			6
2025.09.29	01:49:48.173	1.34043				2
2025.09.29	01:49:49.096		1.34048			4
2025.09.29	01:49:50.331		1.34047			4
2025.09.29	01:49:51.257	1.34044				2
2025.09.29	01:49:56.753	1.34045	1.34048			6
2025.09.29	01:50:00.122	1.34045				2
2025.09.29	01:50:03.501	1.34048	1.34049			6
2025.09.29	01:50:04.424		1.34050			4
2025.09.29	01:50:16.073	1.34050	1.34051			6
2025.09.29	01:50:16.376	1.34048	1.34050			6
2025.09.29	01:50:35.415	1.34051	1.34052			6
2025.09.29	01:50:35.716	1.34048	1.34051			6
2025.09.29	01:50:42.167	1.34047	1.34050			6
2025.09.29	01:50:43.080	1.34046	1.34049			6
2025.09.29	01:50:43.387	1.34045	1.34048			6
2025.09.29	01:50:44.302		1.34049			4
2025.09.29	01:50:46.175		1.34048			4
2025.09.29	01:50:57.225	1.34046	1.34049			6
2025.09.29	01:51:00.287	1.34045	1.34048			6
2025.09.29	01:51:06.104	1.34046	1.34049			6
2025.09.29	01:51:16.526	1.34047	1.34050			6
2025.09.29	01:51:28.235	1.34046	1.34047			6
2025.09.29	01:51:28.538	1.34047	1.34050			6
2025.09.29	01:51:45.853	1.34046	1.34049			6
2025.09.29	01:51:53.268	1.34047	1.34050			6
2025.09.29	01:52:00.072	1.34047				2
