<DATE>	<TIME>	<BID>	<ASK>	<LAST>	<VOLUME>	<FLAGS>
2025.07.18	00:03:30.926	1.34079	1.34169			6
2025.07.18	00:03:36.130	1.34117	1.34201			6
2025.07.18	00:04:00.160	1.34117				2
2025.07.18	00:04:36.188		1.34201			4
2025.07.18	00:05:00.203	1.34117				2
2025.07.18	00:05:07.275	1.34083	1.34173			6
2025.07.18	00:05:07.582	1.34080	1.34170			6
2025.07.18	00:05:07.890	1.34081	1.34171			6
2025.07.18	00:05:08.498	1.34080	1.34170			6
2025.07.18	00:05:13.405	1.34101	1.34191			6
2025.07.18	00:05:26.890	1.34110	1.34200			6
2025.07.18	00:06:00.062	1.34110				2
2025.07.18	00:06:27.178		1.34200			4
2025.07.18	00:06:49.634	1.34118	1.34201			6
2025.07.18	00:07:00.084	1.34118				2
2025.07.18	00:07:15.766		1.34222			4
2025.07.18	00:07:16.585		1.34201			4
2025.07.18	00:07:20.282		1.34222			4
2025.07.18	00:07:21.016		1.34201			4
2025.07.18	00:07:49.610	1.34116				2
2025.07.18	00:08:00.080	1.34116				2
2025.07.18	00:08:10.860	1.34130	1.34216			6
2025.07.18	00:08:11.170		1.34214			4
2025.07.18	00:08:29.014	1.34136	1.34219			6
2025.07.18	00:08:31.789		1.34220			4
2025.07.18	00:08:32.097		1.34219			4
2025.07.18	00:08:37.634		1.34220			4
2025.07.18	00:08:38.246		1.34221			4
2025.07.18	00:08:39.473		1.34222			4
2025.07.18	00:08:40.083		1.34223			4
2025.07.18	00:08:40.391		1.34224			4
2025.07.18	00:08:42.528		1.34219			4
2025.07.18	00:08:43.455		1.34224			4
2025.07.18	00:08:43.758		1.34225			4
2025.07.18	00:08:46.524		1.34226			4
2025.07.18	00:08:47.447	1.34137	1.34227			6
2025.07.18	00:08:57.611	1.34136	1.34225			6
2025.07.18	00:09:00.072	1.34136				2
2025.07.18	00:09:01.306		1.34226			4
2025.07.18	00:09:03.150	1.34138	1.34228			6
2025.07.18	00:09:09.925	1.34143	1.34230			6
2025.07.18	00:09:11.470		1.34231			4
2025.07.18	00:09:15.175		1.34232			4
2025.07.18	00:09:19.479		1.34233			4
2025.07.18	00:09:21.330		1.34231			4
2025.07.18	00:09:27.182		1.34232			4
2025.07.18	00:09:33.649		1.34233			4
2025.07.18	00:09:34.880	1.34144	1.34234			6
2025.07.18	00:09:40.119	1.34143	1.34233			6
2025.07.18	00:09:47.510		1.34232			4
2025.07.18	00:09:50.586		1.34233			4
2025.07.18	00:09:54.600	1.34144	1.34234			6
2025.07.18	00:10:00.140	1.34144				2
2025.07.18	00:10:02.602	1.34143	1.34233			6
2025.07.18	00:10:28.467	1.34144	1.34234			6
2025.07.18	00:10:36.808	1.34148	1.34238			6
2025.07.18	00:10:37.112	1.34149	1.34239			6
2025.07.18	00:10:53.127	1.34145	1.34235			6
2025.07.18	00:10:53.437	1.34144	1.34234			6
2025.07.18	00:10:55.282	1.34143	1.34233			6
2025.07.18	00:10:55.593	1.34141	1.34231			6
2025.07.18	00:10:55.902	1.34134	1.34224			6
2025.07.18	00:10:56.513	1.34131	1.34221			6
2025.07.18	00:11:00.209	1.34131				2
2025.07.18	00:11:02.670	1.34132	1.34222			6
2025.07.18	00:11:07.904	1.34131	1.34221			6
2025.07.18	00:11:08.206	1.34132	1.34222			6
2025.07.18	00:11:08.512	1.34133	1.34223			6
2025.07.18	00:11:08.824	1.34132	1.34222			6
2025.07.18	00:11:10.665	1.34131	1.34221			6
2025.07.18	00:11:11.281	1.34132	1.34222			6
2025.07.18	00:11:14.663	1.34131	1.34221			6
2025.07.18	00:11:15.590	1.34132	1.34222			6
2025.07.18	00:11:15.898	1.34133	1.34223			6
2025.07.18	00:11:16.201	1.34131	1.34221			6
2025.07.18	00:11:33.759	1.34132	1.34222			6
2025.07.18	00:11:34.370	1.34131	1.34221			6
2025.07.18	00:11:49.446	1.34132	1.34222			6
2025.07.18	00:12:00.211	1.34132				2
2025.07.18	00:12:06.058		1.34213			4
2025.07.18	00:12:06.367		1.34219			4
2025.07.18	00:12:07.599	1.34133	1.34218			6
2025.07.18	00:12:09.150		1.34219			4
2025.07.18	00:12:09.451	1.34134				2
2025.07.18	00:12:41.826	1.34132				2
2025.07.18	00:12:42.745	1.34131				2
2025.07.18	00:12:43.054		1.34218			4
2025.07.18	00:12:43.361		1.34219			4
2025.07.18	00:12:51.412	1.34132				2
2025.07.18	00:12:54.483	1.34133				2
2025.07.18	00:12:54.790	1.34132				2
2025.07.18	00:12:56.636	1.34131				2
2025.07.18	00:13:00.019	1.34131				2
2025.07.18	00:13:17.270		1.34221			4
2025.07.18	00:14:00.026	1.34131				2
2025.07.18	00:14:17.469		1.34221			4
2025.07.18	00:14:30.354	1.34130	1.34220			6
2025.07.18	00:15:00.041	1.34130				2
2025.07.18	00:15:30.447		1.34220			4
2025.07.18	00:15:31.060	1.34131	1.34221			6
2025.07.18	00:16:00.295	1.34131				2
2025.07.18	00:16:31.062		1.34221			4
2025.07.18	00:17:00.044	1.34131				2
2025.07.18	00:17:31.132		1.34221			4
2025.07.18	00:18:00.054	1.34131				2
2025.07.18	00:18:31.431		1.34221			4
2025.07.18	00:19:00.054	1.34131				2
2025.07.18	00:19:31.738		1.34221			4
2025.07.18	00:20:00.039	1.34131				2
2025.07.18	00:20:00.348	1.34130	1.34235			6
2025.07.18	00:20:13.587	1.34129				2
2025.07.18	00:20:24.054	1.34128	1.34236			6
2025.07.18	00:20:25.598	1.34129				2
2025.07.18	00:20:26.204	1.34125				2
2025.07.18	00:20:27.445	1.34129	1.34218			6
2025.07.18	00:21:00.093	1.34129				2
2025.07.18	00:21:15.814		1.34219			4
2025.07.18	00:21:16.743		1.34218			4
2025.07.18	00:21:17.046		1.34219			4
2025.07.18	00:21:18.581		1.34218			4
2025.07.18	00:21:22.270		1.34219			4
2025.07.18	00:21:22.579		1.34218			4
2025.07.18	00:21:33.356		1.34219			4
2025.07.18	00:21:36.122	1.34130	1.34220			6
2025.07.18	00:21:46.581	1.34131	1.34221			6
2025.07.18	00:21:48.124	1.34130	1.34220			6
2025.07.18	00:22:00.123	1.34130				2
2025.07.18	00:22:00.432	1.34131	1.34221			6
2025.07.18	00:22:00.743	1.34132	1.34222			6
2025.07.18	00:22:05.671	1.34133	1.34223			6
2025.07.18	00:22:08.439	1.34131	1.34221			6
2025.07.18	00:22:14.909	1.34133	1.34223			6
2025.07.18	00:22:16.761	1.34131	1.34221			6
2025.07.18	00:22:17.068	1.34134	1.34224			6
2025.07.18	00:22:18.297	1.34132	1.34222			6
2025.07.18	00:22:22.292	1.34131	1.34221			6
2025.07.18	00:22:34.902	1.34132	1.34222			6
2025.07.18	00:23:00.139	1.34132				2
2025.07.18	00:23:02.905	1.34131	1.34221			6
2025.07.18	00:23:03.211	1.34133	1.34223			6
2025.07.18	00:23:08.127	1.34132	1.34222			6
2025.07.18	00:23:08.435	1.34133	1.34223			6
2025.07.18	00:23:08.740	1.34132	1.34222			6
2025.07.18	00:23:09.663	1.34133	1.34223			6
2025.07.18	00:23:16.749	1.34132	1.34222			6
2025.07.18	00:23:17.057	1.34133	1.34223			6
2025.07.18	00:23:35.196	1.34131	1.34221			6
2025.07.18	00:23:39.818	1.34132	1.34222			6
2025.07.18	00:23:49.687	1.34134	1.34224			6
2025.07.18	00:23:56.771	1.34133	1.34223			6
2025.07.18	00:23:58.927	1.34134	1.34224			6
2025.07.18	00:24:00.154	1.34134				2
2025.07.18	00:24:02.924	1.34135	1.34225			6
2025.07.18	00:24:26.634	1.34136	1.34226			6
2025.07.18	00:24:29.397	1.34129	1.34218			6
2025.07.18	00:25:00.148	1.34130	1.34220			6
2025.07.18	00:25:00.762	1.34129	1.34218			6
2025.07.18	00:25:10.622		1.34219			4
2025.07.18	00:25:16.783	1.34130	1.34220			6
2025.07.18	00:25:18.937	1.34131	1.34221			6
2025.07.18	00:25:19.550	1.34132	1.34222			6
2025.07.18	00:25:26.648	1.34131	1.34221			6
2025.07.18	00:25:27.571	1.34132	1.34222			6
2025.07.18	00:25:32.197	1.34133	1.34223			6
2025.07.18	00:25:40.527	1.34134	1.34224			6
2025.07.18	00:26:00.248	1.34134				2
2025.07.18	00:26:06.727	1.34135	1.34225			6
2025.07.18	00:26:18.735	1.34130	1.34220			6
2025.07.18	00:26:19.963	1.34131	1.34221			6
2025.07.18	00:26:30.751	1.34130	1.34220			6
2025.07.18	00:27:00.267	1.34130				2
2025.07.18	00:27:31.046		1.34220			4
2025.07.18	00:27:31.659	1.34129	1.34219			6
2025.07.18	00:27:31.966	1.34131	1.34221			6
2025.07.18	00:27:32.888	1.34130	1.34220			6
2025.07.18	00:27:33.809	1.34129	1.34219			6
2025.07.18	00:27:36.585	1.34131	1.34221			6
2025.07.18	00:27:44.288	1.34132	1.34222			6
2025.07.18	00:27:51.985	1.34130	1.34220			6
2025.07.18	00:27:56.301	1.34129	1.34219			6
2025.07.18	00:28:00.302	1.34129				2
2025.07.18	00:28:07.690	1.34130	1.34220			6
2025.07.18	00:28:18.148	1.34129	1.34219			6
2025.07.18	00:28:27.374	1.34130				2
2025.07.18	00:28:36.602		1.34220			4
2025.07.18	00:28:40.912	1.34131	1.34221			6
2025.07.18	00:28:56.311	1.34132	1.34222			6
2025.07.18	00:29:00.017	1.34132				2
2025.07.18	00:29:06.486	1.34130	1.34220			6
2025.07.18	00:29:26.823		1.34219			4
2025.07.18	00:29:28.977		1.34220			4
2025.07.18	00:29:48.675	1.34131	1.34221			6
2025.07.18	00:30:00.051	1.34131				2
2025.07.18	00:30:00.359	1.34133	1.34222			6
2025.07.18	00:30:00.664	1.34134				2
2025.07.18	00:30:01.589	1.34133				2
2025.07.18	00:30:02.819	1.34132				2
2025.07.18	00:30:03.741		1.34221			4
2025.07.18	00:30:06.820	1.34133				2
2025.07.18	00:30:07.432	1.34132				2
2025.07.18	00:30:08.041	1.34133				2
2025.07.18	00:30:08.963	1.34130	1.34220			6
2025.07.18	00:30:10.799	1.34131	1.34221			6
2025.07.18	00:30:12.651	1.34133				2
2025.07.18	00:30:14.485		1.34223			4
2025.07.18	00:30:15.098	1.34132	1.34222			6
2025.07.18	00:30:16.627	1.34133	1.34223			6
2025.07.18	00:30:17.547	1.34132	1.34222			6
2025.07.18	00:30:19.689	1.34133	1.34223			6
2025.07.18	00:30:23.070	1.34134	1.34224			6
2025.07.18	00:30:23.381	1.34133	1.34223			6
2025.07.18	00:30:23.691	1.34134	1.34224			6
2025.07.18	00:30:30.429	1.34135	1.34225			6
2025.07.18	00:30:31.347	1.34134	1.34224			6
2025.07.18	00:30:32.882	1.34135	1.34225			6
2025.07.18	00:30:47.608	1.34132	1.34222			6
2025.07.18	00:30:47.918	1.34133	1.34223			6
2025.07.18	00:30:48.223	1.34132	1.34222			6
2025.07.18	00:31:00.206	1.34132				2
2025.07.18	00:31:32.153	1.34131	1.34221			6
2025.07.18	00:31:39.863	1.34136	1.34225			6
2025.07.18	00:31:44.495	1.34138				2
2025.07.18	00:31:49.751	1.34139				2
2025.07.18	00:31:53.468	1.34133	1.34222			6
2025.07.18	00:31:53.774	1.34131	1.34221			6
2025.07.18	00:31:54.081	1.34132	1.34222			6
2025.07.18	00:31:55.935	1.34133	1.34223			6
2025.07.18	00:32:00.255	1.34133				2
2025.07.18	00:32:04.278	1.34134	1.34224			6
2025.07.18	00:32:05.514	1.34135	1.34225			6
2025.07.18	00:32:12.923	1.34132	1.34222			6
2025.07.18	00:32:13.231	1.34130	1.34220			6
2025.07.18	00:32:23.654	1.34134	1.34224			6
2025.07.18	00:32:27.657	1.34135	1.34225			6
2025.07.18	00:32:38.126	1.34138				2
2025.07.18	00:32:42.451	1.34137				2
2025.07.18	00:33:00.305	1.34137				2
2025.07.18	00:34:32.627	1.34135	1.34224			6
2025.07.18	00:34:32.914	1.34136				2
2025.07.18	00:34:50.847	1.34135				2
2025.07.18	00:34:52.383	1.34136				2
2025.07.18	00:34:53.004		1.34225			4
2025.07.18	00:34:53.310	1.34137				2
2025.07.18	00:34:56.097	1.34138	1.34220			6
2025.07.18	00:35:00.120	1.34138				2
2025.07.18	00:35:02.593	1.34137				2
2025.07.18	00:35:02.896	1.34138				2
2025.07.18	00:35:05.054	1.34137				2
2025.07.18	00:35:14.943	1.34138				2
2025.07.18	00:35:20.195	1.34137				2
2025.07.18	00:35:25.138	1.34136				2
2025.07.18	00:35:27.609	1.34135				2
2025.07.18	00:35:28.845	1.34134				2
2025.07.18	00:35:35.030	1.34135				2
2025.07.18	00:35:36.581	1.34136				2
2025.07.18	00:35:36.887	1.34137				2
2025.07.18	00:35:49.847	1.34136				2
2025.07.18	00:35:56.323		1.34220			4
2025.07.18	00:36:00.029	1.34136				2
2025.07.18	00:36:04.664		1.34217			4
2025.07.18	00:36:05.594	1.34133				2
2025.07.18	00:36:14.530		1.34219			4
2025.07.18	00:36:20.404	1.34134				2
2025.07.18	00:36:27.520	1.34132				2
2025.07.18	00:36:28.452	1.34133				2
2025.07.18	00:36:39.586		1.34216			4
2025.07.18	00:37:00.256	1.34133				2
2025.07.18	00:37:22.179	1.34134				2
2025.07.18	00:37:39.717		1.34216			4
2025.07.18	00:37:43.729	1.34135				2
2025.07.18	00:37:44.039	1.34137				2
2025.07.18	00:37:49.603	1.34134				2
2025.07.18	00:37:50.525	1.34132				2
2025.07.18	00:37:52.392		1.34215			4
2025.07.18	00:38:00.095	1.34132				2
2025.07.18	00:38:13.958	1.34134				2
2025.07.18	00:38:21.365	1.34133				2
2025.07.18	00:38:22.287	1.34130	1.34212			6
2025.07.18	00:38:27.536	1.34122				2
2025.07.18	00:38:31.857	1.34128	1.34215			6
2025.07.18	00:38:35.562	1.34130	1.34210			6
2025.07.18	00:38:39.114		1.34209			4
2025.07.18	00:38:39.428		1.34211			4
2025.07.18	00:38:41.649		1.34210			4
2025.07.18	00:38:42.879		1.34211			4
2025.07.18	00:38:51.054	1.34137				2
2025.07.18	00:38:57.224	1.34138	1.34212			6
2025.07.18	00:39:00.311	1.34138				2
2025.07.18	00:39:04.924	1.34130				2
2025.07.18	00:39:06.982	1.34140	1.34210			6
2025.07.18	00:39:09.140		1.34212			4
2025.07.18	00:39:09.447	1.34138				2
2025.07.18	00:39:16.526	1.34130				2
2025.07.18	00:39:20.010		1.34211			4
2025.07.18	00:39:24.948		1.34210			4
2025.07.18	00:39:25.564		1.34209			4
2025.07.18	00:39:35.563		1.34208			4
2025.07.18	00:39:49.824		1.34207			4
2025.07.18	00:39:57.386		1.34208			4
2025.07.18	00:40:00.522	1.34130				2
2025.07.18	00:40:11.024		1.34205			4
2025.07.18	00:40:15.947		1.34206			4
2025.07.18	00:40:16.883		1.34203			4
2025.07.18	00:40:32.629		1.34204			4
2025.07.18	00:41:00.080	1.34130				2
2025.07.18	00:41:13.640		1.34207			4
2025.07.18	00:41:17.810		1.34206			4
2025.07.18	00:41:23.963		1.34202			4
2025.07.18	00:41:24.346		1.34207			4
2025.07.18	00:41:33.539		1.34204			4
2025.07.18	00:41:41.868		1.34203			4
2025.07.18	00:41:42.492	1.34128	1.34209			6
2025.07.18	00:41:43.891		1.34211			4
2025.07.18	00:41:44.194		1.34212			4
2025.07.18	00:41:47.066		1.34210			4
2025.07.18	00:41:49.516	1.34130				2
2025.07.18	00:41:49.820		1.34211			4
2025.07.18	00:41:53.755		1.34209			4
2025.07.18	00:41:54.670		1.34208			4
2025.07.18	00:42:00.190	1.34130				2
2025.07.18	00:42:04.182		1.34210			4
2025.07.18	00:42:04.794		1.34208			4
2025.07.18	00:42:22.593		1.34209			4
2025.07.18	00:42:24.740		1.34208			4
2025.07.18	00:42:27.797		1.34209			4
2025.07.18	00:42:33.332		1.34210			4
2025.07.18	00:42:35.477		1.34212			4
2025.07.18	00:43:01.282	1.34130				2
2025.07.18	00:43:06.983		1.34211			4
2025.07.18	00:44:03.600	1.34130				2
2025.07.18	00:44:19.803		1.34211			4
2025.07.18	00:44:53.714		1.34214			4
2025.07.18	00:44:54.947		1.34213			4
2025.07.18	00:44:55.252		1.34214			4
2025.07.18	00:44:56.181	1.34132	1.34215			6
2025.07.18	00:44:56.486		1.34217			4
2025.07.18	00:44:58.641		1.34216			4
2025.07.18	00:45:00.183	1.34132				2
2025.07.18	00:45:00.490	1.34133	1.34212			6
2025.07.18	00:45:03.140	1.34126	1.34216			6
2025.07.18	00:45:06.523	1.34133	1.34212			6
2025.07.18	00:45:11.006	1.34149	1.34196			6
2025.07.18	00:45:11.316		1.34197			4
2025.07.18	00:45:12.546	1.34151				2
2025.07.18	00:45:23.001	1.34152				2
2025.07.18	00:45:35.312	1.34153				2
2025.07.18	00:45:42.393	1.34152	1.34205			6
2025.07.18	00:45:44.854		1.34196			4
2025.07.18	00:45:46.396	1.34161				2
2025.07.18	00:45:50.403		1.34197			4
2025.07.18	00:46:00.254	1.34161				2
2025.07.18	00:46:03.024	1.34162				2
2025.07.18	00:46:17.526	1.34160				2
2025.07.18	00:46:32.624		1.34199			4
2025.07.18	00:46:46.495	1.34165				2
2025.07.18	00:47:00.035	1.34165				2
2025.07.18	00:47:03.111	1.34154	1.34212			6
2025.07.18	00:47:06.497	1.34165	1.34199			6
2025.07.18	00:47:31.413	1.34166	1.34195			6
2025.07.18	00:48:00.086	1.34166				2
2025.07.18	00:48:05.017	1.34154	1.34205			6
2025.07.18	00:48:05.942	1.34155	1.34204			6
2025.07.18	00:48:08.712	1.34154				2
2025.07.18	00:48:14.866	1.34152	1.34200			6
2025.07.18	00:48:15.172		1.34208			4
2025.07.18	00:48:15.790		1.34206			4
2025.07.18	00:48:17.328	1.34153	1.34205			6
2025.07.18	00:48:17.634		1.34200			4
2025.07.18	00:48:17.940	1.34154	1.34199			6
2025.07.18	00:48:19.784	1.34164	1.34197			6
2025.07.18	00:48:34.872	1.34166	1.34196			6
2025.07.18	00:48:54.882	1.34162				2
2025.07.18	00:49:00.101	1.34162				2
2025.07.18	00:49:05.026	1.34161	1.34197			6
2025.07.18	00:49:14.562	1.34146	1.34208			6
2025.07.18	00:49:14.866	1.34148	1.34198			6
2025.07.18	00:49:15.786	1.34150				2
2025.07.18	00:49:18.870	1.34149				2
2025.07.18	00:49:19.176	1.34148				2
2025.07.18	00:49:20.713	1.34151				2
2025.07.18	00:49:21.022	1.34147				2
2025.07.18	00:49:21.326	1.34148				2
2025.07.18	00:49:21.633	1.34146				2
2025.07.18	00:49:24.712	1.34145				2
2025.07.18	00:49:29.634	1.34148				2
2025.07.18	00:49:29.941	1.34150				2
2025.07.18	00:49:30.244	1.34149				2
2025.07.18	00:49:31.476	1.34151				2
2025.07.18	00:49:31.788	1.34155	1.34195			6
2025.07.18	00:49:32.094		1.34198			4
2025.07.18	00:49:35.476	1.34157	1.34195			6
2025.07.18	00:49:49.628	1.34156	1.34196			6
2025.07.18	00:50:00.078	1.34156				2
2025.07.18	00:50:01.928	1.34145	1.34204			6
2025.07.18	00:50:02.236	1.34144	1.34202			6
2025.07.18	00:50:03.152		1.34198			4
2025.07.18	00:50:03.454	1.34141				2
2025.07.18	00:50:04.077	1.34143				2
2025.07.18	00:50:04.687	1.34144				2
2025.07.18	00:50:04.995	1.34142				2
2025.07.18	00:50:11.149	1.34149	1.34197			6
2025.07.18	00:50:13.921		1.34195			4
2025.07.18	00:50:14.848	1.34144	1.34192			6
2025.07.18	00:50:32.093	1.34146	1.34193			6
2025.07.18	00:50:32.398	1.34147				2
2025.07.18	00:50:34.555	1.34146				2
2025.07.18	00:50:35.479	1.34147	1.34191			6
2025.07.18	00:50:43.788	1.34144				2
2025.07.18	00:50:44.102	1.34147				2
2025.07.18	00:50:45.322	1.34144				2
2025.07.18	00:50:47.485	1.34139	1.34195			6
2025.07.18	00:51:00.106	1.34139				2
2025.07.18	00:51:26.870	1.34140	1.34193			6
2025.07.18	00:51:36.694	1.34141				2
2025.07.18	00:51:37.613		1.34192			4
2025.07.18	00:51:44.998	1.34140				2
2025.07.18	00:51:46.545	1.34147				2
2025.07.18	00:51:46.849	1.34146				2
2025.07.18	00:51:54.858	1.34140				2
2025.07.18	00:52:00.079	1.34140				2
2025.07.18	00:52:11.752		1.34195			4
2025.07.18	00:52:26.842	1.34143	1.34191			6
2025.07.18	00:52:27.147	1.34145				2
2025.07.18	00:52:29.921	1.34144				2
2025.07.18	00:52:30.533	1.34145				2
2025.07.18	00:52:34.227	1.34143				2
2025.07.18	00:52:34.842	1.34142	1.34196			6
2025.07.18	00:52:35.766	1.34147	1.34195			6
2025.07.18	00:52:36.075	1.34142	1.34196			6
2025.07.18	00:52:36.381	1.34144	1.34192			6
2025.07.18	00:52:44.072	1.34146				2
2025.07.18	00:52:45.614	1.34144				2
2025.07.18	00:52:46.227	1.34145				2
2025.07.18	00:52:46.534	1.34144				2
2025.07.18	00:52:52.083	1.34145				2
2025.07.18	00:53:00.100	1.34145				2
2025.07.18	00:53:04.414	1.34146				2
2025.07.18	00:53:10.564	1.34145				2
2025.07.18	00:53:10.872	1.34144				2
2025.07.18	00:53:12.711	1.34143	1.34191			6
2025.07.18	00:53:40.721	1.34142	1.34193			6
2025.07.18	00:53:46.566	1.34147				2
2025.07.18	00:53:46.871		1.34192			4
2025.07.18	00:53:47.173	1.34149				2
2025.07.18	00:53:47.487	1.34147				2
2025.07.18	00:53:49.641	1.34146	1.34191			6
2025.07.18	00:53:51.183	1.34141	1.34202			6
2025.07.18	00:53:51.487	1.34146	1.34201			6
2025.07.18	00:53:51.797	1.34147	1.34191			6
2025.07.18	00:53:56.422	1.34146				2
2025.07.18	00:53:56.733	1.34165				2
2025.07.18	00:53:57.040	1.34164				2
2025.07.18	00:53:57.657	1.34162				2
2025.07.18	00:53:57.966	1.34165				2
2025.07.18	00:53:58.894	1.34166				2
2025.07.18	00:54:00.115	1.34166				2
2025.07.18	00:54:00.431	1.34165				2
2025.07.18	00:54:01.660	1.34160				2
2025.07.18	00:54:04.425	1.34161				2
2025.07.18	00:54:05.963	1.34162				2
2025.07.18	00:54:08.742	1.34163				2
2025.07.18	00:54:09.052	1.34164				2
2025.07.18	00:54:09.368	1.34165				2
2025.07.18	00:54:15.241	1.34166				2
2025.07.18	00:54:15.869	1.34167				2
2025.07.18	00:54:17.112	1.34165				2
2025.07.18	00:54:18.961	1.34166				2
2025.07.18	00:54:20.802	1.34167				2
2025.07.18	00:54:21.117	1.34166				2
2025.07.18	00:54:21.422	1.34153				2
2025.07.18	00:54:22.359	1.34157				2
2025.07.18	00:54:23.590	1.34153				2
2025.07.18	00:54:29.159		1.34188			4
2025.07.18	00:54:30.395	1.34166				2
2025.07.18	00:54:30.706	1.34168				2
2025.07.18	00:54:31.319	1.34167				2
2025.07.18	00:54:32.560	1.34168				2
2025.07.18	00:54:33.476	1.34167				2
2025.07.18	00:54:34.091	1.34168				2
2025.07.18	00:54:35.029	1.34165				2
2025.07.18	00:54:35.336	1.34166				2
2025.07.18	00:54:37.803	1.34159				2
2025.07.18	00:54:38.109	1.34160				2
2025.07.18	00:54:38.733	1.34159				2
2025.07.18	00:54:39.037	1.34160				2
2025.07.18	00:54:39.963	1.34159				2
2025.07.18	00:54:43.056	1.34160				2
2025.07.18	00:54:47.069	1.34158				2
2025.07.18	00:54:58.498	1.34156				2
2025.07.18	00:54:59.108	1.34157				2
2025.07.18	00:55:00.035	1.34157				2
2025.07.18	00:55:00.654	1.34158	1.34205			6
2025.07.18	00:55:00.962	1.34160				2
2025.07.18	00:55:01.589	1.34157				2
2025.07.18	00:55:09.317	1.34154	1.34204			6
2025.07.18	00:55:12.419	1.34155				2
2025.07.18	00:55:18.887		1.34208			4
2025.07.18	00:55:28.468		1.34207			4
2025.07.18	00:55:29.704	1.34156				2
2025.07.18	00:56:00.309	1.34156				2
2025.07.18	00:56:03.398		1.34208			4
2025.07.18	00:56:10.823		1.34207			4
2025.07.18	00:56:27.501	1.34157				2
2025.07.18	00:56:30.593	1.34156				2
2025.07.18	00:56:37.395		1.34206			4
2025.07.18	00:56:55.531	1.34157				2
2025.07.18	00:57:00.143	1.34157				2
2025.07.18	00:57:04.743	1.34156				2
2025.07.18	00:57:14.884	1.34155	1.34207			6
2025.07.18	00:57:15.187	1.34156				2
2025.07.18	00:57:15.804	1.34155				2
2025.07.18	00:57:16.108	1.34156				2
2025.07.18	00:57:24.101		1.34206			4
2025.07.18	00:57:25.332	1.34157				2
2025.07.18	00:57:26.880	1.34156				2
2025.07.18	00:57:27.802	1.34153	1.34211			6
2025.07.18	00:57:28.417	1.34154	1.34212			6
2025.07.18	00:57:36.104		1.34206			4
2025.07.18	00:57:37.332	1.34155				2
2025.07.18	00:57:39.796	1.34157				2
2025.07.18	00:57:55.491	1.34155	1.34210			6
2025.07.18	00:57:55.798	1.34162	1.34213			6
2025.07.18	00:57:58.528		1.34210			4
2025.07.18	00:58:00.067	1.34161				2
2025.07.18	00:58:02.839	1.34152	1.34205			6
2025.07.18	00:58:03.146	1.34153	1.34210			6
2025.07.18	00:58:04.689	1.34150	1.34207			6
2025.07.18	00:58:05.000	1.34151	1.34209			6
2025.07.18	00:58:05.918	1.34150	1.34208			6
2025.07.18	00:58:10.537	1.34149	1.34207			6
2025.07.18	00:58:10.853	1.34147	1.34205			6
2025.07.18	00:58:12.684	1.34148	1.34206			6
2025.07.18	00:58:13.003	1.34149	1.34207			6
2025.07.18	00:58:16.394		1.34206			4
2025.07.18	00:58:16.700		1.34207			4
2025.07.18	00:58:17.932	1.34150	1.34208			6
2025.07.18	00:58:18.237	1.34149	1.34207			6
2025.07.18	00:58:18.544	1.34151	1.34209			6
2025.07.18	00:58:19.465	1.34150	1.34208			6
2025.07.18	00:58:23.477		1.34207			4
2025.07.18	00:58:24.707	1.34149				2
2025.07.18	00:58:30.252	1.34150	1.34208			6
2025.07.18	00:58:30.561	1.34149	1.34207			6
2025.07.18	00:58:34.561	1.34148	1.34206			6
2025.07.18	00:58:34.871	1.34147	1.34205			6
2025.07.18	00:58:35.175	1.34148	1.34206			6
2025.07.18	00:58:40.718	1.34150	1.34208			6
2025.07.18	00:58:41.027	1.34149	1.34207			6
2025.07.18	00:58:42.564	1.34148	1.34206			6
2025.07.18	00:58:42.872	1.34149	1.34207			6
2025.07.18	00:58:43.180	1.34150	1.34208			6
2025.07.18	00:58:44.718	1.34149	1.34207			6
2025.07.18	00:58:45.027	1.34148	1.34206			6
2025.07.18	00:58:45.642	1.34147	1.34205			6
2025.07.18	00:58:46.872	1.34148	1.34206			6
2025.07.18	00:58:49.332	1.34147	1.34205			6
2025.07.18	00:58:49.638	1.34148	1.34206			6
2025.07.18	00:58:49.946	1.34147	1.34205			6
2025.07.18	00:58:50.869	1.34148				2
2025.07.18	00:58:54.879	1.34149	1.34207			6
2025.07.18	00:58:55.495	1.34150	1.34208			6
2025.07.18	00:58:56.415	1.34148	1.34206			6
2025.07.18	00:58:57.651		1.34205			4
2025.07.18	00:58:58.567	1.34147				2
2025.07.18	00:59:00.110	1.34148	1.34206			6
2025.07.18	00:59:00.421	1.34146	1.34204			6
2025.07.18	00:59:02.878	1.34147	1.34205			6
2025.07.18	00:59:10.884	1.34148	1.34206			6
2025.07.18	00:59:19.502	1.34155	1.34213			6
2025.07.18	00:59:19.809	1.34151	1.34209			6
2025.07.18	00:59:20.741	1.34148	1.34206			6
2025.07.18	00:59:23.801	1.34147	1.34205			6
2025.07.18	00:59:25.036	1.34148	1.34206			6
2025.07.18	00:59:25.343	1.34149	1.34207			6
2025.07.18	00:59:25.960	1.34148	1.34206			6
2025.07.18	00:59:26.270	1.34149	1.34207			6
2025.07.18	00:59:26.577	1.34148	1.34206			6
2025.07.18	00:59:29.349	1.34149	1.34207			6
2025.07.18	00:59:29.658	1.34147	1.34205			6
2025.07.18	00:59:30.890	1.34149	1.34207			6
2025.07.18	00:59:31.194	1.34146	1.34204			6
2025.07.18	00:59:33.346	1.34147	1.34205			6
2025.07.18	00:59:37.363	1.34146	1.34204			6
2025.07.18	00:59:37.673	1.34147	1.34205			6
2025.07.18	00:59:38.288	1.34149	1.34207			6
2025.07.18	00:59:40.445	1.34150	1.34208			6
2025.07.18	00:59:41.364	1.34146	1.34204			6
2025.07.18	00:59:41.672	1.34148	1.34206			6
2025.07.18	00:59:41.982	1.34147	1.34205			6
2025.07.18	00:59:43.208	1.34146	1.34204			6
2025.07.18	00:59:43.823	1.34147	1.34205			6
2025.07.18	00:59:44.132	1.34148	1.34206			6
2025.07.18	00:59:45.056	1.34147	1.34205			6
2025.07.18	00:59:47.524	1.34148	1.34206			6
2025.07.18	00:59:48.448	1.34147	1.34205			6
2025.07.18	00:59:48.752	1.34145	1.34203			6
2025.07.18	00:59:49.063	1.34143	1.34201			6
2025.07.18	00:59:50.289	1.34144	1.34202			6
2025.07.18	00:59:50.907	1.34143	1.34201			6
2025.07.18	00:59:54.292	1.34145	1.34203			6
2025.07.18	00:59:55.211	1.34158	1.34214			6
2025.07.18	01:00:00.128	1.34153	1.34211			6
2025.07.18	01:00:00.429	1.34166	1.34205			6
2025.07.18	01:00:00.733	1.34180	1.34196			6
2025.07.18	01:00:01.035	1.34179	1.34195			6
2025.07.18	01:00:01.339	1.34180	1.34196			6
2025.07.18	01:00:01.658	1.34179	1.34195			6
2025.07.18	01:00:01.959	1.34163	1.34205			6
2025.07.18	01:00:02.268	1.34179	1.34195			6
2025.07.18	01:00:02.569	1.34182	1.34191			6
2025.07.18	01:00:03.184	1.34183				2
2025.07.18	01:00:03.494		1.34199			4
2025.07.18	01:00:04.405	1.34184	1.34200			6
2025.07.18	01:00:05.316		1.34199			4
2025.07.18	01:00:06.232	1.34187	1.34202			6
2025.07.18	01:00:06.537	1.34186	1.34201			6
2025.07.18	01:00:07.149		1.34199			4
2025.07.18	01:00:07.760	1.34185	1.34198			6
2025.07.18	01:00:08.059	1.34186	1.34199			6
2025.07.18	01:00:08.369	1.34187				2
2025.07.18	01:00:08.987	1.34188				2
2025.07.18	01:00:09.289	1.34187	1.34198			6
2025.07.18	01:00:09.903	1.34188	1.34199			6
2025.07.18	01:00:10.208	1.34187	1.34197			6
2025.07.18	01:00:10.514	1.34184	1.34194			6
2025.07.18	01:00:11.129		1.34193			4
2025.07.18	01:00:12.354	1.34183	1.34192			6
2025.07.18	01:00:13.266	1.34184	1.34191			6
2025.07.18	01:00:13.872		1.34185			4
2025.07.18	01:00:14.175	1.34185	1.34190			6
2025.07.18	01:00:14.490	1.34184	1.34192			6
2025.07.18	01:00:15.106	1.34185	1.34193			6
2025.07.18	01:00:15.408	1.34175	1.34204			6
2025.07.18	01:00:15.710	1.34189	1.34197			6
2025.07.18	01:00:16.316		1.34196			4
2025.07.18	01:00:16.617	1.34186	1.34204			6
2025.07.18	01:00:19.072		1.34212			4
2025.07.18	01:00:23.982		1.34215			4
2025.07.18	01:00:24.289		1.34213			4
2025.07.18	01:00:26.128		1.34207			4
2025.07.18	01:00:26.742		1.34209			4
2025.07.18	01:00:27.970		1.34208			4
2025.07.18	01:00:28.883		1.34207			4
2025.07.18	01:00:29.188	1.34174	1.34219			6
2025.07.18	01:00:29.489	1.34189	1.34197			6
2025.07.18	01:00:29.798	1.34173	1.34208			6
2025.07.18	01:00:30.102	1.34169	1.34189			6
2025.07.18	01:00:30.414		1.34187			4
2025.07.18	01:00:30.717	1.34170	1.34214			6
2025.07.18	01:00:31.019	1.34190	1.34197			6
2025.07.18	01:00:31.323	1.34188	1.34198			6
2025.07.18	01:00:31.629	1.34190	1.34200			6
2025.07.18	01:00:31.933	1.34170	1.34188			6
2025.07.18	01:00:32.236		1.34186			4
2025.07.18	01:00:32.548	1.34169	1.34209			6
2025.07.18	01:00:32.854	1.34182	1.34192			6
2025.07.18	01:00:33.162	1.34192	1.34201			6
2025.07.18	01:00:33.469	1.34157	1.34181			6
2025.07.18	01:00:33.774	1.34173				2
2025.07.18	01:00:39.594	1.34183	1.34191			6
2025.07.18	01:00:41.441	1.34190	1.34193			6
2025.07.18	01:00:44.180	1.34192	1.34195			6
2025.07.18	01:00:47.537	1.34191	1.34194			6
2025.07.18	01:00:48.140	1.34193	1.34196			6
2025.07.18	01:00:49.063	1.34192	1.34195			6
2025.07.18	01:00:53.646	1.34193	1.34196			6
2025.07.18	01:00:54.252	1.34192	1.34195			6
2025.07.18	01:00:54.878	1.34193	1.34196			6
2025.07.18	01:00:56.108	1.34192	1.34195			6
2025.07.18	01:00:59.760	1.34194	1.34197			6
2025.07.18	01:01:00.063	1.34194				2
2025.07.18	01:01:00.373	1.34193	1.34196			6
2025.07.18	01:01:00.682	1.34189	1.34192			6
2025.07.18	01:01:03.126	1.34191				2
2025.07.18	01:01:03.426	1.34193	1.34195			6
2025.07.18	01:01:03.736		1.34194			4
2025.07.18	01:01:04.039	1.34191				2
2025.07.18	01:01:04.956	1.34192	1.34195			6
2025.07.18	01:01:05.257	1.34191	1.34194			6
2025.07.18	01:01:11.056	1.34192	1.34195			6
2025.07.18	01:01:12.591	1.34195	1.34198			6
2025.07.18	01:01:12.896	1.34196	1.34199			6
2025.07.18	01:01:14.421	1.34195	1.34198			6
2025.07.18	01:01:14.723	1.34197	1.34200			6
2025.07.18	01:01:18.394	1.34196	1.34199			6
2025.07.18	01:01:23.612	1.34191	1.34194			6
2025.07.18	01:01:24.215	1.34192	1.34195			6
2025.07.18	01:01:25.126	1.34197	1.34200			6
2025.07.18	01:01:26.338		1.34202			4
2025.07.18	01:01:27.258		1.34201			4
2025.07.18	01:01:29.094		1.34200			4
2025.07.18	01:01:30.319	1.34196	1.34199			6
2025.07.18	01:01:30.627	1.34197	1.34200			6
2025.07.18	01:01:31.542	1.34200	1.34203			6
2025.07.18	01:01:31.843	1.34201	1.34204			6
2025.07.18	01:01:32.148	1.34197	1.34201			6
2025.07.18	01:01:32.457	1.34196	1.34200			6
2025.07.18	01:01:33.377		1.34201			4
2025.07.18	01:01:34.301	1.34197				2
2025.07.18	01:01:36.143		1.34200			4
2025.07.18	01:01:37.363	1.34196	1.34199			6
2025.07.18	01:01:38.595	1.34197	1.34200			6
2025.07.18	01:01:41.951	1.34196	1.34199			6
2025.07.18	01:01:43.166	1.34197	1.34200			6
2025.07.18	01:01:43.768	1.34196	1.34199			6
2025.07.18	01:01:47.122	1.34195	1.34198			6
2025.07.18	01:01:48.349	1.34196	1.34199			6
2025.07.18	01:01:51.996	1.34197	1.34200			6
2025.07.18	01:01:52.299	1.34196	1.34199			6
2025.07.18	01:01:54.117	1.34195	1.34198			6
2025.07.18	01:01:54.725	1.34196	1.34199			6
2025.07.18	01:01:55.634	1.34195	1.34198			6
2025.07.18	01:01:58.666	1.34196	1.34199			6
2025.07.18	01:01:59.274	1.34195	1.34198			6
2025.07.18	01:02:00.181	1.34196	1.34199			6
2025.07.18	01:02:01.398	1.34195	1.34198			6
2025.07.18	01:02:03.238	1.34196	1.34199			6
2025.07.18	01:02:03.847	1.34197	1.34200			6
2025.07.18	01:02:04.764	1.34196	1.34199			6
2025.07.18	01:02:05.066	1.34201	1.34204			6
2025.07.18	01:02:06.301	1.34202	1.34205			6
2025.07.18	01:02:10.569	1.34203	1.34206			6
2025.07.18	01:02:14.862	1.34204	1.34207			6
2025.07.18	01:02:20.041	1.34205	1.34208			6
2025.07.18	01:02:24.617	1.34203	1.34204			6
2025.07.18	01:02:24.919	1.34204	1.34207			6
2025.07.18	01:02:27.360	1.34203	1.34206			6
2025.07.18	01:02:30.407	1.34204	1.34207			6
2025.07.18	01:02:36.221	1.34205	1.34208			6
2025.07.18	01:02:46.313	1.34204	1.34207			6
2025.07.18	01:02:48.145	1.34205	1.34208			6
2025.07.18	01:02:49.361	1.34206	1.34209			6
2025.07.18	01:02:49.662	1.34205	1.34208			6
2025.07.18	01:02:57.015	1.34206	1.34209			6
2025.07.18	01:02:57.320	1.34205	1.34208			6
2025.07.18	01:02:57.930	1.34204	1.34207			6
2025.07.18	01:02:58.237	1.34205	1.34208			6
2025.07.18	01:03:00.091	1.34205				2
2025.07.18	01:03:11.362	1.34206	1.34209			6
2025.07.18	01:03:15.331	1.34204	1.34207			6
2025.07.18	01:03:16.250	1.34205	1.34208			6
2025.07.18	01:03:16.553	1.34206	1.34209			6
2025.07.18	01:03:17.156	1.34205				2
2025.07.18	01:03:19.278	1.34204	1.34208			6
2025.07.18	01:03:21.100	1.34205				2
2025.07.18	01:03:29.060	1.34206	1.34209			6
2025.07.18	01:03:30.274	1.34205	1.34208			6
2025.07.18	01:03:36.054	1.34206	1.34209			6
2025.07.18	01:03:39.099	1.34205	1.34208			6
2025.07.18	01:03:43.383	1.34206	1.34209			6
2025.07.18	01:03:47.045	1.34205	1.34208			6
2025.07.18	01:03:49.493	1.34204	1.34207			6
2025.07.18	01:03:50.109	1.34203				2
2025.07.18	01:03:51.332	1.34204	1.34208			6
2025.07.18	01:03:54.102		1.34207			4
2025.07.18	01:03:59.289	1.34205	1.34208			6
2025.07.18	01:03:59.593	1.34203	1.34206			6
2025.07.18	01:03:59.895	1.34204	1.34207			6
2025.07.18	01:04:00.196	1.34205	1.34208			6
2025.07.18	01:04:00.499	1.34204	1.34207			6
2025.07.18	01:04:01.415	1.34203	1.34206			6
2025.07.18	01:04:02.336	1.34205	1.34208			6
2025.07.18	01:04:03.245	1.34202	1.34211			6
2025.07.18	01:04:03.551		1.34209			4
2025.07.18	01:04:06.317	1.34203				2
2025.07.18	01:04:06.625		1.34210			4
2025.07.18	01:04:07.245	1.34204				2
2025.07.18	01:04:09.393	1.34205				2
2025.07.18	01:04:10.314		1.34209			4
2025.07.18	01:04:12.158	1.34204	1.34208			6
2025.07.18	01:04:12.463	1.34205	1.34209			6
2025.07.18	01:04:13.387		1.34208			4
2025.07.18	01:04:14.921	1.34206	1.34209			6
2025.07.18	01:04:15.231	1.34205	1.34208			6
2025.07.18	01:04:22.526	1.34197	1.34200			6
2025.07.18	01:04:22.832	1.34196	1.34199			6
2025.07.18	01:04:23.133	1.34194	1.34204			6
2025.07.18	01:04:24.373		1.34205			4
2025.07.18	01:04:24.686		1.34204			4
2025.07.18	01:04:26.832		1.34205			4
2025.07.18	01:04:27.137		1.34204			4
2025.07.18	01:04:27.451		1.34205			4
2025.07.18	01:04:29.289		1.34204			4
2025.07.18	01:04:30.205		1.34202			4
2025.07.18	01:04:31.127	1.34195	1.34203			6
2025.07.18	01:04:33.277		1.34202			4
2025.07.18	01:04:34.202		1.34201			4
2025.07.18	01:04:35.127	1.34196				2
2025.07.18	01:04:35.432	1.34197	1.34202			6
2025.07.18	01:04:36.355	1.34196	1.34201			6
2025.07.18	01:04:36.967	1.34197	1.34202			6
2025.07.18	01:04:37.272		1.34201			4
2025.07.18	01:04:38.494	1.34196	1.34200			6
2025.07.18	01:04:39.109	1.34197	1.34201			6
2025.07.18	01:04:41.243	1.34198				2
2025.07.18	01:04:43.064	1.34197	1.34200			6
2025.07.18	01:04:44.294		1.34199			4
2025.07.18	01:04:45.218	1.34198	1.34201			6
2025.07.18	01:04:50.409	1.34197	1.34200			6
2025.07.18	01:04:52.238	1.34198	1.34201			6
2025.07.18	01:04:52.853	1.34197	1.34200			6
2025.07.18	01:04:59.567	1.34198	1.34201			6
2025.07.18	01:05:00.178	1.34198				2
2025.07.18	01:05:01.406	1.34196	1.34199			6
2025.07.18	01:05:04.455	1.34205	1.34208			6
2025.07.18	01:05:05.071	1.34206	1.34209			6
2025.07.18	01:05:05.383	1.34205	1.34213			6
2025.07.18	01:05:07.543		1.34214			4
2025.07.18	01:05:09.090		1.34213			4
2025.07.18	01:05:10.320		1.34212			4
2025.07.18	01:05:11.553		1.34211			4
2025.07.18	01:05:12.474		1.34210			4
2025.07.18	01:05:13.394		1.34209			4
2025.07.18	01:05:14.318		1.34208			4
2025.07.18	01:05:16.172		1.34210			4
2025.07.18	01:05:17.098	1.34204	1.34208			6
2025.07.18	01:05:18.328	1.34205	1.34209			6
2025.07.18	01:05:19.251		1.34208			4
2025.07.18	01:05:37.302	1.34206	1.34209			6
2025.07.18	01:05:42.476	1.34207	1.34210			6
2025.07.18	01:05:43.385	1.34205	1.34208			6
2025.07.18	01:05:44.291	1.34206	1.34209			6
2025.07.18	01:05:50.359	1.34207	1.34210			6
2025.07.18	01:05:53.396	1.34206	1.34209			6
2025.07.18	01:05:54.306	1.34207	1.34210			6
2025.07.18	01:05:56.452	1.34206	1.34209			6
2025.07.18	01:05:57.378	1.34207	1.34210			6
2025.07.18	01:05:58.903	1.34205	1.34208			6
2025.07.18	01:06:00.125	1.34205				2
2025.07.18	01:06:00.426	1.34207	1.34210			6
2025.07.18	01:06:03.777	1.34206	1.34209			6
2025.07.18	01:06:04.387	1.34207	1.34210			6
2025.07.18	01:06:06.814	1.34206	1.34209			6
2025.07.18	01:06:12.901		1.34208			4
2025.07.18	01:06:18.401		1.34209			4
2025.07.18	01:06:22.058		1.34208			4
2025.07.18	01:06:22.978		1.34209			4
2025.07.18	01:06:25.423		1.34208			4
2025.07.18	01:06:26.647		1.34209			4
2025.07.18	01:06:30.313		1.34208			4
2025.07.18	01:06:30.937		1.34209			4
2025.07.18	01:06:31.244	1.34207	1.34210			6
2025.07.18	01:06:32.182	1.34206				2
2025.07.18	01:06:34.356	1.34207				2
2025.07.18	01:06:40.844	1.34206	1.34209			6
2025.07.18	01:06:54.487	1.34207	1.34210			6
2025.07.18	01:06:57.602	1.34206	1.34209			6
2025.07.18	01:07:00.074	1.34206				2
2025.07.18	01:07:02.252	1.34207	1.34210			6
2025.07.18	01:07:03.179	1.34208	1.34211			6
2025.07.18	01:07:04.107	1.34207	1.34210			6
2025.07.18	01:07:12.784	1.34208	1.34211			6
2025.07.18	01:07:14.951	1.34207	1.34210			6
2025.07.18	01:07:16.191	1.34206	1.34212			6
2025.07.18	01:07:17.131		1.34211			4
2025.07.18	01:07:19.300		1.34210			4
2025.07.18	01:07:19.615	1.34207				2
2025.07.18	01:07:23.339		1.34209			4
2025.07.18	01:07:24.270		1.34210			4
2025.07.18	01:07:24.582	1.34206				2
2025.07.18	01:07:25.198		1.34209			4
2025.07.18	01:07:29.846	1.34208				2
2025.07.18	01:07:34.184		1.34210			4
2025.07.18	01:07:34.804	1.34207				2
2025.07.18	01:08:00.228	1.34207				2
2025.07.18	01:08:01.778	1.34206	1.34209			6
2025.07.18	01:08:21.587	1.34205	1.34208			6
2025.07.18	01:08:29.629	1.34206				2
2025.07.18	01:08:37.368		1.34209			4
2025.07.18	01:08:38.301		1.34210			4
2025.07.18	01:08:39.237		1.34211			4
2025.07.18	01:08:39.547	1.34205				2
2025.07.18	01:08:41.409		1.34210			4
2025.07.18	01:08:43.269		1.34209			4
2025.07.18	01:08:44.200	1.34206				2
2025.07.18	01:08:44.507		1.34208			4
2025.07.18	01:08:45.127		1.34214			4
2025.07.18	01:08:52.243		1.34213			4
2025.07.18	01:08:54.103		1.34212			4
2025.07.18	01:08:55.346		1.34211			4
2025.07.18	01:08:57.193		1.34210			4
2025.07.18	01:08:59.350		1.34211			4
2025.07.18	01:09:00.269	1.34207	1.34213			6
2025.07.18	01:09:00.579	1.34206	1.34211			6
2025.07.18	01:09:03.370		1.34210			4
2025.07.18	01:09:05.219		1.34209			4
2025.07.18	01:09:05.533		1.34210			4
2025.07.18	01:09:08.323		1.34209			4
2025.07.18	01:09:10.471	1.34207	1.34210			6
2025.07.18	01:09:12.295	1.34208	1.34211			6
2025.07.18	01:09:14.137	1.34207	1.34210			6
2025.07.18	01:09:15.664	1.34206	1.34209			6
2025.07.18	01:09:16.280		1.34210			4
2025.07.18	01:09:18.127		1.34209			4
2025.07.18	01:09:33.358	1.34207	1.34210			6
2025.07.18	01:09:35.183	1.34206	1.34209			6
2025.07.18	01:09:43.096	1.34207	1.34210			6
2025.07.18	01:09:55.012	1.34206	1.34209			6
2025.07.18	01:09:55.623	1.34207	1.34210			6
2025.07.18	01:10:00.229	1.34207				2
2025.07.18	01:10:02.356	1.34209	1.34212			6
2025.07.18	01:10:03.279	1.34206	1.34216			6
2025.07.18	01:10:04.225		1.34215			4
2025.07.18	01:10:04.845		1.34213			4
2025.07.18	01:10:06.389		1.34215			4
2025.07.18	01:10:09.803		1.34214			4
2025.07.18	01:10:11.357		1.34216			4
2025.07.18	01:10:11.984		1.34215			4
2025.07.18	01:10:16.325		1.34214			4
2025.07.18	01:10:18.185		1.34213			4
2025.07.18	01:10:19.116		1.34212			4
2025.07.18	01:10:20.351		1.34211			4
2025.07.18	01:10:23.144		1.34209			4
2025.07.18	01:10:24.370		1.34210			4
2025.07.18	01:10:25.298		1.34209			4
2025.07.18	01:10:25.603		1.34210			4
2025.07.18	01:10:27.129		1.34209			4
2025.07.18	01:10:33.872	1.34207	1.34210			6
2025.07.18	01:10:34.175	1.34206	1.34209			6
2025.07.18	01:10:35.712	1.34207	1.34210			6
2025.07.18	01:10:36.019	1.34206	1.34209			6
2025.07.18	01:10:37.236	1.34207	1.34210			6
2025.07.18	01:10:37.540	1.34206	1.34209			6
2025.07.18	01:10:57.419		1.34208			4
2025.07.18	01:10:57.724		1.34209			4
2025.07.18	01:10:58.329		1.34208			4
2025.07.18	01:10:59.239		1.34210			4
2025.07.18	01:10:59.540		1.34211			4
2025.07.18	01:10:59.848		1.34210			4
2025.07.18	01:11:00.152	1.34206	1.34212			6
2025.07.18	01:11:01.387		1.34214			4
2025.07.18	01:11:02.316		1.34212			4
2025.07.18	01:11:03.246		1.34213			4
2025.07.18	01:11:04.169		1.34212			4
2025.07.18	01:11:04.477		1.34213			4
2025.07.18	01:11:05.403		1.34214			4
2025.07.18	01:11:06.338		1.34213			4
2025.07.18	01:11:08.184		1.34212			4
2025.07.18	01:11:09.115		1.34211			4
2025.07.18	01:11:10.355		1.34210			4
2025.07.18	01:11:11.268		1.34209			4
2025.07.18	01:11:11.570	1.34208	1.34211			6
2025.07.18	01:11:11.871	1.34206	1.34209			6
2025.07.18	01:11:12.177	1.34207	1.34210			6
2025.07.18	01:11:13.389	1.34206	1.34212			6
2025.07.18	01:11:14.305		1.34211			4
2025.07.18	01:11:15.226		1.34210			4
2025.07.18	01:11:15.533		1.34209			4
2025.07.18	01:11:16.142		1.34213			4
2025.07.18	01:11:17.072		1.34214			4
2025.07.18	01:11:18.311		1.34213			4
2025.07.18	01:11:18.618		1.34214			4
2025.07.18	01:11:21.081		1.34213			4
2025.07.18	01:11:23.243	1.34205				2
2025.07.18	01:11:24.171		1.34212			4
2025.07.18	01:11:25.402		1.34211			4
2025.07.18	01:11:26.332		1.34210			4
2025.07.18	01:11:27.260		1.34211			4
2025.07.18	01:11:28.187		1.34210			4
2025.07.18	01:11:29.117		1.34209			4
2025.07.18	01:11:31.257	1.34206				2
2025.07.18	01:11:31.871	1.34205	1.34208			6
2025.07.18	01:11:35.541	1.34206	1.34209			6
2025.07.18	01:11:39.478	1.34205	1.34208			6
2025.07.18	01:11:41.297	1.34206	1.34209			6
2025.07.18	01:11:41.601	1.34205	1.34208			6
2025.07.18	01:11:43.420	1.34206				2
2025.07.18	01:11:45.571		1.34209			4
2025.07.18	01:11:45.875		1.34208			4
2025.07.18	01:11:46.177		1.34209			4
2025.07.18	01:11:49.258	1.34205	1.34208			6
2025.07.18	01:11:49.559	1.34206	1.34209			6
2025.07.18	01:11:52.915	1.34205	1.34208			6
2025.07.18	01:12:00.249	1.34205				2
2025.07.18	01:12:03.318	1.34206	1.34209			6
2025.07.18	01:12:05.442	1.34207	1.34210			6
2025.07.18	01:12:05.744	1.34206	1.34209			6
2025.07.18	01:12:12.715	1.34205	1.34207			6
2025.07.18	01:12:13.322		1.34212			4
2025.07.18	01:12:14.241		1.34213			4
2025.07.18	01:12:16.402		1.34212			4
2025.07.18	01:12:19.188		1.34211			4
2025.07.18	01:12:20.104		1.34210			4
2025.07.18	01:12:21.354		1.34209			4
2025.07.18	01:12:22.274		1.34208			4
2025.07.18	01:12:23.198		1.34207			4
2025.07.18	01:12:24.113		1.34213			4
2025.07.18	01:12:26.262		1.34211			4
2025.07.18	01:12:27.194		1.34213			4
2025.07.18	01:12:27.505		1.34212			4
2025.07.18	01:12:30.285		1.34210			4
2025.07.18	01:12:31.214		1.34209			4
2025.07.18	01:12:31.835		1.34210			4
2025.07.18	01:12:32.147		1.34209			4
2025.07.18	01:12:34.298		1.34208			4
2025.07.18	01:12:39.170	1.34206	1.34209			6
2025.07.18	01:12:40.077	1.34205	1.34208			6
2025.07.18	01:12:56.267	1.34206	1.34209			6
2025.07.18	01:12:56.573	1.34205	1.34208			6
2025.07.18	01:12:58.096		1.34210			4
2025.07.18	01:12:59.320		1.34209			4
2025.07.18	01:13:00.242	1.34205				2
2025.07.18	01:13:01.161	1.34206				2
2025.07.18	01:13:01.469	1.34205	1.34208			6
2025.07.18	01:13:02.397		1.34210			4
2025.07.18	01:13:03.328		1.34212			4
2025.07.18	01:13:07.366		1.34211			4
2025.07.18	01:13:08.296		1.34210			4
2025.07.18	01:13:09.231		1.34209			4
2025.07.18	01:13:10.151		1.34208			4
2025.07.18	01:13:18.970	1.34208	1.34211			6
2025.07.18	01:13:19.275	1.34206	1.34209			6
2025.07.18	01:13:21.414	1.34205	1.34208			6
2025.07.18	01:13:22.335	1.34206	1.34213			6
2025.07.18	01:13:22.653		1.34212			4
2025.07.18	01:13:23.276		1.34211			4
2025.07.18	01:13:25.138		1.34209			4
2025.07.18	01:13:25.752	1.34205				2
2025.07.18	01:13:26.364	1.34206				2
2025.07.18	01:13:28.191	1.34205				2
2025.07.18	01:13:29.110	1.34206				2
2025.07.18	01:13:30.950	1.34205	1.34208			6
2025.07.18	01:13:41.333	1.34206	1.34209			6
2025.07.18	01:13:42.242	1.34205	1.34208			6
2025.07.18	01:13:43.162		1.34213			4
2025.07.18	01:13:44.402		1.34212			4
2025.07.18	01:13:45.325		1.34210			4
2025.07.18	01:13:46.252		1.34209			4
2025.07.18	01:13:47.179	1.34206				2
2025.07.18	01:13:47.488	1.34205	1.34208			6
2025.07.18	01:13:58.150	1.34206	1.34209			6
2025.07.18	01:14:00.293	1.34206				2
2025.07.18	01:14:03.652	1.34205	1.34208			6
2025.07.18	01:14:05.267	1.34204	1.34211			6
2025.07.18	01:14:06.187		1.34210			4
2025.07.18	01:14:07.112	1.34205	1.34209			6
2025.07.18	01:14:08.348	1.34206				2
2025.07.18	01:14:08.648	1.34205	1.34208			6
2025.07.18	01:14:09.273	1.34204	1.34213			6
2025.07.18	01:14:15.145		1.34212			4
2025.07.18	01:14:16.378		1.34210			4
2025.07.18	01:14:17.320	1.34205	1.34209			6
2025.07.18	01:14:18.236	1.34204				2
2025.07.18	01:14:19.161	1.34205	1.34208			6
2025.07.18	01:14:26.503	1.34206	1.34209			6
2025.07.18	01:14:34.458	1.34205	1.34208			6
2025.07.18	01:14:37.201	1.34204	1.34207			6
2025.07.18	01:14:38.123		1.34211			4
2025.07.18	01:14:41.203		1.34210			4
2025.07.18	01:14:43.345		1.34211			4
2025.07.18	01:14:44.261		1.34210			4
2025.07.18	01:14:45.185		1.34208			4
2025.07.18	01:14:47.321		1.34207			4
2025.07.18	01:14:56.163	1.34205	1.34208			6
2025.07.18	01:14:59.829	1.34204	1.34207			6
2025.07.18	01:15:00.140	1.34203	1.34206			6
2025.07.18	01:15:00.447	1.34204	1.34207			6
2025.07.18	01:15:00.749	1.34203	1.34206			6
2025.07.18	01:15:01.366	1.34202	1.34208			6
2025.07.18	01:15:01.985	1.34203				2
2025.07.18	01:15:02.294		1.34210			4
2025.07.18	01:15:02.911	1.34202				2
2025.07.18	01:15:03.227		1.34211			4
2025.07.18	01:15:03.841	1.34204				2
2025.07.18	01:15:04.146		1.34212			4
2025.07.18	01:15:05.066		1.34211			4
2025.07.18	01:15:05.380	1.34203				2
2025.07.18	01:15:05.692	1.34202				2
2025.07.18	01:15:05.999		1.34212			4
2025.07.18	01:15:06.306		1.34211			4
2025.07.18	01:15:09.411	1.34204				2
2025.07.18	01:15:10.024	1.34205				2
2025.07.18	01:15:10.333	1.34204	1.34210			6
2025.07.18	01:15:11.257		1.34209			4
2025.07.18	01:15:12.181		1.34207			4
2025.07.18	01:15:14.020		1.34206			4
2025.07.18	01:15:14.937	1.34203				2
2025.07.18	01:15:16.161	1.34202	1.34203			6
2025.07.18	01:15:16.462	1.34197	1.34200			6
2025.07.18	01:15:17.370	1.34195	1.34203			6
2025.07.18	01:15:20.166		1.34202			4
2025.07.18	01:15:26.371		1.34201			4
2025.07.18	01:15:28.229	1.34196				2
2025.07.18	01:15:29.141		1.34200			4
2025.07.18	01:15:31.289	1.34197				2
2025.07.18	01:15:37.700	1.34196	1.34199			6
2025.07.18	01:15:40.443	1.34197	1.34200			6
2025.07.18	01:15:40.745	1.34196	1.34199			6
2025.07.18	01:15:41.358	1.34193	1.34196			6
2025.07.18	01:15:41.662	1.34192	1.34195			6
2025.07.18	01:15:41.971	1.34191	1.34194			6
2025.07.18	01:15:42.277	1.34188	1.34197			6
2025.07.18	01:15:42.908		1.34196			4
2025.07.18	01:15:43.536	1.34189	1.34197			6
2025.07.18	01:15:44.160	1.34188	1.34196			6
2025.07.18	01:15:45.398		1.34195			4
2025.07.18	01:15:46.322	1.34190				2
2025.07.18	01:15:47.874	1.34189	1.34194			6
2025.07.18	01:15:48.184	1.34190				2
2025.07.18	01:15:48.795	1.34189	1.34193			6
2025.07.18	01:15:50.624	1.34190	1.34194			6
2025.07.18	01:15:50.925	1.34189	1.34193			6
2025.07.18	01:15:51.230	1.34193	1.34197			6
2025.07.18	01:15:51.535	1.34192	1.34196			6
2025.07.18	01:15:52.153	1.34191	1.34197			6
2025.07.18	01:15:52.466	1.34192				2
2025.07.18	01:15:53.075		1.34196			4
2025.07.18	01:15:53.376	1.34194				2
2025.07.18	01:15:54.311		1.34197			4
2025.07.18	01:15:54.920		1.34198			4
2025.07.18	01:15:55.849		1.34197			4
2025.07.18	01:15:57.386		1.34196			4
2025.07.18	01:15:58.609	1.34192				2
2025.07.18	01:15:59.221		1.34195			4
2025.07.18	01:15:59.530	1.34193	1.34196			6
2025.07.18	01:15:59.840	1.34192	1.34195			6
2025.07.18	01:16:00.150	1.34193	1.34196			6
2025.07.18	01:16:00.450	1.34189	1.34192			6
2025.07.18	01:16:00.756	1.34191	1.34194			6
2025.07.18	01:16:01.061	1.34188	1.34191			6
2025.07.18	01:16:01.368	1.34185				2
2025.07.18	01:16:01.683	1.34186				2
2025.07.18	01:16:07.276	1.34187				2
2025.07.18	01:16:09.137	1.34188				2
2025.07.18	01:16:09.445	1.34187				2
2025.07.18	01:16:10.357		1.34190			4
2025.07.18	01:16:10.670	1.34190	1.34193			6
2025.07.18	01:16:10.977		1.34192			4
2025.07.18	01:16:11.286		1.34195			4
2025.07.18	01:16:14.393		1.34194			4
2025.07.18	01:16:15.307		1.34193			4
2025.07.18	01:16:15.932	1.34188	1.34192			6
2025.07.18	01:16:16.248		1.34191			4
2025.07.18	01:16:16.555		1.34190			4
2025.07.18	01:16:17.171	1.34190	1.34191			6
2025.07.18	01:16:22.688	1.34188	1.34190			6
2025.07.18	01:16:37.278	1.34189	1.34191			6
2025.07.18	01:16:37.581	1.34188	1.34190			6
2025.07.18	01:16:37.891		1.34191			4
2025.07.18	01:16:38.199		1.34190			4
2025.07.18	01:16:39.119		1.34189			4
2025.07.18	01:16:39.424		1.34190			4
2025.07.18	01:16:39.725		1.34189			4
2025.07.18	01:16:40.036		1.34190			4
2025.07.18	01:16:43.708	1.34194	1.34195			6
2025.07.18	01:16:44.325		1.34200			4
2025.07.18	01:16:44.641	1.34195				2
2025.07.18	01:16:44.946	1.34193				2
2025.07.18	01:16:45.559	1.34195				2
2025.07.18	01:16:45.875	1.34193				2
2025.07.18	01:16:47.109	1.34195				2
2025.07.18	01:16:47.413	1.34193				2
2025.07.18	01:16:48.352	1.34195	1.34199			6
2025.07.18	01:16:48.661		1.34200			4
2025.07.18	01:16:48.964	1.34193				2
2025.07.18	01:16:49.274		1.34199			4
2025.07.18	01:16:49.908	1.34194				2
2025.07.18	01:16:50.218		1.34198			4
2025.07.18	01:16:51.146		1.34197			4
2025.07.18	01:16:51.767	1.34195				2
2025.07.18	01:16:52.071	1.34194				2
2025.07.18	01:16:52.375		1.34196			4
2025.07.18	01:16:53.906	1.34195				2
2025.07.18	01:16:54.211	1.34194	1.34195			6
2025.07.18	01:16:54.817	1.34193				2
2025.07.18	01:16:55.128	1.34194				2
2025.07.18	01:16:55.438		1.34196			4
2025.07.18	01:16:56.976	1.34193				2
2025.07.18	01:16:58.194	1.34194				2
2025.07.18	01:17:00.040	1.34194				2
2025.07.18	01:17:00.346	1.34195				2
2025.07.18	01:17:05.826	1.34193				2
2025.07.18	01:17:06.742	1.34195				2
2025.07.18	01:17:13.475	1.34196	1.34197			6
2025.07.18	01:17:13.781	1.34195				2
2025.07.18	01:17:14.697	1.34196				2
2025.07.18	01:17:15.002	1.34194				2
2025.07.18	01:17:16.831	1.34195				2
2025.07.18	01:17:17.134	1.34196				2
2025.07.18	01:17:47.171	1.34195				2
2025.07.18	01:17:52.069	1.34196				2
2025.07.18	01:18:00.002	1.34196				2
2025.07.18	01:18:03.386		1.34198			4
2025.07.18	01:18:08.578	1.34195				2
2025.07.18	01:18:09.199	1.34196				2
2025.07.18	01:18:12.606	1.34195				2
2025.07.18	01:18:12.911		1.34197			4
2025.07.18	01:18:13.230		1.34198			4
2025.07.18	01:18:13.538	1.34196				2
2025.07.18	01:18:13.852	1.34195				2
2025.07.18	01:18:16.324		1.34197			4
2025.07.18	01:18:16.633	1.34196				2
2025.07.18	01:18:16.947	1.34195				2
2025.07.18	01:18:18.493	1.34194				2
2025.07.18	01:18:24.402	1.34196				2
2025.07.18	01:18:24.709	1.34194				2
2025.07.18	01:18:31.853	1.34195	1.34198			6
2025.07.18	01:18:32.159		1.34199			4
2025.07.18	01:18:34.324		1.34198			4
2025.07.18	01:18:52.638	1.34194	1.34197			6
2025.07.18	01:18:53.262		1.34198			4
2025.07.18	01:18:53.876		1.34197			4
2025.07.18	01:18:54.194		1.34199			4
2025.07.18	01:18:54.818	1.34195				2
2025.07.18	01:18:55.132	1.34194				2
2025.07.18	01:18:58.237		1.34198			4
2025.07.18	01:19:00.100	1.34194	1.34197			6
2025.07.18	01:19:02.296		1.34198			4
2025.07.18	01:19:03.232		1.34197			4
2025.07.18	01:19:03.544		1.34196			4
2025.07.18	01:19:04.160		1.34198			4
2025.07.18	01:19:05.698	1.34193				2
2025.07.18	01:19:06.308		1.34197			4
2025.07.18	01:19:07.238		1.34196			4
2025.07.18	01:19:08.766	1.34194				2
2025.07.18	01:19:10.306		1.34195			4
2025.07.18	01:19:12.141		1.34196			4
2025.07.18	01:19:12.756		1.34195			4
2025.07.18	01:19:13.372		1.34196			4
2025.07.18	01:19:13.988		1.34195			4
2025.07.18	01:19:23.516		1.34196			4
2025.07.18	01:19:24.427		1.34195			4
2025.07.18	01:19:24.730		1.34196			4
2025.07.18	01:19:25.033		1.34195			4
2025.07.18	01:19:25.336		1.34198			4
2025.07.18	01:19:28.119		1.34197			4
2025.07.18	01:19:29.364		1.34196			4
2025.07.18	01:19:29.988		1.34197			4
2025.07.18	01:19:30.293		1.34196			4
2025.07.18	01:19:32.156		1.34197			4
2025.07.18	01:19:32.473		1.34196			4
2025.07.18	01:19:33.087		1.34197			4
2025.07.18	01:19:34.342		1.34196			4
2025.07.18	01:19:36.494		1.34195			4
2025.07.18	01:19:37.103		1.34196			4
2025.07.18	01:19:37.412		1.34195			4
2025.07.18	01:19:38.031		1.34196			4
2025.07.18	01:19:38.334		1.34195			4
2025.07.18	01:19:38.641		1.34196			4
2025.07.18	01:19:39.260		1.34195			4
2025.07.18	01:19:39.564		1.34196			4
2025.07.18	01:19:39.868		1.34195			4
2025.07.18	01:19:40.173		1.34196			4
2025.07.18	01:19:40.477		1.34195			4
2025.07.18	01:19:41.095		1.34196			4
2025.07.18	01:19:41.400		1.34195			4
2025.07.18	01:19:41.710		1.34196			4
2025.07.18	01:19:42.014		1.34195			4
2025.07.18	01:19:42.324		1.34196			4
2025.07.18	01:19:42.629		1.34195			4
2025.07.18	01:19:42.931		1.34196			4
2025.07.18	01:19:43.539		1.34195			4
2025.07.18	01:19:43.842		1.34196			4
2025.07.18	01:19:44.143		1.34195			4
2025.07.18	01:19:44.449		1.34196			4
2025.07.18	01:19:44.749		1.34195			4
2025.07.18	01:19:47.484	1.34193				2
2025.07.18	01:19:47.789		1.34196			4
2025.07.18	01:19:48.098		1.34195			4
2025.07.18	01:19:52.647		1.34196			4
2025.07.18	01:19:53.264		1.34195			4
2025.07.18	01:19:55.724	1.34194				2
2025.07.18	01:19:58.800	1.34195	1.34196			6
2025.07.18	01:20:00.015	1.34195				2
2025.07.18	01:20:00.618	1.34196	1.34197			6
2025.07.18	01:20:02.149	1.34200	1.34205			6
2025.07.18	01:20:02.464	1.34201	1.34208			6
2025.07.18	01:20:02.768	1.34200	1.34206			6
2025.07.18	01:20:05.250	1.34201				2
2025.07.18	01:20:05.557	1.34204	1.34208			6
2025.07.18	01:20:08.664	1.34203				2
2025.07.18	01:20:09.593	1.34204				2
2025.07.18	01:20:09.904	1.34203	1.34207			6
2025.07.18	01:20:11.758	1.34204				2
2025.07.18	01:20:12.060	1.34203				2
2025.07.18	01:20:12.373		1.34206			4
2025.07.18	01:20:14.221		1.34205			4
2025.07.18	01:20:16.701	1.34196	1.34200			6
2025.07.18	01:20:17.314		1.34199			4
2025.07.18	01:20:17.629	1.34198	1.34200			6
2025.07.18	01:20:18.238		1.34205			4
2025.07.18	01:20:18.850	1.34199				2
2025.07.18	01:20:20.401	1.34195	1.34200			6
2025.07.18	01:20:24.713		1.34199			4
2025.07.18	01:20:25.954		1.34200			4
2025.07.18	01:20:27.190		1.34199			4
2025.07.18	01:20:30.254		1.34198			4
2025.07.18	01:20:40.642		1.34197			4
2025.07.18	01:20:47.061		1.34196			4
2025.07.18	01:21:00.195	1.34195				2
2025.07.18	01:21:08.161		1.34197			4
2025.07.18	01:21:20.370	1.34196	1.34198			6
2025.07.18	01:21:39.018		1.34199			4
2025.07.18	01:21:40.533		1.34198			4
2025.07.18	01:21:45.436	1.34195				2
2025.07.18	01:21:45.740	1.34193	1.34194			6
2025.07.18	01:21:46.049	1.34191	1.34192			6
2025.07.18	01:21:46.353		1.34196			4
2025.07.18	01:21:46.664	1.34190				2
2025.07.18	01:21:47.587	1.34189	1.34195			6
2025.07.18	01:21:50.368		1.34194			4
2025.07.18	01:21:52.218		1.34193			4
2025.07.18	01:21:54.379		1.34192			4
2025.07.18	01:21:54.996	1.34190				2
2025.07.18	01:21:55.607	1.34189	1.34193			6
2025.07.18	01:21:59.308		1.34192			4
2025.07.18	01:22:00.237	1.34190				2
2025.07.18	01:22:02.699	1.34189				2
2025.07.18	01:22:03.002	1.34190				2
2025.07.18	01:22:03.311	1.34189				2
2025.07.18	01:22:03.617	1.34190				2
2025.07.18	01:22:04.237		1.34191			4
2025.07.18	01:22:04.546		1.34192			4
2025.07.18	01:22:05.469		1.34191			4
2025.07.18	01:22:06.078		1.34192			4
2025.07.18	01:22:06.380		1.34191			4
2025.07.18	01:22:06.989		1.34192			4
2025.07.18	01:22:07.294		1.34191			4
2025.07.18	01:22:10.039	1.34189	1.34192			6
2025.07.18	01:22:10.341		1.34191			4
2025.07.18	01:22:14.310		1.34192			4
2025.07.18	01:22:16.151	1.34190				2
2025.07.18	01:22:17.363	1.34191	1.34193			6
2025.07.18	01:22:17.977		1.34194			4
2025.07.18	01:22:18.286		1.34193			4
2025.07.18	01:22:18.598		1.34194			4
2025.07.18	01:22:18.900		1.34193			4
2025.07.18	01:22:19.207		1.34194			4
2025.07.18	01:22:20.433		1.34193			4
2025.07.18	01:22:20.746		1.34194			4
2025.07.18	01:22:21.047		1.34193			4
2025.07.18	01:22:21.348		1.34194			4
2025.07.18	01:22:21.658		1.34193			4
2025.07.18	01:22:21.966		1.34194			4
2025.07.18	01:22:26.848		1.34193			4
2025.07.18	01:22:27.456		1.34194			4
2025.07.18	01:22:28.366		1.34193			4
2025.07.18	01:22:28.671		1.34194			4
2025.07.18	01:22:32.947		1.34192			4
2025.07.18	01:22:33.252		1.34193			4
2025.07.18	01:22:37.824		1.34194			4
2025.07.18	01:22:39.044	1.34193				2
2025.07.18	01:22:42.083	1.34195	1.34197			6
2025.07.18	01:22:42.390		1.34196			4
2025.07.18	01:22:43.615		1.34198			4
2025.07.18	01:22:44.234		1.34200			4
2025.07.18	01:22:49.152		1.34199			4
2025.07.18	01:22:52.241		1.34198			4
2025.07.18	01:22:53.165	1.34196	1.34199			6
2025.07.18	01:22:53.473	1.34195	1.34198			6
2025.07.18	01:22:54.700	1.34196				2
2025.07.18	01:22:55.008		1.34199			4
2025.07.18	01:22:59.575	1.34195	1.34197			6
2025.07.18	01:22:59.877	1.34193	1.34194			6
2025.07.18	01:23:00.177	1.34193	1.34198			6
2025.07.18	01:23:06.349		1.34197			4
2025.07.18	01:23:08.207		1.34196			4
2025.07.18	01:23:09.449		1.34195			4
2025.07.18	01:23:21.683	1.34194				2
2025.07.18	01:23:21.995	1.34193				2
2025.07.18	01:23:34.185	1.34194				2
2025.07.18	01:23:35.412	1.34193				2
2025.07.18	01:23:36.025	1.34194				2
2025.07.18	01:23:36.335	1.34193				2
2025.07.18	01:23:37.255	1.34194				2
2025.07.18	01:23:37.561	1.34193				2
2025.07.18	01:23:40.012	1.34194				2
2025.07.18	01:23:41.236	1.34193				2
2025.07.18	01:23:42.453		1.34196			4
2025.07.18	01:23:42.766		1.34195			4
2025.07.18	01:23:43.996		1.34196			4
2025.07.18	01:23:47.965	1.34194	1.34195			6
2025.07.18	01:23:48.878	1.34193				2
2025.07.18	01:23:49.783	1.34194				2
2025.07.18	01:23:51.007	1.34193				2
2025.07.18	01:23:54.958	1.34195	1.34196			6
2025.07.18	01:23:55.263	1.34193	1.34195			6
2025.07.18	01:23:57.095	1.34195	1.34196			6
2025.07.18	01:23:57.404	1.34193	1.34195			6
2025.07.18	01:23:58.635	1.34194				2
2025.07.18	01:24:00.177	1.34194				2
2025.07.18	01:24:02.012		1.34196			4
2025.07.18	01:24:02.317	1.34195				2
2025.07.18	01:24:02.630	1.34194				2
2025.07.18	01:24:05.063		1.34195			4
2025.07.18	01:24:08.720		1.34196			4
2025.07.18	01:24:13.433		1.34197			4
2025.07.18	01:24:15.285		1.34196			4
2025.07.18	01:24:16.517	1.34193				2
2025.07.18	01:24:16.840	1.34194				2
2025.07.18	01:24:20.226	1.34193				2
2025.07.18	01:24:29.144		1.34195			4
2025.07.18	01:24:32.834	1.34194				2
2025.07.18	01:24:33.135	1.34193				2
2025.07.18	01:24:39.903	1.34194				2
2025.07.18	01:24:45.433		1.34196			4
2025.07.18	01:24:54.065		1.34195			4
2025.07.18	01:24:54.373		1.34196			4
2025.07.18	01:24:55.300		1.34195			4
2025.07.18	01:24:56.853		1.34196			4
2025.07.18	01:24:57.159		1.34199			4
2025.07.18	01:24:59.330		1.34198			4
2025.07.18	01:25:00.260	1.34194	1.34197			6
2025.07.18	01:25:02.115		1.34196			4
2025.07.18	01:25:06.429		1.34195			4
2025.07.18	01:25:06.733		1.34196			4
2025.07.18	01:25:12.930		1.34195			4
2025.07.18	01:25:13.240		1.34196			4
2025.07.18	01:25:13.544		1.34195			4
2025.07.18	01:25:13.851		1.34196			4
2025.07.18	01:25:16.026		1.34195			4
2025.07.18	01:25:17.262		1.34199			4
2025.07.18	01:25:20.668	1.34195				2
2025.07.18	01:25:20.986	1.34194				2
2025.07.18	01:25:27.495	1.34195				2
2025.07.18	01:25:27.798	1.34194				2
2025.07.18	01:25:28.106		1.34198			4
2025.07.18	01:25:30.259		1.34197			4
2025.07.18	01:25:31.495	1.34195				2
2025.07.18	01:25:31.804	1.34196				2
2025.07.18	01:25:32.113		1.34198			4
2025.07.18	01:25:33.342		1.34199			4
2025.07.18	01:25:35.193		1.34198			4
2025.07.18	01:25:41.299	1.34195	1.34199			6
2025.07.18	01:25:41.606	1.34196				2
2025.07.18	01:25:42.217		1.34200			4
2025.07.18	01:25:42.834		1.34199			4
2025.07.18	01:25:44.994		1.34198			4
2025.07.18	01:25:46.527	1.34195				2
2025.07.18	01:25:46.829		1.34197			4
2025.07.18	01:25:48.357		1.34200			4
2025.07.18	01:25:49.282		1.34199			4
2025.07.18	01:25:50.213		1.34197			4
2025.07.18	01:25:50.517		1.34198			4
2025.07.18	01:25:50.830	1.34204	1.34207			6
2025.07.18	01:25:51.140		1.34206			4
2025.07.18	01:25:51.447	1.34200	1.34203			6
2025.07.18	01:25:51.751		1.34202			4
2025.07.18	01:25:52.362		1.34206			4
2025.07.18	01:25:52.978	1.34199	1.34207			6
2025.07.18	01:25:55.458		1.34206			4
2025.07.18	01:25:55.765		1.34207			4
2025.07.18	01:25:56.079	1.34200				2
2025.07.18	01:25:58.242	1.34199	1.34206			6
2025.07.18	01:25:58.548		1.34205			4
2025.07.18	01:25:59.474		1.34206			4
2025.07.18	01:25:59.783		1.34205			4
2025.07.18	01:26:00.091	1.34199				2
2025.07.18	01:26:00.717		1.34204			4
2025.07.18	01:26:01.331		1.34203			4
2025.07.18	01:26:04.121		1.34202			4
2025.07.18	01:26:05.049		1.34203			4
2025.07.18	01:26:06.892	1.34200	1.34202			6
2025.07.18	01:26:08.735	1.34199				2
2025.07.18	01:26:09.348		1.34201			4
2025.07.18	01:26:11.179	1.34200	1.34202			6
2025.07.18	01:26:14.215		1.34203			4
2025.07.18	01:26:17.885		1.34202			4
2025.07.18	01:26:20.026		1.34203			4
2025.07.18	01:26:20.941		1.34202			4
2025.07.18	01:26:22.165		1.34203			4
2025.07.18	01:26:22.472	1.34201				2
2025.07.18	01:26:23.985		1.34204			4
2025.07.18	01:26:24.895		1.34203			4
2025.07.18	01:26:25.200		1.34204			4
2025.07.18	01:26:25.509		1.34203			4
2025.07.18	01:26:25.821		1.34204			4
2025.07.18	01:26:26.732		1.34203			4
2025.07.18	01:26:27.036		1.34204			4
2025.07.18	01:26:27.650		1.34203			4
2025.07.18	01:26:27.961		1.34204			4
2025.07.18	01:26:28.262		1.34203			4
2025.07.18	01:26:28.567		1.34204			4
2025.07.18	01:26:29.173		1.34203			4
2025.07.18	01:26:30.386		1.34202			4
2025.07.18	01:26:30.689		1.34203			4
2025.07.18	01:26:30.994		1.34202			4
2025.07.18	01:26:31.306		1.34203			4
2025.07.18	01:26:31.921		1.34202			4
2025.07.18	01:26:32.223		1.34203			4
2025.07.18	01:26:32.838		1.34202			4
2025.07.18	01:26:33.149		1.34204			4
2025.07.18	01:26:34.058		1.34203			4
2025.07.18	01:26:34.365		1.34204			4
2025.07.18	01:26:34.673		1.34203			4
2025.07.18	01:26:34.979		1.34204			4
2025.07.18	01:26:35.593		1.34203			4
2025.07.18	01:26:35.897		1.34204			4
2025.07.18	01:26:36.202		1.34203			4
2025.07.18	01:26:36.508		1.34204			4
2025.07.18	01:26:36.816		1.34203			4
2025.07.18	01:26:37.129		1.34204			4
2025.07.18	01:26:37.433		1.34203			4
2025.07.18	01:26:37.734		1.34204			4
2025.07.18	01:26:38.954		1.34203			4
2025.07.18	01:26:39.265		1.34202			4
2025.07.18	01:26:39.569		1.34203			4
2025.07.18	01:26:39.875		1.34202			4
2025.07.18	01:26:40.176		1.34204			4
2025.07.18	01:26:40.486		1.34203			4
2025.07.18	01:26:40.789		1.34204			4
2025.07.18	01:26:41.717		1.34203			4
2025.07.18	01:26:42.029		1.34204			4
2025.07.18	01:26:42.648		1.34205			4
2025.07.18	01:26:43.256		1.34203			4
2025.07.18	01:26:43.563		1.34204			4
2025.07.18	01:26:43.881		1.34203			4
2025.07.18	01:26:44.184		1.34204			4
2025.07.18	01:26:44.805		1.34203			4
2025.07.18	01:26:45.113	1.34200	1.34205			6
2025.07.18	01:26:47.277		1.34203			4
2025.07.18	01:26:47.579		1.34204			4
2025.07.18	01:26:48.194		1.34203			4
2025.07.18	01:26:50.967		1.34202			4
2025.07.18	01:26:51.277		1.34203			4
2025.07.18	01:26:51.885	1.34201				2
2025.07.18	01:26:52.187		1.34204			4
2025.07.18	01:26:52.488	1.34200	1.34203			6
2025.07.18	01:26:54.931		1.34202			4
2025.07.18	01:26:55.239	1.34201				2
2025.07.18	01:26:55.845		1.34203			4
2025.07.18	01:26:56.150		1.34202			4
2025.07.18	01:26:56.460	1.34200				2
2025.07.18	01:26:56.764		1.34203			4
2025.07.18	01:26:58.306		1.34202			4
2025.07.18	01:27:00.129	1.34200				2
2025.07.18	01:27:00.435		1.34203			4
2025.07.18	01:27:06.230		1.34202			4
2025.07.18	01:27:08.081	1.34201	1.34203			6
2025.07.18	01:27:09.302	1.34200				2
2025.07.18	01:27:25.168	1.34201				2
2025.07.18	01:27:25.785		1.34204			4
2025.07.18	01:27:29.762		1.34203			4
2025.07.18	01:27:31.906	1.34200				2
2025.07.18	01:27:38.032	1.34201	1.34204			6
2025.07.18	01:27:38.959	1.34200	1.34203			6
2025.07.18	01:27:40.193		1.34204			4
2025.07.18	01:27:43.289		1.34203			4
2025.07.18	01:27:51.618		1.34202			4
2025.07.18	01:27:52.232		1.34204			4
2025.07.18	01:27:55.325		1.34203			4
2025.07.18	01:27:57.180		1.34202			4
2025.07.18	01:28:00.225	1.34200				2
2025.07.18	01:28:04.879		1.34203			4
2025.07.18	01:28:06.737	1.34199				2
2025.07.18	01:28:08.286		1.34202			4
2025.07.18	01:28:09.826	1.34200				2
2025.07.18	01:28:12.913	1.34201				2
2025.07.18	01:28:16.611	1.34195	1.34198			6
2025.07.18	01:28:17.222		1.34202			4
2025.07.18	01:28:17.533		1.34201			4
2025.07.18	01:28:26.230		1.34200			4
2025.07.18	01:28:27.162		1.34199			4
2025.07.18	01:28:30.246		1.34198			4
2025.07.18	01:28:33.294	1.34197	1.34200			6
2025.07.18	01:28:33.600	1.34198	1.34201			6
2025.07.18	01:28:34.206	1.34195	1.34202			6
2025.07.18	01:28:37.269	1.34196				2
2025.07.18	01:28:38.198	1.34195				2
2025.07.18	01:28:41.298		1.34201			4
2025.07.18	01:28:41.608	1.34196	1.34202			6
2025.07.18	01:28:42.231	1.34197				2
2025.07.18	01:28:43.156		1.34201			4
2025.07.18	01:28:43.468	1.34198	1.34202			6
2025.07.18	01:28:44.383	1.34199	1.34203			6
2025.07.18	01:28:45.292	1.34204	1.34208			6
2025.07.18	01:28:45.901	1.34205	1.34209			6
2025.07.18	01:28:46.216	1.34202	1.34211			6
2025.07.18	01:28:46.837	1.34204				2
2025.07.18	01:28:53.334		1.34210			4
2025.07.18	01:28:55.198		1.34209			4
2025.07.18	01:28:56.111	1.34205				2
2025.07.18	01:28:58.259		1.34208			4
2025.07.18	01:29:00.085	1.34205				2
2025.07.18	01:29:12.291	1.34206	1.34209			6
2025.07.18	01:29:35.810	1.34204	1.34206			6
2025.07.18	01:29:36.118		1.34208			4
2025.07.18	01:29:38.279		1.34207			4
2025.07.18	01:29:40.133		1.34206			4
2025.07.18	01:29:45.045	1.34203				2
2025.07.18	01:29:46.579	1.34204				2
2025.07.18	01:29:56.981	1.34207	1.34210			6
2025.07.18	01:29:57.286	1.34204	1.34212			6
2025.07.18	01:29:58.525	1.34213	1.34220			6
2025.07.18	01:29:58.835		1.34221			4
2025.07.18	01:30:00.078	1.34213				2
2025.07.18	01:30:00.381	1.34210	1.34219			6
2025.07.18	01:30:00.988		1.34220			4
2025.07.18	01:30:01.297		1.34219			4
2025.07.18	01:30:03.159	1.34208	1.34220			6
2025.07.18	01:30:03.467	1.34207	1.34219			6
2025.07.18	01:30:05.315		1.34218			4
2025.07.18	01:30:06.246	1.34208				2
2025.07.18	01:30:06.867	1.34209				2
2025.07.18	01:30:07.170		1.34217			4
2025.07.18	01:30:07.477	1.34214	1.34221			6
2025.07.18	01:30:07.784	1.34215	1.34220			6
2025.07.18	01:30:08.097		1.34221			4
2025.07.18	01:30:09.652	1.34214				2
2025.07.18	01:30:09.970	1.34215				2
2025.07.18	01:30:10.274		1.34220			4
2025.07.18	01:30:12.736	1.34214	1.34218			6
2025.07.18	01:30:13.346		1.34219			4
2025.07.18	01:30:13.655	1.34216	1.34221			6
2025.07.18	01:30:14.273		1.34222			4
2025.07.18	01:30:14.887	1.34215	1.34221			6
2025.07.18	01:30:15.197		1.34220			4
2025.07.18	01:30:15.505	1.34217	1.34222			6
2025.07.18	01:30:15.811	1.34218	1.34223			6
2025.07.18	01:30:16.118		1.34224			4
2025.07.18	01:30:16.420	1.34219	1.34225			6
2025.07.18	01:30:17.346		1.34224			4
2025.07.18	01:30:18.269	1.34220				2
2025.07.18	01:30:20.099	1.34218	1.34222			6
2025.07.18	01:30:21.014	1.34219				2
2025.07.18	01:30:21.318	1.34220	1.34224			6
2025.07.18	01:30:23.169		1.34223			4
2025.07.18	01:30:28.675	1.34222	1.34225			6
2025.07.18	01:30:28.980	1.34221	1.34224			6
2025.07.18	01:30:35.380	1.34219	1.34222			6
2025.07.18	01:30:36.613	1.34221	1.34224			6
2025.07.18	01:30:47.638	1.34220	1.34223			6
2025.07.18	01:30:48.545	1.34219	1.34222			6
2025.07.18	01:30:49.150	1.34221	1.34224			6
2025.07.18	01:30:56.200	1.34222	1.34225			6
2025.07.18	01:30:59.269	1.34223	1.34226			6
2025.07.18	01:31:00.176	1.34223				2
2025.07.18	01:31:05.370	1.34221	1.34224			6
2025.07.18	01:31:05.679	1.34220	1.34223			6
2025.07.18	01:31:12.046	1.34219	1.34222			6
2025.07.18	01:31:13.272	1.34220	1.34223			6
2025.07.18	01:31:15.097	1.34219	1.34222			6
2025.07.18	01:31:15.401	1.34220	1.34223			6
2025.07.18	01:31:15.703	1.34219	1.34222			6
2025.07.18	01:31:16.009	1.34220	1.34223			6
2025.07.18	01:31:16.933	1.34219	1.34222			6
2025.07.18	01:31:17.237	1.34218	1.34221			6
2025.07.18	01:31:17.542	1.34216	1.34219			6
2025.07.18	01:31:18.155		1.34220			4
2025.07.18	01:31:19.078	1.34217	1.34221			6
2025.07.18	01:31:19.387	1.34218	1.34222			6
2025.07.18	01:31:20.306	1.34214	1.34223			6
2025.07.18	01:31:20.613	1.34215				2
2025.07.18	01:31:22.151	1.34217				2
2025.07.18	01:31:22.760	1.34216	1.34222			6
2025.07.18	01:31:23.376	1.34215	1.34223			6
2025.07.18	01:31:25.223		1.34222			4
2025.07.18	01:31:26.149	1.34216	1.34221			6
2025.07.18	01:31:27.066	1.34214	1.34219			6
2025.07.18	01:31:27.377	1.34215				2
2025.07.18	01:31:28.308	1.34214	1.34220			6
2025.07.18	01:31:28.922	1.34215	1.34221			6
2025.07.18	01:31:29.226		1.34220			4
2025.07.18	01:31:31.395	1.34216				2
2025.07.18	01:31:31.704	1.34217	1.34221			6
2025.07.18	01:31:33.258		1.34222			4
2025.07.18	01:31:34.180		1.34221			4
2025.07.18	01:31:35.101	1.34218				2
2025.07.18	01:31:39.363	1.34216	1.34219			6
2025.07.18	01:31:46.070	1.34215	1.34218			6
2025.07.18	01:31:52.467	1.34214	1.34217			6
2025.07.18	01:31:59.172	1.34216	1.34219			6
2025.07.18	01:32:00.104	1.34215	1.34221			6
2025.07.18	01:32:01.033	1.34218	1.34223			6
2025.07.18	01:32:02.270	1.34216				2
2025.07.18	01:32:02.580		1.34224			4
2025.07.18	01:32:05.363		1.34223			4
2025.07.18	01:32:06.599	1.34214				2
2025.07.18	01:32:06.906		1.34222			4
2025.07.18	01:32:09.379	1.34215				2
2025.07.18	01:32:10.301	1.34214				2
2025.07.18	01:32:10.922	1.34215	1.34223			6
2025.07.18	01:32:11.533		1.34222			4
2025.07.18	01:32:12.155		1.34221			4
2025.07.18	01:32:12.462	1.34221	1.34225			6
2025.07.18	01:32:12.767	1.34223	1.34227			6
2025.07.18	01:32:13.377		1.34229			4
2025.07.18	01:32:14.920		1.34231			4
2025.07.18	01:32:15.234	1.34224				2
2025.07.18	01:32:15.538	1.34236	1.34244			6
2025.07.18	01:32:15.841	1.34243	1.34252			6
2025.07.18	01:32:16.453	1.34253	1.34260			6
2025.07.18	01:32:16.770	1.34246	1.34255			6
2025.07.18	01:32:18.323	1.34239	1.34248			6
2025.07.18	01:32:19.871	1.34245	1.34253			6
2025.07.18	01:32:21.720	1.34244				2
2025.07.18	01:32:23.255	1.34241	1.34251			6
2025.07.18	01:32:24.183	1.34242				2
2025.07.18	01:32:25.106		1.34249			4
2025.07.18	01:32:26.348	1.34240	1.34246			6
2025.07.18	01:32:27.266	1.34243	1.34249			6
2025.07.18	01:32:28.207	1.34244				2
2025.07.18	01:32:28.509	1.34243	1.34248			6
2025.07.18	01:32:30.353		1.34247			4
2025.07.18	01:32:30.661	1.34244	1.34248			6
2025.07.18	01:32:33.107	1.34243	1.34246			6
2025.07.18	01:32:35.850	1.34244	1.34247			6
2025.07.18	01:32:38.293	1.34243	1.34246			6
2025.07.18	01:32:38.595	1.34244	1.34247			6
2025.07.18	01:32:38.904	1.34237	1.34240			6
2025.07.18	01:32:39.209	1.34236	1.34239			6
2025.07.18	01:32:40.418	1.34237	1.34240			6
2025.07.18	01:32:40.720	1.34236	1.34239			6
2025.07.18	01:32:41.327	1.34235	1.34238			6
2025.07.18	01:32:41.632	1.34236	1.34239			6
2025.07.18	01:32:42.863	1.34235	1.34238			6
2025.07.18	01:32:44.083	1.34236	1.34239			6
2025.07.18	01:32:48.653	1.34235	1.34238			6
2025.07.18	01:32:48.957	1.34236	1.34239			6
2025.07.18	01:32:56.243	1.34228	1.34231			6
2025.07.18	01:32:56.550	1.34227	1.34230			6
2025.07.18	01:32:57.467	1.34226	1.34229			6
2025.07.18	01:33:00.225	1.34226				2
2025.07.18	01:33:04.775	1.34228				2
2025.07.18	01:33:05.076	1.34231	1.34234			6
2025.07.18	01:33:05.385	1.34232	1.34235			6
2025.07.18	01:33:05.685	1.34229	1.34232			6
2025.07.18	01:33:05.987	1.34228	1.34231			6
2025.07.18	01:33:06.291	1.34233	1.34236			6
2025.07.18	01:33:07.198	1.34232	1.34235			6
2025.07.18	01:33:09.640	1.34233	1.34236			6
2025.07.18	01:33:09.941	1.34236	1.34239			6
2025.07.18	01:33:11.172	1.34235	1.34238			6
2025.07.18	01:33:12.405	1.34233	1.34236			6
2025.07.18	01:33:13.642	1.34234	1.34237			6
2025.07.18	01:33:14.248	1.34233	1.34236			6
2025.07.18	01:33:15.169	1.34235	1.34238			6
2025.07.18	01:33:16.387	1.34233	1.34236			6
2025.07.18	01:33:18.528	1.34232	1.34235			6
2025.07.18	01:33:18.837	1.34233	1.34236			6
2025.07.18	01:33:20.054	1.34234	1.34237			6
2025.07.18	01:33:22.490	1.34236	1.34239			6
2025.07.18	01:33:22.791	1.34235	1.34238			6
2025.07.18	01:33:23.096	1.34236	1.34239			6
2025.07.18	01:33:23.398	1.34235	1.34238			6
2025.07.18	01:33:23.703	1.34236	1.34239			6
2025.07.18	01:33:24.006	1.34237	1.34240			6
2025.07.18	01:33:32.574	1.34236	1.34239			6
2025.07.18	01:33:34.714	1.34235	1.34238			6
2025.07.18	01:33:35.634	1.34237	1.34240			6
2025.07.18	01:33:36.565	1.34238	1.34241			6
2025.07.18	01:33:36.876	1.34237	1.34240			6
2025.07.18	01:33:41.193	1.34238	1.34241			6
2025.07.18	01:33:42.420	1.34237	1.34240			6
2025.07.18	01:33:45.176	1.34235	1.34238			6
2025.07.18	01:33:48.841	1.34234	1.34237			6
2025.07.18	01:33:49.458	1.34235	1.34238			6
2025.07.18	01:33:55.868	1.34234	1.34237			6
2025.07.18	01:33:58.929	1.34236	1.34239			6
2025.07.18	01:33:59.553	1.34235	1.34238			6
2025.07.18	01:33:59.858	1.34237	1.34239			6
2025.07.18	01:34:00.175	1.34237				2
2025.07.18	01:34:03.263	1.34243	1.34246			6
2025.07.18	01:34:03.574	1.34244	1.34247			6
2025.07.18	01:34:04.201	1.34241	1.34248			6
2025.07.18	01:34:06.365	1.34242				2
2025.07.18	01:34:06.679	1.34241				2
2025.07.18	01:34:07.296	1.34242				2
2025.07.18	01:34:09.147	1.34239	1.34243			6
2025.07.18	01:34:09.757	1.34238				2
2025.07.18	01:34:10.381	1.34237				2
2025.07.18	01:34:12.237		1.34242			4
2025.07.18	01:34:14.404		1.34241			4
2025.07.18	01:34:17.181		1.34240			4
2025.07.18	01:34:19.615	1.34236	1.34239			6
2025.07.18	01:34:19.919	1.34235	1.34238			6
2025.07.18	01:34:26.630	1.34234	1.34237			6
2025.07.18	01:34:40.712	1.34235	1.34238			6
2025.07.18	01:34:42.558	1.34236	1.34239			6
2025.07.18	01:34:48.715	1.34235	1.34238			6
2025.07.18	01:34:57.994	1.34234	1.34237			6
2025.07.18	01:34:58.304	1.34235	1.34238			6
2025.07.18	01:35:00.164	1.34235				2
2025.07.18	01:35:03.251	1.34237	1.34240			6
2025.07.18	01:35:11.881	1.34243	1.34246			6
2025.07.18	01:35:12.196	1.34239	1.34249			6
2025.07.18	01:35:12.502		1.34248			4
2025.07.18	01:35:12.814		1.34249			4
2025.07.18	01:35:15.287	1.34240				2
2025.07.18	01:35:15.902	1.34239				2
2025.07.18	01:35:16.211	1.34240				2
2025.07.18	01:35:16.828	1.34245	1.34250			6
2025.07.18	01:35:17.140	1.34246	1.34252			6
2025.07.18	01:35:17.444		1.34253			4
2025.07.18	01:35:20.234		1.34252			4
2025.07.18	01:35:23.326		1.34251			4
2025.07.18	01:35:24.248	1.34247				2
2025.07.18	01:35:26.101		1.34250			4
2025.07.18	01:35:27.017	1.34248	1.34251			6
2025.07.18	01:35:27.322	1.34247	1.34250			6
2025.07.18	01:35:27.938	1.34249	1.34252			6
2025.07.18	01:35:32.511	1.34251	1.34254			6
2025.07.18	01:35:37.705	1.34252	1.34255			6
2025.07.18	01:35:41.062	1.34257	1.34259			6
2025.07.18	01:35:41.364	1.34258	1.34261			6
2025.07.18	01:35:41.674	1.34257	1.34260			6
2025.07.18	01:35:56.635	1.34256	1.34259			6
2025.07.18	01:36:00.294	1.34256				2
2025.07.18	01:36:04.579	1.34257	1.34260			6
2025.07.18	01:36:04.886	1.34258	1.34261			6
2025.07.18	01:36:05.794	1.34257	1.34260			6
2025.07.18	01:36:17.519	1.34263	1.34266			6
2025.07.18	01:36:17.823	1.34261	1.34264			6
2025.07.18	01:36:18.145	1.34259	1.34267			6
2025.07.18	01:36:18.451	1.34260				2
2025.07.18	01:36:19.377	1.34259				2
2025.07.18	01:36:20.307	1.34260				2
2025.07.18	01:36:22.161	1.34261				2
2025.07.18	01:36:24.310	1.34262				2
2025.07.18	01:36:24.622		1.34265			4
2025.07.18	01:36:24.929	1.34257	1.34262			6
2025.07.18	01:36:26.156	1.34256	1.34263			6
2025.07.18	01:36:26.464	1.34259				2
2025.07.18	01:36:26.766	1.34258	1.34268			6
2025.07.18	01:36:27.072	1.34260				2
2025.07.18	01:36:28.015	1.34261				2
2025.07.18	01:36:28.627	1.34260				2
2025.07.18	01:36:29.248	1.34261				2
2025.07.18	01:36:32.326		1.34269			4
2025.07.18	01:36:32.640	1.34263	1.34270			6
2025.07.18	01:36:33.252	1.34262				2
2025.07.18	01:36:33.560	1.34263				2
2025.07.18	01:36:34.184	1.34266	1.34271			6
2025.07.18	01:36:34.491		1.34272			4
2025.07.18	01:36:38.200		1.34271			4
2025.07.18	01:36:40.362	1.34267				2
2025.07.18	01:36:41.287		1.34270			4
2025.07.18	01:37:00.202	1.34267				2
2025.07.18	01:37:22.257	1.34266	1.34269			6
2025.07.18	01:37:22.566	1.34267	1.34270			6
2025.07.18	01:37:28.706	1.34264	1.34267			6
2025.07.18	01:37:29.012	1.34265	1.34268			6
2025.07.18	01:37:29.627	1.34263	1.34266			6
2025.07.18	01:37:29.932	1.34264	1.34267			6
2025.07.18	01:37:32.664	1.34265	1.34268			6
2025.07.18	01:37:32.972	1.34264	1.34267			6
2025.07.18	01:37:38.462	1.34265	1.34268			6
2025.07.18	01:37:38.767	1.34264	1.34267			6
2025.07.18	01:37:39.374	1.34265	1.34268			6
2025.07.18	01:37:41.516	1.34264	1.34267			6
2025.07.18	01:37:41.818	1.34265	1.34268			6
2025.07.18	01:37:43.967	1.34264	1.34267			6
2025.07.18	01:37:46.104	1.34265	1.34268			6
2025.07.18	01:37:46.409	1.34266	1.34269			6
2025.07.18	01:37:50.397	1.34267	1.34270			6
2025.07.18	01:37:55.704	1.34266	1.34269			6
2025.07.18	01:37:58.510	1.34268	1.34271			6
2025.07.18	01:37:59.750	1.34267	1.34270			6
2025.07.18	01:38:00.066	1.34267				2
2025.07.18	01:38:01.316	1.34274	1.34277			6
2025.07.18	01:38:01.620	1.34275	1.34278			6
2025.07.18	01:38:02.251	1.34273	1.34280			6
2025.07.18	01:38:02.560		1.34279			4
2025.07.18	01:38:02.875		1.34280			4
2025.07.18	01:38:06.597	1.34279	1.34285			6
2025.07.18	01:38:06.906	1.34278	1.34283			6
2025.07.18	01:38:07.534	1.34279				2
2025.07.18	01:38:08.160	1.34282	1.34288			6
2025.07.18	01:38:08.464		1.34290			4
2025.07.18	01:38:08.766	1.34286	1.34294			6
2025.07.18	01:38:09.068		1.34293			4
2025.07.18	01:38:09.999		1.34292			4
2025.07.18	01:38:10.623	1.34287	1.34293			6
2025.07.18	01:38:10.932		1.34292			4
2025.07.18	01:38:19.328		1.34291			4
2025.07.18	01:38:21.167	1.34288				2
2025.07.18	01:38:21.779	1.34290	1.34292			6
2025.07.18	01:38:22.693	1.34288	1.34291			6
2025.07.18	01:38:24.222	1.34289	1.34292			6
2025.07.18	01:38:24.831	1.34288	1.34291			6
2025.07.18	01:38:32.474		1.34290			4
2025.07.18	01:38:33.094	1.34287				2
2025.07.18	01:38:34.023	1.34286	1.34289			6
2025.07.18	01:38:34.329	1.34287	1.34290			6
2025.07.18	01:38:38.594	1.34286	1.34289			6
2025.07.18	01:38:38.896	1.34287				2
2025.07.18	01:38:39.204	1.34286				2
2025.07.18	01:38:39.507	1.34287				2
2025.07.18	01:38:41.647	1.34286				2
2025.07.18	01:38:44.375	1.34285	1.34288			6
2025.07.18	01:38:45.606	1.34286	1.34289			6
2025.07.18	01:38:46.210	1.34284	1.34287			6
2025.07.18	01:38:47.120	1.34285	1.34288			6
2025.07.18	01:38:47.425	1.34288	1.34290			6
2025.07.18	01:38:48.035	1.34287				2
2025.07.18	01:38:48.341	1.34288				2
2025.07.18	01:38:48.647	1.34287				2
2025.07.18	01:39:00.022	1.34287				2
2025.07.18	01:39:00.626	1.34286	1.34289			6
2025.07.18	01:39:01.543		1.34288			4
2025.07.18	01:39:02.768	1.34285	1.34287			6
2025.07.18	01:39:06.414	1.34287	1.34289			6
2025.07.18	01:39:06.727	1.34286				2
2025.07.18	01:39:07.034	1.34287				2
2025.07.18	01:39:07.645	1.34286				2
2025.07.18	01:39:09.784	1.34287				2
2025.07.18	01:39:11.301	1.34286				2
2025.07.18	01:39:12.223	1.34287	1.34290			6
2025.07.18	01:39:12.524	1.34288	1.34291			6
2025.07.18	01:39:19.538	1.34290	1.34292			6
2025.07.18	01:39:21.053		1.34293			4
2025.07.18	01:39:21.658		1.34292			4
2025.07.18	01:39:21.965	1.34291	1.34293			6
2025.07.18	01:39:22.878		1.34292			4
2025.07.18	01:39:24.110		1.34293			4
2025.07.18	01:39:26.252		1.34294			4
2025.07.18	01:39:26.562		1.34293			4
2025.07.18	01:39:31.178	1.34290				2
2025.07.18	01:39:31.486	1.34291				2
2025.07.18	01:39:31.801	1.34290				2
2025.07.18	01:39:32.107	1.34291				2
2025.07.18	01:39:32.723	1.34293	1.34296			6
2025.07.18	01:39:33.025	1.34292	1.34295			6
2025.07.18	01:39:34.874	1.34291	1.34294			6
2025.07.18	01:39:36.421	1.34293	1.34296			6
2025.07.18	01:39:37.049	1.34292	1.34295			6
2025.07.18	01:39:37.663	1.34293	1.34296			6
2025.07.18	01:39:40.149	1.34292	1.34295			6
2025.07.18	01:39:40.457	1.34293	1.34296			6
2025.07.18	01:39:40.766	1.34292	1.34295			6
2025.07.18	01:39:41.074	1.34293	1.34296			6
2025.07.18	01:39:44.198	1.34292	1.34295			6
2025.07.18	01:39:49.793	1.34291	1.34293			6
2025.07.18	01:39:50.421	1.34290				2
2025.07.18	01:39:50.734	1.34291				2
2025.07.18	01:39:51.049	1.34290				2
2025.07.18	01:39:52.281	1.34291				2
2025.07.18	01:39:57.563		1.34292			4
2025.07.18	01:39:57.873		1.34293			4
2025.07.18	01:39:58.494		1.34292			4
2025.07.18	01:39:58.807		1.34293			4
2025.07.18	01:40:00.058	1.34291				2
2025.07.18	01:40:00.678	1.34290				2
2025.07.18	01:40:02.238		1.34292			4
2025.07.18	01:40:03.484		1.34293			4
2025.07.18	01:40:05.346		1.34292			4
2025.07.18	01:40:05.663	1.34289				2
2025.07.18	01:40:08.765	1.34290	1.34293			6
2025.07.18	01:40:14.976	1.34289	1.34292			6
2025.07.18	01:40:17.451	1.34290	1.34293			6
2025.07.18	01:40:25.219		1.34292			4
2025.07.18	01:40:25.532		1.34293			4
2025.07.18	01:40:25.843		1.34292			4
2025.07.18	01:40:31.135		1.34293			4
2025.07.18	01:40:33.934		1.34292			4
2025.07.18	01:40:34.247		1.34293			4
2025.07.18	01:40:37.041		1.34292			4
2025.07.18	01:40:39.220	1.34289				2
2025.07.18	01:40:40.471	1.34290				2
2025.07.18	01:40:43.884	1.34289				2
2025.07.18	01:40:44.816	1.34288	1.34291			6
2025.07.18	01:40:47.611	1.34289	1.34292			6
2025.07.18	01:40:47.917	1.34288	1.34291			6
2025.07.18	01:40:48.227	1.34289	1.34292			6
2025.07.18	01:40:51.318	1.34288	1.34291			6
2025.07.18	01:40:51.623	1.34287	1.34290			6
2025.07.18	01:40:52.231	1.34284	1.34288			6
2025.07.18	01:40:53.160	1.34281				2
2025.07.18	01:40:54.403	1.34282				2
2025.07.18	01:40:57.200	1.34283				2
2025.07.18	01:40:58.124	1.34284				2
2025.07.18	01:41:00.293	1.34283	1.34287			6
2025.07.18	01:41:01.223	1.34281	1.34288			6
2025.07.18	01:41:02.139		1.34283			4
2025.07.18	01:41:02.442	1.34277	1.34282			6
2025.07.18	01:41:03.383	1.34274				2
2025.07.18	01:41:06.456	1.34275				2
2025.07.18	01:41:06.769	1.34274				2
2025.07.18	01:41:07.688	1.34275				2
2025.07.18	01:41:10.152	1.34276				2
2025.07.18	01:41:11.381	1.34277				2
2025.07.18	01:41:13.228	1.34278	1.34283			6
2025.07.18	01:41:15.373	1.34279				2
2025.07.18	01:41:17.236		1.34282			4
2025.07.18	01:41:18.155	1.34278	1.34281			6
2025.07.18	01:41:27.926	1.34279	1.34282			6
2025.07.18	01:41:37.716	1.34284	1.34287			6
2025.07.18	01:41:38.020	1.34280	1.34283			6
2025.07.18	01:41:39.849	1.34286	1.34289			6
2025.07.18	01:41:40.150	1.34281	1.34290			6
2025.07.18	01:41:44.197	1.34282				2
2025.07.18	01:41:46.378	1.34283				2
2025.07.18	01:41:47.007	1.34284	1.34292			6
2025.07.18	01:41:47.323	1.34285				2
2025.07.18	01:41:48.253	1.34286				2
2025.07.18	01:41:49.185	1.34287				2
2025.07.18	01:41:50.108		1.34291			4
2025.07.18	01:41:53.156		1.34290			4
2025.07.18	01:41:54.994	1.34288	1.34291			6
2025.07.18	01:41:55.899	1.34287	1.34290			6
2025.07.18	01:41:56.507	1.34288	1.34291			6
2025.07.18	01:41:57.120	1.34287	1.34290			6
2025.07.18	01:41:58.950	1.34286	1.34289			6
2025.07.18	01:41:59.253	1.34285	1.34288			6
2025.07.18	01:42:00.174	1.34285				2
2025.07.18	01:42:02.021	1.34284	1.34287			6
2025.07.18	01:42:04.150	1.34288	1.34291			6
2025.07.18	01:42:05.371	1.34285				2
2025.07.18	01:42:06.309	1.34286				2
2025.07.18	01:42:07.240	1.34287				2
2025.07.18	01:42:07.860		1.34293			4
2025.07.18	01:42:08.168	1.34288				2
2025.07.18	01:42:08.790	1.34294	1.34298			6
2025.07.18	01:42:09.092	1.34295	1.34299			6
2025.07.18	01:42:09.406	1.34296				2
2025.07.18	01:42:10.336	1.34295				2
2025.07.18	01:42:16.857	1.34294				2
2025.07.18	01:42:17.778	1.34296	1.34301			6
2025.07.18	01:42:18.082	1.34298	1.34302			6
2025.07.18	01:42:18.399		1.34301			4
2025.07.18	01:42:18.709	1.34296				2
2025.07.18	01:42:19.010		1.34300			4
2025.07.18	01:42:19.317	1.34297				2
2025.07.18	01:42:22.392		1.34301			4
2025.07.18	01:42:23.005		1.34299			4
2025.07.18	01:42:23.313	1.34298	1.34300			6
2025.07.18	01:42:24.526	1.34297				2
2025.07.18	01:42:26.962	1.34298				2
2025.07.18	01:42:27.268	1.34309	1.34312			6
2025.07.18	01:42:27.578	1.34310	1.34313			6
2025.07.18	01:42:28.190	1.34306				2
2025.07.18	01:42:29.738		1.34312			4
2025.07.18	01:42:30.044		1.34313			4
2025.07.18	01:42:30.362		1.34312			4
2025.07.18	01:42:30.989		1.34313			4
2025.07.18	01:42:31.299		1.34312			4
2025.07.18	01:42:35.314		1.34311			4
2025.07.18	01:42:35.937	1.34305				2
2025.07.18	01:42:36.246	1.34306				2
2025.07.18	01:42:38.105	1.34307	1.34312			6
2025.07.18	01:42:39.347		1.34311			4
2025.07.18	01:42:40.260	1.34308				2
2025.07.18	01:42:40.877	1.34307	1.34310			6
2025.07.18	01:42:42.712	1.34308	1.34311			6
2025.07.18	01:42:44.234	1.34307	1.34310			6
2025.07.18	01:42:44.840	1.34306	1.34309			6
2025.07.18	01:42:45.446		1.34308			4
2025.07.18	01:42:45.755	1.34305				2
2025.07.18	01:42:48.799	1.34304	1.34307			6
2025.07.18	01:42:49.105	1.34307	1.34310			6
2025.07.18	01:42:50.025	1.34304	1.34307			6
2025.07.18	01:42:50.635	1.34303	1.34306			6
2025.07.18	01:42:52.765	1.34304	1.34307			6
2025.07.18	01:42:53.675	1.34303	1.34306			6
2025.07.18	01:42:54.595	1.34304	1.34307			6
2025.07.18	01:43:00.091	1.34298	1.34301			6
2025.07.18	01:43:00.403	1.34295	1.34298			6
2025.07.18	01:43:01.329	1.34292				2
2025.07.18	01:43:04.422	1.34289	1.34297			6
2025.07.18	01:43:05.354	1.34290				2
2025.07.18	01:43:06.279	1.34291				2
2025.07.18	01:43:07.209	1.34292				2
2025.07.18	01:43:08.139	1.34293				2
2025.07.18	01:43:09.663	1.34294	1.34298			6
2025.07.18	01:43:10.271	1.34295				2
2025.07.18	01:43:11.187	1.34294	1.34297			6
2025.07.18	01:43:12.712	1.34287	1.34290			6
2025.07.18	01:43:13.021	1.34284	1.34287			6
2025.07.18	01:43:13.631	1.34285	1.34288			6
2025.07.18	01:43:14.250	1.34283	1.34289			6
2025.07.18	01:43:19.822	1.34282				2
2025.07.18	01:43:20.129	1.34284				2
2025.07.18	01:43:22.271	1.34285				2
2025.07.18	01:43:23.184		1.34288			4
2025.07.18	01:43:25.014	1.34281	1.34284			6
2025.07.18	01:43:25.631	1.34283	1.34286			6
2025.07.18	01:43:27.174	1.34282	1.34284			6
2025.07.18	01:43:27.478	1.34281				2
2025.07.18	01:43:33.259	1.34282	1.34285			6
2025.07.18	01:43:36.917	1.34284	1.34287			6
2025.07.18	01:43:37.829	1.34285	1.34288			6
2025.07.18	01:43:46.073	1.34286	1.34289			6
2025.07.18	01:43:46.989	1.34285	1.34288			6
2025.07.18	01:43:50.657	1.34288	1.34290			6
2025.07.18	01:43:51.264		1.34291			4
2025.07.18	01:43:58.012	1.34287	1.34290			6
2025.07.18	01:43:58.314	1.34288	1.34291			6
2025.07.18	01:43:58.924	1.34283	1.34286			6
2025.07.18	01:43:59.227	1.34284	1.34287			6
2025.07.18	01:44:00.137	1.34284				2
2025.07.18	01:44:00.742	1.34287	1.34290			6
2025.07.18	01:44:02.864	1.34286	1.34289			6
2025.07.18	01:44:03.165	1.34284	1.34287			6
2025.07.18	01:44:03.473	1.34285	1.34288			6
2025.07.18	01:44:04.379	1.34284				2
2025.07.18	01:44:05.299	1.34286				2
2025.07.18	01:44:05.921	1.34285				2
2025.07.18	01:44:06.222	1.34284				2
2025.07.18	01:44:07.776	1.34286				2
2025.07.18	01:44:08.086	1.34284				2
2025.07.18	01:44:08.394		1.34287			4
2025.07.18	01:44:09.003	1.34286	1.34288			6
2025.07.18	01:44:09.307	1.34284	1.34287			6
2025.07.18	01:44:09.920	1.34285	1.34288			6
2025.07.18	01:44:10.226	1.34286				2
2025.07.18	01:44:14.216	1.34285				2
2025.07.18	01:44:14.517	1.34286				2
2025.07.18	01:44:16.649	1.34287	1.34290			6
2025.07.18	01:44:16.954	1.34289	1.34292			6
2025.07.18	01:44:20.628	1.34288	1.34291			6
2025.07.18	01:44:23.092	1.34289	1.34292			6
2025.07.18	01:44:23.401	1.34288	1.34291			6
2025.07.18	01:44:25.225	1.34289	1.34292			6
2025.07.18	01:44:33.186	1.34285	1.34288			6
2025.07.18	01:44:40.795	1.34287				2
2025.07.18	01:44:42.014	1.34286				2
2025.07.18	01:44:42.934	1.34285				2
2025.07.18	01:44:47.229		1.34287			4
2025.07.18	01:44:54.362	1.34288	1.34291			6
2025.07.18	01:44:55.291	1.34287	1.34292			6
2025.07.18	01:44:55.607	1.34286				2
2025.07.18	01:44:56.219	1.34287				2
2025.07.18	01:44:57.153		1.34291			4
2025.07.18	01:44:59.317	1.34288				2
2025.07.18	01:45:00.247	1.34288				2
2025.07.18	01:45:02.709	1.34289	1.34292			6
2025.07.18	01:45:04.252	1.34288	1.34291			6
2025.07.18	01:45:11.998	1.34289	1.34292			6
2025.07.18	01:45:19.415	1.34288	1.34291			6
2025.07.18	01:45:20.656	1.34287	1.34290			6
2025.07.18	01:45:25.601	1.34288				2
2025.07.18	01:45:25.906	1.34287				2
2025.07.18	01:45:26.836	1.34288				2
2025.07.18	01:45:30.234	1.34284	1.34287			6
2025.07.18	01:45:31.165	1.34279				2
2025.07.18	01:45:32.095	1.34277	1.34282			6
2025.07.18	01:45:32.719	1.34276				2
2025.07.18	01:45:33.026		1.34283			4
2025.07.18	01:45:36.122		1.34282			4
2025.07.18	01:45:41.093	1.34277				2
2025.07.18	01:45:43.248		1.34281			4
2025.07.18	01:45:44.170	1.34278				2
2025.07.18	01:45:52.113	1.34280	1.34283			6
2025.07.18	01:45:52.417	1.34286	1.34287			6
2025.07.18	01:45:53.333	1.34281				2
2025.07.18	01:45:57.951	1.34284	1.34291			6
2025.07.18	01:45:58.259	1.34285				2
2025.07.18	01:46:00.110	1.34285				2
2025.07.18	01:46:01.350	1.34286				2
2025.07.18	01:46:02.279	1.34288	1.34293			6
2025.07.18	01:46:03.209	1.34289				2
2025.07.18	01:46:03.519	1.34288				2
2025.07.18	01:46:04.445	1.34289				2
2025.07.18	01:46:04.755	1.34288				2
2025.07.18	01:46:05.373	1.34289				2
2025.07.18	01:46:06.293	1.34290				2
2025.07.18	01:46:06.594	1.34289	1.34292			6
2025.07.18	01:46:08.125	1.34290	1.34293			6
2025.07.18	01:46:08.430	1.34289	1.34292			6
2025.07.18	01:46:10.567	1.34290	1.34293			6
2025.07.18	01:46:10.873	1.34289	1.34292			6
2025.07.18	01:46:36.239	1.34294	1.34297			6
2025.07.18	01:46:36.541	1.34297	1.34300			6
2025.07.18	01:46:37.159	1.34294				2
2025.07.18	01:46:39.015	1.34295				2
2025.07.18	01:46:42.704	1.34293				2
2025.07.18	01:46:43.006		1.34299			4
2025.07.18	01:46:44.250	1.34294				2
2025.07.18	01:46:45.178	1.34295				2
2025.07.18	01:46:46.101	1.34294				2
2025.07.18	01:46:46.411	1.34295	1.34298			6
2025.07.18	01:46:46.717	1.34294				2
2025.07.18	01:46:47.025	1.34295				2
2025.07.18	01:46:48.254	1.34296				2
2025.07.18	01:46:51.002	1.34297	1.34300			6
2025.07.18	01:46:51.306	1.34298				2
2025.07.18	01:46:56.177	1.34306	1.34309			6
2025.07.18	01:46:56.480	1.34305	1.34308			6
2025.07.18	01:46:57.398	1.34302	1.34309			6
2025.07.18	01:46:57.715	1.34303	1.34308			6
2025.07.18	01:46:58.021	1.34302				2
2025.07.18	01:47:00.182	1.34304	1.34310			6
2025.07.18	01:47:00.488		1.34311			4
2025.07.18	01:47:01.104		1.34312			4
2025.07.18	01:47:02.354	1.34307				2
2025.07.18	01:47:05.127	1.34308				2
2025.07.18	01:47:05.438	1.34313	1.34317			6
2025.07.18	01:47:05.740	1.34314				2
2025.07.18	01:47:06.353	1.34312	1.34316			6
2025.07.18	01:47:06.657		1.34317			4
2025.07.18	01:47:09.143	1.34311	1.34315			6
2025.07.18	01:47:11.296		1.34316			4
2025.07.18	01:47:12.215	1.34312				2
2025.07.18	01:47:14.359	1.34313				2
2025.07.18	01:47:15.587	1.34312	1.34315			6
2025.07.18	01:47:17.730	1.34311	1.34313			6
2025.07.18	01:47:22.594		1.34312			4
2025.07.18	01:47:22.897	1.34309				2
2025.07.18	01:47:29.899		1.34311			4
2025.07.18	01:47:33.864	1.34311	1.34313			6
2025.07.18	01:47:35.087	1.34312	1.34314			6
2025.07.18	01:47:35.694	1.34311	1.34313			6
2025.07.18	01:47:36.601	1.34309	1.34312			6
2025.07.18	01:47:37.832		1.34311			4
2025.07.18	01:47:38.133		1.34312			4
2025.07.18	01:47:39.349	1.34308	1.34311			6
2025.07.18	01:47:39.653	1.34309				2
2025.07.18	01:47:43.613	1.34308				2
2025.07.18	01:47:44.220	1.34309	1.34312			6
2025.07.18	01:47:44.521	1.34315	1.34318			6
2025.07.18	01:47:45.128		1.34320			4
2025.07.18	01:47:45.437		1.34319			4
2025.07.18	01:47:46.351	1.34316	1.34320			6
2025.07.18	01:47:49.139		1.34321			4
2025.07.18	01:47:51.310		1.34320			4
2025.07.18	01:47:51.615	1.34313	1.34318			6
2025.07.18	01:47:52.245	1.34312				2
2025.07.18	01:47:55.019		1.34317			4
2025.07.18	01:47:56.249		1.34316			4
2025.07.18	01:47:57.163	1.34313				2
2025.07.18	01:48:00.203	1.34313				2
2025.07.18	01:48:00.820	1.34311	1.34313			6
2025.07.18	01:48:02.038	1.34315	1.34318			6
2025.07.18	01:48:02.344	1.34314	1.34320			6
2025.07.18	01:48:02.953	1.34315				2
2025.07.18	01:48:03.261		1.34321			4
2025.07.18	01:48:03.865	1.34317				2
2025.07.18	01:48:04.491		1.34320			4
2025.07.18	01:48:06.022	1.34318				2
2025.07.18	01:48:09.989		1.34321			4
2025.07.18	01:48:11.200	1.34317	1.34320			6
2025.07.18	01:48:11.505		1.34319			4
2025.07.18	01:48:12.414	1.34315	1.34318			6
2025.07.18	01:48:13.327	1.34311	1.34312			6
2025.07.18	01:48:13.635	1.34310	1.34311			6
2025.07.18	01:48:13.937	1.34311	1.34312			6
2025.07.18	01:48:14.240	1.34309	1.34314			6
2025.07.18	01:48:15.478		1.34315			4
2025.07.18	01:48:16.095	1.34310				2
2025.07.18	01:48:17.331	1.34311				2
2025.07.18	01:48:18.247	1.34312				2
2025.07.18	01:48:18.852	1.34311	1.34314			6
2025.07.18	01:48:20.064	1.34312	1.34315			6
2025.07.18	01:48:22.804	1.34311	1.34314			6
2025.07.18	01:48:23.722	1.34312	1.34315			6
2025.07.18	01:48:25.259	1.34311	1.34314			6
2025.07.18	01:48:27.389	1.34314	1.34317			6
2025.07.18	01:48:27.692	1.34315	1.34318			6
2025.07.18	01:48:28.303	1.34314	1.34319			6
2025.07.18	01:48:29.230	1.34315	1.34318			6
2025.07.18	01:48:32.897	1.34314	1.34317			6
2025.07.18	01:48:40.508	1.34313	1.34316			6
2025.07.18	01:48:41.416	1.34312	1.34315			6
2025.07.18	01:48:42.031	1.34313	1.34316			6
2025.07.18	01:48:46.014	1.34312	1.34315			6
2025.07.18	01:48:47.835	1.34313	1.34316			6
2025.07.18	01:49:00.023	1.34313				2
2025.07.18	01:49:06.143	1.34312	1.34315			6
2025.07.18	01:49:07.061		1.34314			4
2025.07.18	01:49:07.365	1.34311				2
2025.07.18	01:49:13.780	1.34312	1.34315			6
2025.07.18	01:49:15.317	1.34308	1.34309			6
2025.07.18	01:49:16.248	1.34305				2
2025.07.18	01:49:16.561	1.34306	1.34311			6
2025.07.18	01:49:18.103		1.34310			4
2025.07.18	01:49:21.202	1.34307				2
2025.07.18	01:49:22.738		1.34311			4
2025.07.18	01:49:23.357	1.34308				2
2025.07.18	01:49:27.341	1.34311	1.34313			6
2025.07.18	01:49:28.261	1.34308				2
2025.07.18	01:49:29.188	1.34309				2
2025.07.18	01:49:30.117	1.34310				2
2025.07.18	01:49:34.132	1.34311				2
2025.07.18	01:49:38.715		1.34312			4
2025.07.18	01:49:39.323	1.34309				2
2025.07.18	01:49:41.158	1.34308	1.34311			6
2025.07.18	01:49:43.902	1.34309	1.34312			6
2025.07.18	01:49:44.208	1.34308	1.34311			6
2025.07.18	01:49:48.453	1.34307	1.34310			6
2025.07.18	01:49:50.609		1.34308			4
2025.07.18	01:49:53.356	1.34303	1.34306			6
2025.07.18	01:49:58.854	1.34305				2
2025.07.18	01:50:00.081	1.34305				2
2025.07.18	01:50:00.391	1.34304	1.34307			6
2025.07.18	01:50:01.314	1.34305				2
2025.07.18	01:50:01.936		1.34308			4
2025.07.18	01:50:02.241	1.34306				2
2025.07.18	01:50:02.543	1.34305	1.34307			6
2025.07.18	01:50:16.699	1.34304				2
2025.07.18	01:50:25.028	1.34305				2
2025.07.18	01:50:36.085		1.34306			4
2025.07.18	01:50:38.229		1.34307			4
2025.07.18	01:50:40.069		1.34306			4
2025.07.18	01:50:40.384	1.34304	1.34307			6
2025.07.18	01:50:41.001	1.34305				2
2025.07.18	01:50:45.324	1.34303	1.34305			6
2025.07.18	01:50:45.629	1.34304	1.34306			6
2025.07.18	01:50:49.946	1.34305				2
2025.07.18	01:50:50.252		1.34307			4
2025.07.18	01:50:50.872		1.34306			4
2025.07.18	01:50:52.717	1.34306	1.34307			6
2025.07.18	01:51:00.112	1.34306				2
2025.07.18	01:51:00.426	1.34305				2
2025.07.18	01:51:02.281	1.34304				2
2025.07.18	01:51:06.288	1.34305				2
2025.07.18	01:51:08.451	1.34306				2
2025.07.18	01:51:10.293	1.34305				2
2025.07.18	01:51:11.216	1.34304				2
2025.07.18	01:51:13.360	1.34305				2
2025.07.18	01:51:14.276	1.34307	1.34308			6
2025.07.18	01:51:15.193	1.34303				2
2025.07.18	01:51:16.419	1.34302	1.34307			6
2025.07.18	01:51:16.720		1.34306			4
2025.07.18	01:51:21.953		1.34307			4
2025.07.18	01:51:22.565		1.34306			4
2025.07.18	01:51:23.808		1.34307			4
2025.07.18	01:51:24.722	1.34306	1.34310			6
2025.07.18	01:51:25.025	1.34308	1.34311			6
2025.07.18	01:51:25.334	1.34309				2
2025.07.18	01:51:26.257	1.34307				2
2025.07.18	01:51:28.111		1.34312			4
2025.07.18	01:51:33.977		1.34311			4
2025.07.18	01:51:34.284	1.34306				2
2025.07.18	01:51:35.215	1.34307				2
2025.07.18	01:51:37.387	1.34308				2
2025.07.18	01:51:38.623		1.34310			4
2025.07.18	01:51:38.929	1.34309	1.34311			6
2025.07.18	01:51:40.151	1.34310				2
2025.07.18	01:51:41.970	1.34308				2
2025.07.18	01:51:42.274	1.34309				2
2025.07.18	01:51:43.195	1.34308				2
2025.07.18	01:51:46.555	1.34310	1.34312			6
2025.07.18	01:51:48.087	1.34309				2
2025.07.18	01:51:49.925	1.34308	1.34311			6
2025.07.18	01:51:50.238	1.34309				2
2025.07.18	01:51:51.146	1.34308				2
2025.07.18	01:51:56.923	1.34310				2
2025.07.18	01:51:58.141	1.34309				2
2025.07.18	01:51:58.448		1.34312			4
2025.07.18	01:51:59.060	1.34311				2
2025.07.18	01:51:59.365	1.34310				2
2025.07.18	01:51:59.670	1.34311				2
2025.07.18	01:52:00.272	1.34311				2
2025.07.18	01:52:00.577	1.34312	1.34315			6
2025.07.18	01:52:03.022	1.34314	1.34317			6
2025.07.18	01:52:03.322	1.34315	1.34318			6
2025.07.18	01:52:03.940	1.34314	1.34317			6
2025.07.18	01:52:04.240	1.34313	1.34318			6
2025.07.18	01:52:06.404	1.34314				2
2025.07.18	01:52:07.341	1.34315				2
2025.07.18	01:52:14.376	1.34314	1.34317			6
2025.07.18	01:52:14.680	1.34312	1.34313			6
2025.07.18	01:52:14.985		1.34315			4
2025.07.18	01:52:15.287	1.34310				2
2025.07.18	01:52:17.132		1.34312			4
2025.07.18	01:52:18.371		1.34314			4
2025.07.18	01:52:19.598		1.34315			4
2025.07.18	01:52:24.233	1.34306	1.34311			6
2025.07.18	01:52:24.539		1.34309			4
2025.07.18	01:52:28.255	1.34304				2
2025.07.18	01:52:29.489		1.34308			4
2025.07.18	01:52:30.108		1.34307			4
2025.07.18	01:52:32.277	1.34300	1.34304			6
2025.07.18	01:52:33.206	1.34302				2
2025.07.18	01:52:33.513		1.34306			4
2025.07.18	01:52:34.135		1.34307			4
2025.07.18	01:52:34.440		1.34306			4
2025.07.18	01:52:36.294		1.34305			4
2025.07.18	01:52:38.130		1.34304			4
2025.07.18	01:52:39.652	1.34303				2
2025.07.18	01:52:52.196		1.34305			4
2025.07.18	01:52:57.696		1.34304			4
2025.07.18	01:53:00.131	1.34304	1.34306			6
2025.07.18	01:53:00.436	1.34306	1.34307			6
2025.07.18	01:53:09.607		1.34308			4
2025.07.18	01:53:11.433	1.34308	1.34309			6
2025.07.18	01:53:14.474	1.34307				2
2025.07.18	01:53:14.777	1.34303	1.34305			6
2025.07.18	01:53:15.395		1.34309			4
2025.07.18	01:53:17.870		1.34308			4
2025.07.18	01:53:19.104		1.34307			4
2025.07.18	01:53:20.337		1.34306			4
2025.07.18	01:53:21.258		1.34305			4
2025.07.18	01:53:21.565		1.34306			4
2025.07.18	01:53:22.177		1.34305			4
2025.07.18	01:53:24.931		1.34304			4
2025.07.18	01:53:25.234		1.34305			4
2025.07.18	01:53:25.538		1.34304			4
2025.07.18	01:53:25.839	1.34298	1.34300			6
2025.07.18	01:53:26.149		1.34302			4
2025.07.18	01:53:26.451	1.34297	1.34301			6
2025.07.18	01:53:33.240		1.34300			4
2025.07.18	01:53:35.092		1.34299			4
2025.07.18	01:53:38.763		1.34298			4
2025.07.18	01:53:39.373		1.34299			4
2025.07.18	01:53:57.648		1.34300			4
2025.07.18	01:53:57.949		1.34299			4
2025.07.18	01:54:00.092	1.34297				2
2025.07.18	01:54:01.325	1.34298				2
2025.07.18	01:54:06.521		1.34300			4
2025.07.18	01:54:09.565	1.34300	1.34303			6
2025.07.18	01:54:10.175	1.34301	1.34304			6
2025.07.18	01:54:10.788	1.34302	1.34305			6
2025.07.18	01:54:11.096	1.34300	1.34307			6
2025.07.18	01:54:13.247	1.34301				2
2025.07.18	01:54:14.166		1.34306			4
2025.07.18	01:54:15.393	1.34302				2
2025.07.18	01:54:16.940	1.34300	1.34304			6
2025.07.18	01:54:17.249	1.34302	1.34305			6
2025.07.18	01:54:22.434	1.34301	1.34304			6
2025.07.18	01:54:22.739	1.34302	1.34305			6
2025.07.18	01:54:23.658	1.34301	1.34304			6
2025.07.18	01:54:25.474	1.34302	1.34305			6
2025.07.18	01:54:27.614	1.34301	1.34304			6
2025.07.18	01:54:34.030	1.34302	1.34305			6
2025.07.18	01:54:40.164	1.34301	1.34304			6
2025.07.18	01:54:40.473	1.34297	1.34300			6
2025.07.18	01:54:40.776		1.34299			4
2025.07.18	01:54:41.080		1.34300			4
2025.07.18	01:54:42.294		1.34302			4
2025.07.18	01:54:50.343		1.34301			4
2025.07.18	01:54:50.646		1.34302			4
2025.07.18	01:54:51.275		1.34301			4
2025.07.18	01:54:54.370		1.34300			4
2025.07.18	01:54:56.224		1.34299			4
2025.07.18	01:54:56.835		1.34300			4
2025.07.18	01:54:57.439		1.34299			4
2025.07.18	01:54:58.044		1.34300			4
2025.07.18	01:54:58.355		1.34299			4
2025.07.18	01:54:58.665		1.34300			4
2025.07.18	01:54:59.277		1.34299			4
2025.07.18	01:54:59.579		1.34300			4
2025.07.18	01:54:59.883		1.34299			4
2025.07.18	01:55:00.184	1.34297				2
2025.07.18	01:55:01.726		1.34300			4
2025.07.18	01:55:03.846	1.34298	1.34301			6
2025.07.18	01:55:04.150	1.34297	1.34300			6
2025.07.18	01:55:14.239	1.34298	1.34301			6
2025.07.18	01:55:26.100		1.34300			4
2025.07.18	01:55:32.223		1.34301			4
2025.07.18	01:55:33.438		1.34300			4
2025.07.18	01:55:34.347		1.34301			4
2025.07.18	01:55:41.059		1.34300			4
2025.07.18	01:55:41.364		1.34301			4
2025.07.18	01:55:47.808		1.34300			4
2025.07.18	01:55:50.535		1.34301			4
2025.07.18	01:56:00.086	1.34298				2
2025.07.18	01:56:00.703	1.34306	1.34309			6
2025.07.18	01:56:01.321	1.34305	1.34308			6
2025.07.18	01:56:01.938	1.34306	1.34309			6
2025.07.18	01:56:02.243	1.34303				2
2025.07.18	01:56:06.550	1.34304	1.34310			6
