<DATE>	<TIME>	<BID>	<ASK>	<LAST>	<VOLUME>	<FLAGS>
2025.10.07	00:03:30.456	1.34831	1.34884			6
2025.10.07	00:04:01.084	1.34831				2
2025.10.07	00:04:40.435		1.34884			4
2025.10.07	00:05:00.783	1.34831				2
2025.10.07	00:05:40.790		1.34884			4
2025.10.07	00:05:59.275	1.34828				2
2025.10.07	00:06:01.085	1.34828				2
2025.10.07	00:06:46.177		1.34884			4
2025.10.07	00:07:01.470	1.34828				2
2025.10.07	00:07:15.048		1.34881			4
2025.10.07	00:07:15.660		1.34884			4
2025.10.07	00:07:27.622	1.34824				2
2025.10.07	00:08:19.944	1.34824	1.34884			6
2025.10.07	00:08:25.847	1.34821				2
2025.10.07	00:08:30.881	1.34818				2
2025.10.07	00:08:31.900	1.34815				2
2025.10.07	00:09:01.085	1.34815				2
2025.10.07	00:09:23.473	1.34812	1.34884			6
2025.10.07	00:09:53.997	1.34809				2
2025.10.07	00:09:56.900	1.34806				2
2025.10.07	00:10:00.312	1.34806	1.34883			6
2025.10.07	00:10:11.579		1.34896			4
2025.10.07	00:11:00.022	1.34806				2
2025.10.07	00:11:04.653		1.34882			4
2025.10.07	00:11:05.269		1.34896			4
2025.10.07	00:11:05.888		1.34882			4
2025.10.07	00:11:11.772		1.34896			4
2025.10.07	00:11:12.694		1.34882			4
2025.10.07	00:11:18.580		1.34896			4
2025.10.07	00:11:19.510		1.34882			4
2025.10.07	00:11:22.291	1.34808				2
2025.10.07	00:11:22.598	1.34806				2
2025.10.07	00:11:25.384		1.34896			4
2025.10.07	00:11:25.996		1.34882			4
2025.10.07	00:11:31.868		1.34896			4
2025.10.07	00:11:32.798		1.34882			4
2025.10.07	00:11:42.040	1.34808				2
2025.10.07	00:11:44.204	1.34806				2
2025.10.07	00:12:00.213	1.34806				2
2025.10.07	00:12:24.845		1.34879			4
2025.10.07	00:13:00.221	1.34806				2
2025.10.07	00:13:11.616	1.34804				2
2025.10.07	00:13:24.879		1.34879			4
2025.10.07	00:14:00.001	1.34804				2
2025.10.07	00:14:24.592	1.34797				2
2025.10.07	00:14:24.914		1.34879			4
2025.10.07	00:14:25.367	1.34804				2
2025.10.07	00:14:29.681		1.34878			4
2025.10.07	00:15:00.162	1.34804	1.34883			6
2025.10.07	00:16:00.297	1.34804	1.34883			6
2025.10.07	00:16:44.239	1.34802				2
2025.10.07	00:17:00.244	1.34802				2
2025.10.07	00:17:00.552		1.34883			4
2025.10.07	00:17:04.246	1.34807				2
2025.10.07	00:17:35.056	1.34806				2
2025.10.07	00:17:58.787	1.34807				2
2025.10.07	00:17:59.094	1.34804				2
2025.10.07	00:18:00.018	1.34804				2
2025.10.07	00:18:00.635		1.34883			4
2025.10.07	00:18:19.760	1.34807				2
2025.10.07	00:18:20.071	1.34804				2
2025.10.07	00:18:52.148	1.34806				2
2025.10.07	00:18:53.077	1.34807				2
2025.10.07	00:18:56.165	1.34808				2
2025.10.07	00:19:00.179	1.34808				2
2025.10.07	00:19:00.793		1.34883			4
2025.10.07	00:19:17.472	1.34787	1.34847			6
2025.10.07	00:19:35.450	1.34790				2
2025.10.07	00:19:56.379	1.34789				2
2025.10.07	00:19:57.351	1.34787				2
2025.10.07	00:20:00.375	1.34787				2
2025.10.07	00:20:10.297		1.34849			4
2025.10.07	00:20:30.375		1.34848			4
2025.10.07	00:20:32.720		1.34847			4
2025.10.07	00:20:48.492		1.34846			4
2025.10.07	00:21:03.873	1.34787				2
2025.10.07	00:21:46.390	1.34800				2
2025.10.07	00:21:50.377		1.34846			4
2025.10.07	00:22:00.021	1.34800				2
2025.10.07	00:22:08.623	1.34798				2
2025.10.07	00:22:09.577	1.34800				2
2025.10.07	00:22:15.274	1.34788				2
2025.10.07	00:22:45.010		1.34848			4
2025.10.07	00:22:46.653		1.34846			4
2025.10.07	00:23:00.568	1.34799				2
2025.10.07	00:23:05.901	1.34800				2
2025.10.07	00:23:49.991		1.34846			4
2025.10.07	00:24:00.376	1.34800				2
2025.10.07	00:24:02.937	1.34791				2
2025.10.07	00:24:04.299	1.34800				2
2025.10.07	00:24:05.247	1.34793				2
2025.10.07	00:24:35.370		1.34849			4
2025.10.07	00:24:40.039	1.34787				2
2025.10.07	00:25:03.620	1.34787				2
2025.10.07	00:25:36.553		1.34849			4
2025.10.07	00:25:54.353	1.34797				2
2025.10.07	00:25:57.553		1.34847			4
2025.10.07	00:26:00.231	1.34797				2
2025.10.07	00:26:16.997	1.34790				2
2025.10.07	00:26:17.669	1.34797				2
2025.10.07	00:26:21.352		1.34846			4
2025.10.07	00:26:22.354		1.34847			4
2025.10.07	00:26:25.277		1.34846			4
2025.10.07	00:26:29.360		1.34847			4
2025.10.07	00:26:35.352		1.34849			4
2025.10.07	00:27:00.445	1.34797				2
2025.10.07	00:27:06.384	1.34787				2
2025.10.07	00:27:35.486		1.34849			4
2025.10.07	00:28:00.417	1.34787				2
2025.10.07	00:28:39.946		1.34849			4
2025.10.07	00:28:41.199	1.34785				2
2025.10.07	00:29:00.827	1.34785				2
2025.10.07	00:29:44.649	1.34786	1.34849			6
2025.10.07	00:30:00.380	1.34784				2
2025.10.07	00:30:00.883	1.34785				2
2025.10.07	00:30:02.094	1.34784				2
2025.10.07	00:30:51.180		1.34849			4
2025.10.07	00:31:09.916	1.34784	1.34850			6
2025.10.07	00:31:11.362	1.34783	1.34847			6
2025.10.07	00:31:11.666		1.34848			4
2025.10.07	00:31:21.837	1.34778				2
2025.10.07	00:32:01.088	1.34778				2
2025.10.07	00:32:06.362		1.34851			4
2025.10.07	00:32:24.445	1.34773				2
2025.10.07	00:32:32.374	1.34774				2
2025.10.07	00:32:36.573	1.34773				2
2025.10.07	00:32:41.372	1.34774				2
2025.10.07	00:32:56.077	1.34773				2
2025.10.07	00:33:01.357	1.34773				2
2025.10.07	00:33:06.288		1.34852			4
2025.10.07	00:33:25.772	1.34771				2
2025.10.07	00:33:26.752	1.34767				2
2025.10.07	00:33:28.772	1.34766				2
2025.10.07	00:33:30.522	1.34760	1.34847			6
2025.10.07	00:33:30.849		1.34848			4
2025.10.07	00:33:33.313	1.34761	1.34849			6
2025.10.07	00:33:59.142	1.34760				2
2025.10.07	00:34:04.173	1.34760				2
2025.10.07	00:34:19.446	1.34761				2
2025.10.07	00:34:30.526		1.34850			4
2025.10.07	00:34:31.751	1.34762				2
2025.10.07	00:34:34.205		1.34851			4
2025.10.07	00:34:40.175		1.34850			4
2025.10.07	00:34:42.276	1.34761				2
2025.10.07	00:34:59.237	1.34760	1.34846			6
2025.10.07	00:35:00.872	1.34760				2
2025.10.07	00:35:20.852	1.34761				2
2025.10.07	00:35:27.273		1.34845			4
2025.10.07	00:35:58.378	1.34763	1.34844			6
2025.10.07	00:35:58.887	1.34759				2
2025.10.07	00:36:00.286	1.34763	1.34847			6
2025.10.07	00:36:00.606	1.34761				2
2025.10.07	00:36:05.354		1.34844			4
2025.10.07	00:36:24.761		1.34840			4
2025.10.07	00:36:25.358	1.34777	1.34839			6
2025.10.07	00:36:55.355		1.34841			4
2025.10.07	00:37:03.140	1.34777				2
2025.10.07	00:37:38.785		1.34843			4
2025.10.07	00:37:40.356		1.34845			4
2025.10.07	00:37:49.693		1.34844			4
2025.10.07	00:37:52.251		1.34841			4
2025.10.07	00:38:00.093	1.34777	1.34840			6
2025.10.07	00:38:00.396		1.34841			4
2025.10.07	00:38:04.379	1.34774	1.34840			6
2025.10.07	00:38:07.863	1.34761	1.34841			6
2025.10.07	00:38:08.543	1.34762	1.34839			6
2025.10.07	00:38:09.030	1.34760				2
2025.10.07	00:38:10.876	1.34761				2
2025.10.07	00:38:12.873	1.34760				2
2025.10.07	00:38:13.719	1.34762				2
2025.10.07	00:38:15.184	1.34761				2
2025.10.07	00:38:16.718	1.34760				2
2025.10.07	00:38:17.045	1.34762				2
2025.10.07	00:38:20.356	1.34760				2
2025.10.07	00:38:23.341	1.34761				2
2025.10.07	00:38:24.032	1.34766				2
2025.10.07	00:38:26.659		1.34842			4
2025.10.07	00:38:34.116	1.34768				2
2025.10.07	00:38:36.659		1.34840			4
2025.10.07	00:38:37.054	1.34766				2
2025.10.07	00:38:41.914	1.34762	1.34835			6
2025.10.07	00:38:50.854		1.34840			4
2025.10.07	00:39:02.065	1.34762				2
2025.10.07	00:39:24.133		1.34839			4
2025.10.07	00:39:28.583		1.34834			4
2025.10.07	00:39:28.896		1.34839			4
2025.10.07	00:39:36.093		1.34841			4
2025.10.07	00:39:38.032		1.34834			4
2025.10.07	00:39:39.581		1.34842			4
2025.10.07	00:39:46.532		1.34835			4
2025.10.07	00:39:50.835		1.34842			4
2025.10.07	00:39:56.530		1.34835			4
2025.10.07	00:39:57.459		1.34836			4
2025.10.07	00:40:00.233	1.34762				2
2025.10.07	00:40:01.471		1.34842			4
2025.10.07	00:40:13.873		1.34834			4
2025.10.07	00:40:14.183		1.34842			4
2025.10.07	00:40:21.594		1.34835			4
2025.10.07	00:40:24.054		1.34836			4
2025.10.07	00:40:25.909	1.34764	1.34839			6
2025.10.07	00:40:26.213	1.34762	1.34836			6
2025.10.07	00:40:27.149		1.34835			4
2025.10.07	00:40:28.994	1.34758	1.34836			6
2025.10.07	00:40:29.295		1.34835			4
2025.10.07	00:40:33.921		1.34838			4
2025.10.07	00:40:36.693	1.34759	1.34840			6
2025.10.07	00:40:39.155	1.34758	1.34837			6
2025.10.07	00:40:39.462	1.34771	1.34838			6
2025.10.07	00:40:39.775		1.34836			4
2025.10.07	00:40:49.341	1.34770	1.34837			6
2025.10.07	00:40:49.649		1.34840			4
2025.10.07	00:40:51.662		1.34839			4
2025.10.07	00:40:53.203		1.34838			4
2025.10.07	00:40:59.979		1.34842			4
2025.10.07	00:41:01.378	1.34770	1.34838			6
2025.10.07	00:41:01.687		1.34837			4
2025.10.07	00:41:04.147		1.34842			4
2025.10.07	00:41:07.696		1.34836			4
2025.10.07	00:41:09.243		1.34842			4
2025.10.07	00:41:11.476		1.34837			4
2025.10.07	00:41:22.590		1.34842			4
2025.10.07	00:41:23.530		1.34837			4
2025.10.07	00:41:24.143		1.34842			4
2025.10.07	00:41:24.471		1.34837			4
2025.10.07	00:41:25.393		1.34836			4
2025.10.07	00:41:27.236		1.34840			4
2025.10.07	00:41:29.161	1.34768	1.34834			6
2025.10.07	00:41:31.928	1.34770	1.34838			6
2025.10.07	00:41:32.236		1.34837			4
2025.10.07	00:41:34.076		1.34838			4
2025.10.07	00:41:35.623		1.34840			4
2025.10.07	00:41:37.325		1.34836			4
2025.10.07	00:41:38.250		1.34840			4
2025.10.07	00:41:51.468	1.34768				2
2025.10.07	00:42:02.263	1.34760	1.34842			6
2025.10.07	00:42:10.715		1.34837			4
2025.10.07	00:42:11.648		1.34842			4
2025.10.07	00:42:12.064		1.34837			4
2025.10.07	00:42:20.375		1.34836			4
2025.10.07	00:42:21.607		1.34837			4
2025.10.07	00:42:21.917	1.34759	1.34838			6
2025.10.07	00:42:23.467	1.34760	1.34837			6
2025.10.07	00:42:25.013		1.34842			4
2025.10.07	00:42:26.887	1.34759	1.34834			6
2025.10.07	00:42:27.199		1.34837			4
2025.10.07	00:42:27.507	1.34760	1.34836			6
2025.10.07	00:42:27.818		1.34837			4
2025.10.07	00:42:28.430		1.34836			4
2025.10.07	00:42:29.053		1.34834			4
2025.10.07	00:42:29.971	1.34759	1.34835			6
2025.10.07	00:42:32.447	1.34760				2
2025.10.07	00:42:33.998		1.34836			4
2025.10.07	00:42:34.299		1.34837			4
2025.10.07	00:42:39.552		1.34836			4
2025.10.07	00:42:39.859	1.34759				2
2025.10.07	00:42:40.167		1.34838			4
2025.10.07	00:42:40.476	1.34758				2
2025.10.07	00:42:41.406		1.34837			4
2025.10.07	00:42:42.020		1.34839			4
2025.10.07	00:42:45.111	1.34761	1.34842			6
2025.10.07	00:42:46.342	1.34760				2
2025.10.07	00:42:53.448		1.34843			4
2025.10.07	00:42:58.706	1.34773				2
2025.10.07	00:43:01.777	1.34773	1.34839			6
2025.10.07	00:43:02.078		1.34838			4
2025.10.07	00:43:02.383		1.34843			4
2025.10.07	00:43:09.131	1.34770				2
2025.10.07	00:43:10.435		1.34836			4
2025.10.07	00:43:10.743		1.34843			4
2025.10.07	00:43:34.380		1.34836			4
2025.10.07	00:43:35.618		1.34843			4
2025.10.07	00:43:39.469		1.34837			4
2025.10.07	00:43:39.776	1.34775	1.34836			6
2025.10.07	00:43:40.083		1.34837			4
2025.10.07	00:43:40.393		1.34840			4
2025.10.07	00:43:40.820	1.34772	1.34837			6
2025.10.07	00:43:45.144	1.34747				2
2025.10.07	00:43:48.830	1.34772				2
2025.10.07	00:43:54.364	1.34774				2
2025.10.07	00:43:54.672	1.34773	1.34835			6
2025.10.07	00:43:56.211		1.34840			4
2025.10.07	00:43:57.855		1.34837			4
2025.10.07	00:43:58.165		1.34840			4
2025.10.07	00:44:03.489	1.34773				2
2025.10.07	00:44:04.259	1.34771				2
2025.10.07	00:44:07.927		1.34836			4
2025.10.07	00:44:08.847	1.34770	1.34840			6
2025.10.07	00:44:14.280		1.34841			4
2025.10.07	00:44:17.923	1.34769				2
2025.10.07	00:44:18.646	1.34766				2
2025.10.07	00:44:24.315		1.34840			4
2025.10.07	00:44:24.622	1.34771				2
2025.10.07	00:44:29.166	1.34769	1.34834			6
2025.10.07	00:44:34.396		1.34840			4
2025.10.07	00:44:41.324	1.34770	1.34835			6
2025.10.07	00:44:44.413		1.34842			4
2025.10.07	00:44:58.018	1.34768				2
2025.10.07	00:45:01.063	1.34768				2
2025.10.07	00:45:03.177	1.34758	1.34848			6
2025.10.07	00:45:04.710	1.34744	1.34834			6
2025.10.07	00:45:05.650	1.34759	1.34849			6
2025.10.07	00:45:06.570	1.34770	1.34842			6
2025.10.07	00:45:08.966		1.34835			4
2025.10.07	00:45:11.137	1.34786	1.34819			6
2025.10.07	00:45:13.564		1.34826			4
2025.10.07	00:45:21.588		1.34818			4
2025.10.07	00:45:21.897		1.34827			4
2025.10.07	00:45:22.203	1.34793	1.34820			6
2025.10.07	00:45:24.069		1.34827			4
2025.10.07	00:45:24.690		1.34820			4
2025.10.07	00:45:39.211		1.34827			4
2025.10.07	00:45:48.185		1.34820			4
2025.10.07	00:45:49.116		1.34827			4
2025.10.07	00:45:51.584		1.34820			4
2025.10.07	00:46:00.234	1.34793				2
2025.10.07	00:46:22.165		1.34827			4
2025.10.07	00:46:24.014		1.34821			4
2025.10.07	00:46:27.107		1.34824			4
2025.10.07	00:46:31.722		1.34820			4
2025.10.07	00:46:34.820		1.34822			4
2025.10.07	00:46:35.432		1.34823			4
2025.10.07	00:46:41.915		1.34822			4
2025.10.07	00:46:48.716		1.34821			4
2025.10.07	00:46:51.799		1.34822			4
2025.10.07	00:46:54.588		1.34821			4
2025.10.07	00:46:56.742		1.34825			4
2025.10.07	00:46:57.045		1.34823			4
2025.10.07	00:46:59.502		1.34824			4
2025.10.07	00:47:00.116	1.34793				2
2025.10.07	00:47:01.357	1.34783	1.34818			6
2025.10.07	00:47:01.977		1.34817			4
2025.10.07	00:47:02.283		1.34816			4
2025.10.07	00:47:02.899	1.34758				2
2025.10.07	00:47:06.599	1.34780				2
2025.10.07	00:47:09.380	1.34783				2
2025.10.07	00:47:09.683	1.34785	1.34821			6
2025.10.07	00:47:16.175		1.34818			4
2025.10.07	00:47:16.787	1.34789	1.34819			6
2025.10.07	00:47:17.091		1.34818			4
2025.10.07	00:47:17.406		1.34819			4
2025.10.07	00:47:18.951		1.34821			4
2025.10.07	00:47:19.256		1.34820			4
2025.10.07	00:47:23.583		1.34822			4
2025.10.07	00:47:26.369		1.34823			4
2025.10.07	00:47:31.310	1.34791				2
2025.10.07	00:47:32.535		1.34822			4
2025.10.07	00:47:32.838		1.34823			4
2025.10.07	00:47:36.242		1.34822			4
2025.10.07	00:47:40.244	1.34788				2
2025.10.07	00:47:41.473		1.34823			4
2025.10.07	00:48:00.214	1.34788				2
2025.10.07	00:48:01.142	1.34791	1.34821			6
2025.10.07	00:48:03.916		1.34823			4
2025.10.07	00:48:04.224		1.34824			4
2025.10.07	00:48:11.622		1.34821			4
2025.10.07	00:48:13.776		1.34825			4
2025.10.07	00:48:14.085		1.34824			4
2025.10.07	00:48:16.859		1.34821			4
2025.10.07	00:48:19.324		1.34822			4
2025.10.07	00:48:20.868		1.34824			4
2025.10.07	00:48:23.026		1.34823			4
2025.10.07	00:48:23.328		1.34824			4
2025.10.07	00:48:25.485		1.34823			4
2025.10.07	00:48:32.574		1.34824			4
2025.10.07	00:48:36.580		1.34823			4
2025.10.07	00:48:40.278	1.34793				2
2025.10.07	00:48:41.513		1.34824			4
2025.10.07	00:48:44.598		1.34825			4
2025.10.07	00:48:52.307		1.34824			4
2025.10.07	00:48:52.920		1.34825			4
2025.10.07	00:49:00.018	1.34793	1.34823			6
2025.10.07	00:49:00.325		1.34824			4
2025.10.07	00:49:01.250		1.34825			4
2025.10.07	00:49:08.928		1.34824			4
2025.10.07	00:49:09.235		1.34825			4
2025.10.07	00:49:09.541		1.34824			4
2025.10.07	00:49:09.852		1.34825			4
2025.10.07	00:49:16.623		1.34824			4
2025.10.07	00:49:19.701		1.34825			4
2025.10.07	00:49:26.178		1.34824			4
2025.10.07	00:49:31.414		1.34823			4
2025.10.07	00:49:39.428		1.34824			4
2025.10.07	00:49:39.735		1.34825			4
2025.10.07	00:49:41.589		1.34821			4
2025.10.07	00:49:44.065	1.34789				2
2025.10.07	00:49:46.227	1.34793				2
2025.10.07	00:49:46.534		1.34822			4
2025.10.07	00:49:49.003		1.34823			4
2025.10.07	00:49:49.623		1.34824			4
2025.10.07	00:50:00.108	1.34793				2
2025.10.07	00:50:01.354		1.34826			4
2025.10.07	00:50:03.206		1.34825			4
2025.10.07	00:50:13.418		1.34826			4
2025.10.07	00:50:16.198		1.34825			4
2025.10.07	00:50:16.815		1.34824			4
2025.10.07	00:50:26.393		1.34823			4
2025.10.07	00:50:39.354		1.34821			4
2025.10.07	00:50:39.961		1.34820			4
2025.10.07	00:50:40.269		1.34822			4
2025.10.07	00:50:41.195		1.34823			4
2025.10.07	00:50:47.367		1.34822			4
2025.10.07	00:50:49.225		1.34823			4
2025.10.07	00:50:53.541		1.34822			4
2025.10.07	00:50:56.623		1.34824			4
2025.10.07	00:50:56.931		1.34823			4
2025.10.07	00:51:00.005	1.34793				2
2025.10.07	00:51:11.384		1.34824			4
2025.10.07	00:51:16.617		1.34823			4
2025.10.07	00:51:26.466		1.34824			4
2025.10.07	00:51:51.443		1.34823			4
2025.10.07	00:52:00.096	1.34793				2
2025.10.07	00:52:09.056	1.34798	1.34822			6
2025.10.07	00:52:09.364		1.34823			4
2025.10.07	00:53:00.021	1.34798				2
2025.10.07	00:53:09.563		1.34823			4
2025.10.07	00:54:00.248	1.34798				2
2025.10.07	00:54:09.837		1.34823			4
2025.10.07	00:54:10.457	1.34790	1.34828			6
2025.10.07	00:54:17.245	1.34788	1.34827			6
2025.10.07	00:54:18.482	1.34787	1.34826			6
2025.10.07	00:54:21.272	1.34786				2
2025.10.07	00:54:27.136	1.34787				2
2025.10.07	00:54:28.996	1.34788				2
2025.10.07	00:54:30.225	1.34787				2
2025.10.07	00:54:34.853		1.34825			4
2025.10.07	00:54:36.698	1.34786				2
2025.10.07	00:54:42.554	1.34788	1.34826			6
2025.10.07	00:54:59.823	1.34789				2
2025.10.07	00:55:00.132	1.34797	1.34823			6
2025.10.07	00:56:00.188	1.34797	1.34823			6
2025.10.07	00:57:00.167	1.34797				2
2025.10.07	00:57:00.475		1.34823			4
2025.10.07	00:57:01.396	1.34778	1.34826			6
2025.10.07	00:57:03.862		1.34827			4
2025.10.07	00:57:06.018		1.34828			4
2025.10.07	00:57:08.169		1.34827			4
2025.10.07	00:57:13.698		1.34828			4
2025.10.07	00:57:14.619		1.34827			4
2025.10.07	00:57:24.763		1.34828			4
2025.10.07	00:57:25.072		1.34829			4
2025.10.07	00:57:26.616	1.34779	1.34827			6
2025.10.07	00:57:41.400		1.34825			4
2025.10.07	00:57:59.935		1.34826			4
2025.10.07	00:58:00.243	1.34779	1.34825			6
2025.10.07	00:58:03.030		1.34826			4
2025.10.07	00:58:04.267		1.34825			4
2025.10.07	00:58:04.580		1.34824			4
2025.10.07	00:58:12.619		1.34825			4
2025.10.07	00:58:16.033		1.34827			4
2025.10.07	00:58:16.340	1.34777				2
2025.10.07	00:58:16.649	1.34776				2
2025.10.07	00:58:19.445		1.34826			4
2025.10.07	00:58:21.914	1.34783	1.34825			6
2025.10.07	00:58:24.384	1.34781				2
2025.10.07	00:58:24.691	1.34779	1.34828			6
2025.10.07	00:58:26.237	1.34781	1.34820			6
2025.10.07	00:58:26.545		1.34822			4
2025.10.07	00:58:27.166	1.34780				2
2025.10.07	00:58:29.017	1.34779				2
2025.10.07	00:58:31.185		1.34821			4
2025.10.07	00:58:34.582	1.34776	1.34820			6
2025.10.07	00:58:37.678		1.34822			4
2025.10.07	00:58:38.300		1.34821			4
2025.10.07	00:58:38.607		1.34822			4
2025.10.07	00:58:39.224	1.34779	1.34818			6
2025.10.07	00:58:41.076		1.34820			4
2025.10.07	00:58:42.000		1.34822			4
2025.10.07	00:58:43.852		1.34821			4
2025.10.07	00:58:49.117		1.34822			4
2025.10.07	00:58:49.433	1.34777	1.34820			6
2025.10.07	00:58:49.746		1.34819			4
2025.10.07	00:58:50.359	1.34776				2
2025.10.07	00:58:51.598		1.34820			4
2025.10.07	00:58:51.902	1.34777				2
2025.10.07	00:58:53.445	1.34776	1.34821			6
2025.10.07	00:58:53.752		1.34822			4
2025.10.07	00:58:54.372		1.34819			4
2025.10.07	00:58:56.220		1.34822			4
2025.10.07	00:58:58.372		1.34820			4
2025.10.07	00:58:58.678		1.34821			4
2025.10.07	00:59:00.226	1.34776				2
2025.10.07	00:59:00.845	1.34775	1.34822			6
2025.10.07	00:59:02.081		1.34821			4
2025.10.07	00:59:02.706	1.34776				2
2025.10.07	00:59:05.177	1.34775				2
2025.10.07	00:59:09.188		1.34819			4
2025.10.07	00:59:13.218	1.34774	1.34816			6
2025.10.07	00:59:13.530		1.34819			4
2025.10.07	00:59:13.831		1.34820			4
2025.10.07	00:59:14.140		1.34822			4
2025.10.07	00:59:14.446	1.34775				2
2025.10.07	00:59:15.989	1.34776	1.34821			6
2025.10.07	00:59:16.598		1.34822			4
2025.10.07	00:59:17.218		1.34821			4
2025.10.07	00:59:17.521		1.34820			4
2025.10.07	00:59:17.840		1.34821			4
2025.10.07	00:59:19.374	1.34775	1.34819			6
2025.10.07	00:59:21.223		1.34821			4
2025.10.07	00:59:22.465		1.34822			4
2025.10.07	00:59:23.386		1.34818			4
2025.10.07	00:59:24.312		1.34822			4
2025.10.07	00:59:25.545		1.34820			4
2025.10.07	00:59:25.854		1.34819			4
2025.10.07	00:59:26.778	1.34774				2
2025.10.07	00:59:28.013	1.34775	1.34820			6
2025.10.07	00:59:28.323		1.34822			4
2025.10.07	00:59:29.867	1.34774				2
2025.10.07	00:59:31.721		1.34821			4
2025.10.07	00:59:32.026		1.34822			4
2025.10.07	00:59:32.338		1.34821			4
2025.10.07	00:59:33.880	1.34772				2
2025.10.07	00:59:34.495	1.34770	1.34815			6
2025.10.07	00:59:34.806		1.34817			4
2025.10.07	00:59:35.735		1.34818			4
2025.10.07	00:59:36.039		1.34820			4
2025.10.07	00:59:39.142	1.34775	1.34819			6
2025.10.07	00:59:43.465		1.34820			4
2025.10.07	00:59:45.004		1.34821			4
2025.10.07	00:59:45.310		1.34818			4
2025.10.07	00:59:45.628		1.34819			4
2025.10.07	00:59:49.333	1.34771				2
2025.10.07	00:59:49.635		1.34818			4
2025.10.07	00:59:50.249		1.34817			4
2025.10.07	00:59:50.563		1.34818			4
2025.10.07	00:59:50.868		1.34819			4
2025.10.07	00:59:51.176	1.34770				2
2025.10.07	00:59:54.247	1.34774	1.34818			6
2025.10.07	00:59:54.561		1.34819			4
2025.10.07	00:59:55.171		1.34818			4
2025.10.07	00:59:55.486		1.34822			4
2025.10.07	00:59:57.021	1.34775	1.34820			6
2025.10.07	00:59:58.255	1.34777	1.34818			6
2025.10.07	00:59:58.558	1.34772	1.34817			6
2025.10.07	00:59:59.484	1.34774	1.34818			6
2025.10.07	01:00:00.101	1.34774	1.34805			6
2025.10.07	01:00:00.405	1.34775	1.34811			6
2025.10.07	01:00:00.714	1.34780				2
2025.10.07	01:00:01.018	1.34786	1.34813			6
2025.10.07	01:00:01.321	1.34789				2
2025.10.07	01:00:01.626	1.34813	1.34814			6
2025.10.07	01:00:01.938	1.34798	1.34815			6
2025.10.07	01:00:03.468	1.34791	1.34833			6
2025.10.07	01:00:03.778		1.34834			4
2025.10.07	01:00:04.085	1.34786	1.34825			6
2025.10.07	01:00:04.399	1.34803	1.34810			6
2025.10.07	01:00:04.705	1.34801	1.34808			6
2025.10.07	01:00:05.325	1.34802	1.34809			6
2025.10.07	01:00:05.634	1.34804	1.34811			6
2025.10.07	01:00:05.946	1.34803	1.34810			6
2025.10.07	01:00:06.259	1.34804	1.34811			6
2025.10.07	01:00:07.490	1.34803	1.34810			6
2025.10.07	01:00:07.792	1.34804	1.34811			6
2025.10.07	01:00:08.101	1.34803	1.34810			6
2025.10.07	01:00:09.943	1.34804	1.34811			6
2025.10.07	01:00:12.083	1.34798	1.34825			6
2025.10.07	01:00:12.390	1.34802	1.34809			6
2025.10.07	01:00:12.994	1.34804	1.34811			6
2025.10.07	01:00:15.151	1.34802	1.34809			6
2025.10.07	01:00:15.456	1.34799	1.34806			6
2025.10.07	01:00:15.761	1.34800	1.34807			6
2025.10.07	01:00:16.378	1.34799	1.34806			6
2025.10.07	01:00:16.990	1.34800	1.34807			6
2025.10.07	01:00:17.603	1.34801	1.34808			6
2025.10.07	01:00:18.212	1.34800	1.34807			6
2025.10.07	01:00:21.876	1.34798	1.34825			6
2025.10.07	01:00:22.803	1.34801	1.34808			6
2025.10.07	01:00:23.114	1.34800	1.34807			6
2025.10.07	01:00:24.345	1.34801	1.34808			6
2025.10.07	01:00:24.645	1.34802	1.34809			6
2025.10.07	01:00:25.255	1.34801	1.34808			6
2025.10.07	01:00:25.561	1.34802	1.34809			6
2025.10.07	01:00:25.871	1.34801	1.34808			6
2025.10.07	01:00:26.786	1.34804	1.34811			6
2025.10.07	01:00:27.094	1.34803	1.34810			6
2025.10.07	01:00:27.401	1.34804	1.34811			6
2025.10.07	01:00:30.769	1.34817	1.34818			6
2025.10.07	01:00:31.070	1.34813				2
2025.10.07	01:00:31.385		1.34817			4
2025.10.07	01:00:36.270		1.34818			4
2025.10.07	01:00:37.192		1.34817			4
2025.10.07	01:00:37.493	1.34824	1.34831			6
2025.10.07	01:00:37.796	1.34826	1.34833			6
2025.10.07	01:00:38.715	1.34825	1.34832			6
2025.10.07	01:00:39.018	1.34824	1.34831			6
2025.10.07	01:00:39.632	1.34828	1.34835			6
2025.10.07	01:00:39.943	1.34826	1.34833			6
2025.10.07	01:00:40.253	1.34828	1.34831			6
2025.10.07	01:00:41.164	1.34829	1.34832			6
2025.10.07	01:00:41.775	1.34827	1.34830			6
2025.10.07	01:00:43.305	1.34830	1.34833			6
2025.10.07	01:00:44.228	1.34829	1.34832			6
2025.10.07	01:00:44.537	1.34830	1.34833			6
2025.10.07	01:00:44.841		1.34831			4
2025.10.07	01:00:47.588		1.34832			4
2025.10.07	01:00:47.898	1.34829				2
2025.10.07	01:00:48.510	1.34828	1.34831			6
2025.10.07	01:00:49.426	1.34829	1.34832			6
2025.10.07	01:00:49.737	1.34828	1.34831			6
2025.10.07	01:00:51.894	1.34830	1.34833			6
2025.10.07	01:00:54.061	1.34829	1.34832			6
2025.10.07	01:01:00.164	1.34830	1.34833			6
2025.10.07	01:01:00.770	1.34827	1.34850			6
2025.10.07	01:01:01.078	1.34830	1.34833			6
2025.10.07	01:01:01.687	1.34829	1.34850			6
2025.10.07	01:01:01.992	1.34830	1.34833			6
2025.10.07	01:01:02.293	1.34829	1.34851			6
2025.10.07	01:01:02.598	1.34830	1.34850			6
2025.10.07	01:01:02.904	1.34831	1.34834			6
2025.10.07	01:01:03.212	1.34830	1.34833			6
2025.10.07	01:01:03.521	1.34831	1.34834			6
2025.10.07	01:01:06.277	1.34833	1.34850			6
2025.10.07	01:01:06.581	1.34831	1.34834			6
2025.10.07	01:01:07.197	1.34830	1.34851			6
2025.10.07	01:01:07.500	1.34831	1.34834			6
2025.10.07	01:01:07.802	1.34830	1.34833			6
2025.10.07	01:01:08.413		1.34850			4
2025.10.07	01:01:09.346		1.34833			4
2025.10.07	01:01:09.955		1.34850			4
2025.10.07	01:01:10.258		1.34833			4
2025.10.07	01:01:10.871		1.34832			4
2025.10.07	01:01:11.491		1.34833			4
2025.10.07	01:01:11.793	1.34829	1.34850			6
2025.10.07	01:01:12.401	1.34830	1.34833			6
2025.10.07	01:01:13.005		1.34832			4
2025.10.07	01:01:13.315	1.34831	1.34834			6
2025.10.07	01:01:13.616	1.34832	1.34833			6
2025.10.07	01:01:14.226	1.34830	1.34850			6
2025.10.07	01:01:14.837		1.34833			4
2025.10.07	01:01:15.143		1.34850			4
2025.10.07	01:01:15.450		1.34851			4
2025.10.07	01:01:16.060		1.34833			4
2025.10.07	01:01:17.274	1.34827	1.34851			6
2025.10.07	01:01:17.580	1.34830				2
2025.10.07	01:01:17.899		1.34852			4
2025.10.07	01:01:18.208		1.34850			4
2025.10.07	01:01:18.516	1.34831	1.34834			6
2025.10.07	01:01:18.823	1.34830	1.34850			6
2025.10.07	01:01:19.130		1.34833			4
2025.10.07	01:01:19.432	1.34829	1.34851			6
2025.10.07	01:01:20.676	1.34831	1.34834			6
2025.10.07	01:01:20.978	1.34829	1.34851			6
2025.10.07	01:01:21.292	1.34830	1.34833			6
2025.10.07	01:01:21.907	1.34831	1.34832			6
2025.10.07	01:01:23.139	1.34830	1.34831			6
2025.10.07	01:01:26.502	1.34826	1.34829			6
2025.10.07	01:01:29.273	1.34825	1.34828			6
2025.10.07	01:01:29.889	1.34824	1.34827			6
2025.10.07	01:01:32.331	1.34825	1.34828			6
2025.10.07	01:01:33.266	1.34824	1.34827			6
2025.10.07	01:01:33.877	1.34825	1.34828			6
2025.10.07	01:01:34.180	1.34824	1.34827			6
2025.10.07	01:01:34.794	1.34825	1.34828			6
2025.10.07	01:01:40.643	1.34824	1.34827			6
2025.10.07	01:01:41.560	1.34825				2
2025.10.07	01:01:41.866		1.34828			4
2025.10.07	01:01:42.777		1.34827			4
2025.10.07	01:01:43.083		1.34828			4
2025.10.07	01:01:43.696	1.34824	1.34827			6
2025.10.07	01:01:44.003	1.34826				2
2025.10.07	01:01:44.923	1.34825				2
2025.10.07	01:01:45.527	1.34824				2
2025.10.07	01:01:50.139	1.34825	1.34828			6
2025.10.07	01:01:50.445	1.34824	1.34826			6
2025.10.07	01:01:50.754		1.34827			4
2025.10.07	01:01:51.671	1.34825	1.34828			6
2025.10.07	01:01:55.939	1.34824	1.34827			6
2025.10.07	01:01:57.167	1.34823	1.34826			6
2025.10.07	01:01:58.079	1.34824	1.34827			6
2025.10.07	01:01:58.383	1.34826	1.34829			6
2025.10.07	01:01:58.694	1.34824	1.34827			6
2025.10.07	01:01:59.911	1.34825	1.34828			6
2025.10.07	01:02:00.222	1.34825				2
2025.10.07	01:02:01.135	1.34826				2
2025.10.07	01:02:02.662	1.34824	1.34825			6
2025.10.07	01:02:04.809	1.34825	1.34826			6
2025.10.07	01:02:06.334	1.34824	1.34825			6
2025.10.07	01:02:07.254	1.34823	1.34824			6
2025.10.07	01:02:07.862	1.34824	1.34825			6
2025.10.07	01:02:09.697	1.34823				2
2025.10.07	01:02:13.978		1.34826			4
2025.10.07	01:02:14.282		1.34825			4
2025.10.07	01:02:24.094	1.34822				2
2025.10.07	01:02:24.399	1.34819	1.34821			6
2025.10.07	01:02:24.707	1.34818				2
2025.10.07	01:02:26.234	1.34819	1.34822			6
2025.10.07	01:02:30.216	1.34820	1.34823			6
2025.10.07	01:02:37.278	1.34819	1.34822			6
2025.10.07	01:02:37.584	1.34820	1.34823			6
2025.10.07	01:02:38.194	1.34819	1.34822			6
2025.10.07	01:02:39.428		1.34821			4
2025.10.07	01:02:43.099	1.34818				2
2025.10.07	01:02:44.329	1.34819	1.34822			6
2025.10.07	01:02:45.247	1.34818	1.34821			6
2025.10.07	01:02:49.216	1.34819	1.34822			6
2025.10.07	01:02:49.517	1.34818	1.34821			6
2025.10.07	01:02:49.825	1.34819	1.34822			6
2025.10.07	01:02:51.359	1.34818	1.34821			6
2025.10.07	01:02:51.671	1.34817	1.34820			6
2025.10.07	01:02:56.568	1.34818	1.34821			6
2025.10.07	01:02:56.883	1.34817	1.34820			6
2025.10.07	01:03:00.251	1.34820	1.34823			6
2025.10.07	01:03:00.863	1.34821	1.34824			6
2025.10.07	01:03:01.169	1.34823	1.34826			6
2025.10.07	01:03:02.386	1.34822	1.34825			6
2025.10.07	01:03:03.610	1.34823	1.34826			6
2025.10.07	01:03:04.222	1.34822	1.34825			6
2025.10.07	01:03:09.134	1.34823	1.34826			6
2025.10.07	01:03:09.746	1.34822	1.34825			6
2025.10.07	01:03:14.050	1.34823	1.34826			6
2025.10.07	01:03:15.583	1.34824	1.34827			6
2025.10.07	01:03:15.894	1.34823	1.34826			6
2025.10.07	01:03:17.113	1.34824	1.34827			6
2025.10.07	01:03:17.426	1.34823	1.34826			6
2025.10.07	01:03:22.012	1.34824	1.34827			6
2025.10.07	01:03:22.313	1.34822	1.34825			6
2025.10.07	01:03:24.142	1.34821	1.34824			6
2025.10.07	01:04:00.268	1.34821				2
2025.10.07	01:04:07.321	1.34820	1.34823			6
2025.10.07	01:04:08.551	1.34821	1.34824			6
2025.10.07	01:04:22.333	1.34818	1.34821			6
2025.10.07	01:04:26.936	1.34816	1.34819			6
2025.10.07	01:04:31.224	1.34817	1.34820			6
2025.10.07	01:04:32.451	1.34818	1.34821			6
2025.10.07	01:04:33.378	1.34817	1.34820			6
2025.10.07	01:04:34.293	1.34816	1.34819			6
2025.10.07	01:04:46.579	1.34817	1.34820			6
2025.10.07	01:04:47.499	1.34816	1.34819			6
2025.10.07	01:04:55.170	1.34817	1.34820			6
2025.10.07	01:04:57.632	1.34816	1.34819			6
2025.10.07	01:05:00.112	1.34816				2
2025.10.07	01:05:00.423	1.34818	1.34821			6
2025.10.07	01:05:04.130	1.34817	1.34820			6
2025.10.07	01:05:10.901	1.34818	1.34821			6
2025.10.07	01:05:11.823	1.34817	1.34820			6
2025.10.07	01:05:29.401	1.34822	1.34825			6
2025.10.07	01:05:29.712	1.34823	1.34826			6
2025.10.07	01:05:30.650	1.34824	1.34827			6
2025.10.07	01:05:39.584	1.34822	1.34825			6
2025.10.07	01:05:42.663	1.34821	1.34824			6
2025.10.07	01:05:44.200	1.34823	1.34826			6
2025.10.07	01:05:44.823	1.34818	1.34820			6
2025.10.07	01:05:45.741	1.34819	1.34821			6
2025.10.07	01:05:46.477	1.34818				2
2025.10.07	01:05:47.095	1.34817	1.34820			6
2025.10.07	01:05:53.260	1.34818	1.34821			6
2025.10.07	01:06:00.015	1.34818				2
2025.10.07	01:06:11.379	1.34819	1.34822			6
2025.10.07	01:06:15.977	1.34818	1.34821			6
2025.10.07	01:06:16.285	1.34823	1.34826			6
2025.10.07	01:06:16.588	1.34822	1.34825			6
2025.10.07	01:06:18.743	1.34823	1.34826			6
2025.10.07	01:06:21.505	1.34817	1.34820			6
2025.10.07	01:06:25.802	1.34818	1.34821			6
2025.10.07	01:06:27.351	1.34817	1.34820			6
2025.10.07	01:06:53.372	1.34818	1.34821			6
2025.10.07	01:07:00.129	1.34818				2
2025.10.07	01:07:06.300	1.34820				2
2025.10.07	01:07:06.603	1.34818				2
2025.10.07	01:07:18.332	1.34819	1.34822			6
2025.10.07	01:07:20.797	1.34818	1.34821			6
2025.10.07	01:07:42.359	1.34817	1.34820			6
2025.10.07	01:07:43.900	1.34819	1.34822			6
2025.10.07	01:07:45.443	1.34817	1.34820			6
2025.10.07	01:07:51.924	1.34818	1.34821			6
2025.10.07	01:07:55.020	1.34817	1.34820			6
2025.10.07	01:07:59.035	1.34818	1.34821			6
2025.10.07	01:08:00.274	1.34818				2
2025.10.07	01:08:01.815	1.34823	1.34826			6
2025.10.07	01:08:02.754	1.34824	1.34827			6
2025.10.07	01:08:11.721	1.34823	1.34826			6
2025.10.07	01:08:12.652	1.34821	1.34824			6
2025.10.07	01:08:13.273	1.34822	1.34825			6
2025.10.07	01:08:16.348	1.34823	1.34826			6
2025.10.07	01:08:20.660	1.34822	1.34825			6
2025.10.07	01:08:20.964	1.34824	1.34827			6
2025.10.07	01:08:21.582	1.34820	1.34823			6
2025.10.07	01:08:22.504	1.34821	1.34824			6
2025.10.07	01:08:23.427	1.34820	1.34823			6
2025.10.07	01:08:23.735	1.34821	1.34824			6
2025.10.07	01:08:24.045	1.34822	1.34825			6
2025.10.07	01:08:24.976	1.34823	1.34826			6
2025.10.07	01:08:31.440	1.34820	1.34823			6
2025.10.07	01:08:32.057	1.34822	1.34825			6
2025.10.07	01:08:32.667	1.34823	1.34826			6
2025.10.07	01:08:36.646	1.34822	1.34825			6
2025.10.07	01:08:46.170	1.34821	1.34824			6
2025.10.07	01:08:46.476	1.34822	1.34825			6
2025.10.07	01:08:47.091	1.34823	1.34826			6
2025.10.07	01:08:47.401	1.34822	1.34825			6
2025.10.07	01:08:50.788	1.34821	1.34824			6
2025.10.07	01:08:59.448	1.34822	1.34825			6
2025.10.07	01:09:00.069	1.34822				2
2025.10.07	01:09:02.238	1.34821	1.34824			6
2025.10.07	01:09:05.328	1.34823	1.34826			6
2025.10.07	01:09:08.140	1.34822	1.34825			6
2025.10.07	01:09:08.448	1.34821	1.34824			6
2025.10.07	01:09:10.322	1.34822	1.34825			6
2025.10.07	01:09:10.936	1.34821	1.34824			6
2025.10.07	01:09:17.136	1.34822	1.34825			6
2025.10.07	01:09:20.848	1.34823	1.34826			6
2025.10.07	01:09:21.153	1.34824	1.34827			6
2025.10.07	01:09:22.390	1.34823	1.34826			6
2025.10.07	01:09:27.014	1.34824	1.34827			6
2025.10.07	01:09:29.171	1.34823	1.34826			6
2025.10.07	01:09:32.546	1.34822	1.34825			6
2025.10.07	01:09:33.478	1.34821	1.34824			6
2025.10.07	01:09:34.413	1.34822	1.34825			6
2025.10.07	01:09:35.021	1.34821	1.34824			6
2025.10.07	01:09:35.327	1.34820	1.34823			6
2025.10.07	01:09:37.173	1.34821	1.34824			6
2025.10.07	01:09:40.250	1.34822	1.34825			6
2025.10.07	01:09:40.870	1.34821	1.34824			6
2025.10.07	01:09:41.173	1.34823	1.34826			6
2025.10.07	01:09:43.046	1.34822	1.34825			6
2025.10.07	01:09:47.052	1.34821	1.34824			6
2025.10.07	01:09:47.372	1.34822	1.34825			6
2025.10.07	01:09:55.427	1.34821	1.34824			6
2025.10.07	01:09:57.903	1.34823	1.34826			6
2025.10.07	01:09:58.522	1.34822	1.34825			6
2025.10.07	01:09:58.828	1.34823	1.34826			6
2025.10.07	01:09:59.138	1.34824	1.34827			6
2025.10.07	01:10:00.066	1.34824				2
2025.10.07	01:10:00.375	1.34823	1.34826			6
2025.10.07	01:10:01.298	1.34822	1.34825			6
2025.10.07	01:10:01.613	1.34825	1.34828			6
2025.10.07	01:10:04.701	1.34824	1.34827			6
2025.10.07	01:10:11.155	1.34826	1.34829			6
2025.10.07	01:10:12.377	1.34825	1.34828			6
2025.10.07	01:10:16.386	1.34826	1.34829			6
2025.10.07	01:10:16.999	1.34828	1.34831			6
2025.10.07	01:10:19.145	1.34833	1.34836			6
2025.10.07	01:10:19.458	1.34832	1.34835			6
2025.10.07	01:10:35.189	1.34831	1.34834			6
2025.10.07	01:10:37.040	1.34832	1.34835			6
2025.10.07	01:10:37.340	1.34831	1.34834			6
2025.10.07	01:10:38.263	1.34832	1.34835			6
2025.10.07	01:10:47.242	1.34833	1.34836			6
2025.10.07	01:10:50.040	1.34831	1.34834			6
2025.10.07	01:10:50.345	1.34830	1.34833			6
2025.10.07	01:10:51.275	1.34829	1.34832			6
2025.10.07	01:10:51.892	1.34830	1.34833			6
2025.10.07	01:10:52.207	1.34829	1.34832			6
2025.10.07	01:10:53.752	1.34832	1.34835			6
2025.10.07	01:10:54.682	1.34833	1.34836			6
2025.10.07	01:10:59.052	1.34832	1.34835			6
2025.10.07	01:10:59.358	1.34833	1.34836			6
2025.10.07	01:10:59.988	1.34834	1.34837			6
2025.10.07	01:11:00.297	1.34834				2
2025.10.07	01:11:02.480	1.34835	1.34838			6
2025.10.07	01:11:02.785	1.34834	1.34837			6
2025.10.07	01:11:03.412	1.34833	1.34836			6
2025.10.07	01:11:03.726	1.34834	1.34837			6
2025.10.07	01:11:06.499	1.34833	1.34836			6
2025.10.07	01:11:07.417	1.34834	1.34837			6
2025.10.07	01:11:11.407	1.34833	1.34836			6
2025.10.07	01:11:13.267	1.34834	1.34837			6
2025.10.07	01:11:22.232	1.34833	1.34836			6
2025.10.07	01:11:22.536	1.34831	1.34834			6
2025.10.07	01:11:23.782	1.34830	1.34833			6
2025.10.07	01:11:24.096	1.34831	1.34834			6
2025.10.07	01:11:29.054	1.34832	1.34835			6
2025.10.07	01:11:33.069	1.34831	1.34834			6
2025.10.07	01:11:33.385	1.34832	1.34835			6
2025.10.07	01:11:34.314	1.34831	1.34834			6
2025.10.07	01:11:35.556	1.34832	1.34835			6
2025.10.07	01:11:40.177	1.34834	1.34837			6
2025.10.07	01:11:40.499	1.34833	1.34836			6
2025.10.07	01:11:42.363	1.34834	1.34837			6
2025.10.07	01:11:44.527	1.34833	1.34836			6
2025.10.07	01:11:44.836	1.34832	1.34835			6
2025.10.07	01:11:45.147	1.34833	1.34836			6
2025.10.07	01:11:45.455	1.34834	1.34837			6
2025.10.07	01:11:48.246	1.34832	1.34835			6
2025.10.07	01:11:48.561	1.34833	1.34836			6
2025.10.07	01:11:50.412	1.34832	1.34835			6
2025.10.07	01:11:52.274	1.34833	1.34836			6
2025.10.07	01:11:52.581	1.34831	1.34834			6
2025.10.07	01:11:52.890	1.34833	1.34836			6
2025.10.07	01:11:54.439	1.34832	1.34835			6
2025.10.07	01:11:54.745	1.34833	1.34836			6
2025.10.07	01:11:55.052	1.34834	1.34837			6
2025.10.07	01:11:55.359	1.34832	1.34835			6
2025.10.07	01:11:55.672	1.34834	1.34837			6
2025.10.07	01:11:56.596	1.34833	1.34836			6
2025.10.07	01:11:57.216	1.34832	1.34835			6
2025.10.07	01:11:58.761	1.34833	1.34836			6
2025.10.07	01:11:59.069	1.34832	1.34835			6
2025.10.07	01:12:00.006	1.34833	1.34836			6
2025.10.07	01:12:00.315	1.34832	1.34835			6
2025.10.07	01:12:03.108	1.34834	1.34837			6
2025.10.07	01:12:04.340	1.34833	1.34836			6
2025.10.07	01:12:05.580	1.34834	1.34837			6
2025.10.07	01:12:07.131	1.34833	1.34836			6
2025.10.07	01:12:07.439	1.34832	1.34835			6
2025.10.07	01:12:08.065	1.34833	1.34836			6
2025.10.07	01:12:08.368	1.34832	1.34835			6
2025.10.07	01:12:09.289	1.34833	1.34836			6
2025.10.07	01:12:10.215	1.34831	1.34834			6
2025.10.07	01:12:13.628	1.34833	1.34836			6
2025.10.07	01:12:13.931	1.34832	1.34835			6
2025.10.07	01:12:15.488	1.34833	1.34836			6
2025.10.07	01:12:15.794	1.34832	1.34835			6
2025.10.07	01:12:16.103	1.34833	1.34836			6
2025.10.07	01:12:16.724	1.34832	1.34835			6
2025.10.07	01:12:18.879	1.34830	1.34833			6
2025.10.07	01:12:22.252	1.34831	1.34834			6
2025.10.07	01:12:29.343	1.34833	1.34836			6
2025.10.07	01:12:29.654	1.34834	1.34837			6
2025.10.07	01:12:30.260	1.34832	1.34835			6
2025.10.07	01:12:36.720	1.34834	1.34837			6
2025.10.07	01:12:37.039	1.34833	1.34836			6
2025.10.07	01:12:40.768	1.34832	1.34835			6
2025.10.07	01:12:41.987	1.34831	1.34834			6
2025.10.07	01:12:42.296	1.34832	1.34835			6
2025.10.07	01:12:42.912	1.34831	1.34834			6
2025.10.07	01:12:43.220	1.34832	1.34835			6
2025.10.07	01:12:43.525	1.34831	1.34834			6
2025.10.07	01:12:43.839	1.34833	1.34836			6
2025.10.07	01:12:45.083	1.34832	1.34835			6
2025.10.07	01:12:45.396	1.34833	1.34836			6
2025.10.07	01:12:45.702	1.34832	1.34835			6
2025.10.07	01:12:47.870	1.34833	1.34836			6
2025.10.07	01:12:48.478	1.34832	1.34835			6
2025.10.07	01:12:48.798	1.34833	1.34836			6
2025.10.07	01:12:50.032	1.34834	1.34837			6
2025.10.07	01:12:50.340	1.34835	1.34838			6
2025.10.07	01:12:57.150	1.34834	1.34837			6
2025.10.07	01:12:57.456	1.34833	1.34836			6
2025.10.07	01:12:57.761	1.34832	1.34835			6
2025.10.07	01:12:58.066	1.34833	1.34836			6
2025.10.07	01:12:58.992	1.34832	1.34835			6
2025.10.07	01:12:59.299	1.34833	1.34836			6
2025.10.07	01:12:59.914	1.34831	1.34834			6
2025.10.07	01:13:00.226	1.34831				2
2025.10.07	01:13:00.850	1.34830	1.34833			6
2025.10.07	01:13:02.397	1.34829	1.34832			6
2025.10.07	01:13:03.015	1.34830	1.34833			6
2025.10.07	01:13:07.343	1.34829	1.34832			6
2025.10.07	01:13:08.272	1.34830	1.34833			6
2025.10.07	01:13:09.951	1.34829	1.34832			6
2025.10.07	01:13:10.256	1.34830	1.34833			6
2025.10.07	01:13:10.875	1.34829	1.34832			6
2025.10.07	01:13:11.182	1.34830	1.34833			6
2025.10.07	01:13:11.493	1.34831	1.34834			6
2025.10.07	01:13:11.795	1.34830	1.34833			6
2025.10.07	01:13:17.940	1.34831	1.34834			6
2025.10.07	01:13:23.494	1.34830	1.34833			6
2025.10.07	01:13:25.320	1.34829	1.34832			6
2025.10.07	01:13:27.171	1.34830	1.34833			6
2025.10.07	01:13:28.095	1.34829	1.34832			6
2025.10.07	01:13:31.789	1.34828	1.34831			6
2025.10.07	01:13:32.096	1.34829	1.34832			6
2025.10.07	01:13:32.716	1.34828	1.34831			6
2025.10.07	01:13:33.018	1.34830	1.34833			6
2025.10.07	01:13:33.332	1.34829	1.34832			6
2025.10.07	01:13:33.651	1.34830	1.34833			6
2025.10.07	01:13:35.495	1.34831	1.34834			6
2025.10.07	01:13:38.565	1.34832	1.34835			6
2025.10.07	01:13:39.176	1.34831	1.34834			6
2025.10.07	01:13:43.811	1.34832	1.34835			6
2025.10.07	01:13:44.422	1.34831	1.34834			6
2025.10.07	01:13:45.348	1.34832	1.34835			6
2025.10.07	01:13:50.287	1.34834	1.34837			6
2025.10.07	01:13:50.594	1.34830	1.34833			6
2025.10.07	01:13:52.143	1.34831	1.34834			6
2025.10.07	01:13:53.068	1.34833	1.34836			6
2025.10.07	01:13:55.850	1.34834	1.34837			6
2025.10.07	01:13:56.157	1.34835	1.34838			6
2025.10.07	01:13:56.462	1.34833	1.34836			6
2025.10.07	01:14:00.189	1.34833				2
2025.10.07	01:14:00.497	1.34834	1.34837			6
2025.10.07	01:14:01.423	1.34833	1.34836			6
2025.10.07	01:14:02.046	1.34834	1.34837			6
2025.10.07	01:14:02.664	1.34833	1.34836			6
2025.10.07	01:14:05.129	1.34834	1.34837			6
2025.10.07	01:14:06.369	1.34833	1.34836			6
2025.10.07	01:14:10.076	1.34834	1.34837			6
2025.10.07	01:14:10.688	1.34836	1.34839			6
2025.10.07	01:14:11.293	1.34835	1.34838			6
2025.10.07	01:14:11.919	1.34837	1.34840			6
2025.10.07	01:14:12.220	1.34835	1.34838			6
2025.10.07	01:14:12.527	1.34837	1.34840			6
2025.10.07	01:14:12.830	1.34838	1.34841			6
2025.10.07	01:14:13.771	1.34836	1.34839			6
2025.10.07	01:14:16.251	1.34835	1.34838			6
2025.10.07	01:14:16.555	1.34836	1.34839			6
2025.10.07	01:14:16.860	1.34837	1.34840			6
2025.10.07	01:14:17.173	1.34836	1.34839			6
2025.10.07	01:14:18.397	1.34835	1.34838			6
2025.10.07	01:14:18.708	1.34836	1.34839			6
2025.10.07	01:14:20.248	1.34835	1.34838			6
2025.10.07	01:14:20.556	1.34836	1.34839			6
2025.10.07	01:14:21.476	1.34837	1.34840			6
2025.10.07	01:14:21.789	1.34836	1.34839			6
2025.10.07	01:14:22.100	1.34835	1.34838			6
2025.10.07	01:14:22.410	1.34834	1.34837			6
2025.10.07	01:14:22.719	1.34835	1.34838			6
2025.10.07	01:14:23.338	1.34836	1.34839			6
2025.10.07	01:14:23.644	1.34835	1.34838			6
2025.10.07	01:14:25.201	1.34837	1.34840			6
2025.10.07	01:14:25.506	1.34835	1.34838			6
2025.10.07	01:14:25.812	1.34834	1.34837			6
2025.10.07	01:14:26.729	1.34836	1.34839			6
2025.10.07	01:14:27.032	1.34835	1.34838			6
2025.10.07	01:14:28.280	1.34836	1.34839			6
2025.10.07	01:14:28.894	1.34835	1.34838			6
2025.10.07	01:14:29.504	1.34836	1.34839			6
2025.10.07	01:14:30.132	1.34834	1.34837			6
2025.10.07	01:14:30.444	1.34835	1.34838			6
2025.10.07	01:14:31.668	1.34834	1.34837			6
2025.10.07	01:14:31.980	1.34835	1.34838			6
2025.10.07	01:14:32.898	1.34834	1.34837			6
2025.10.07	01:14:34.143	1.34835	1.34838			6
2025.10.07	01:14:34.451	1.34834	1.34837			6
2025.10.07	01:14:34.767	1.34835	1.34838			6
2025.10.07	01:14:35.068	1.34834	1.34837			6
2025.10.07	01:14:35.685	1.34835	1.34838			6
2025.10.07	01:14:35.996	1.34834	1.34837			6
2025.10.07	01:14:36.619	1.34835	1.34838			6
2025.10.07	01:14:36.928	1.34833	1.34836			6
2025.10.07	01:14:38.489	1.34834	1.34837			6
2025.10.07	01:14:40.051	1.34833	1.34836			6
2025.10.07	01:14:41.601	1.34835	1.34838			6
2025.10.07	01:14:41.910	1.34834	1.34837			6
2025.10.07	01:14:42.215	1.34836	1.34839			6
2025.10.07	01:14:42.524	1.34839	1.34842			6
2025.10.07	01:14:44.688	1.34840	1.34843			6
2025.10.07	01:14:47.168	1.34839	1.34842			6
2025.10.07	01:14:47.780	1.34840	1.34843			6
2025.10.07	01:14:48.090	1.34839	1.34842			6
2025.10.07	01:14:48.400	1.34838	1.34841			6
2025.10.07	01:14:50.862	1.34839	1.34842			6
2025.10.07	01:14:55.183	1.34838	1.34841			6
2025.10.07	01:15:00.108	1.34838				2
2025.10.07	01:15:00.419	1.34840	1.34843			6
2025.10.07	01:15:00.734	1.34839	1.34842			6
2025.10.07	01:15:02.281	1.34840	1.34843			6
2025.10.07	01:15:03.207	1.34839	1.34842			6
2025.10.07	01:15:05.068	1.34841	1.34844			6
2025.10.07	01:15:08.480	1.34840	1.34843			6
2025.10.07	01:15:10.638	1.34839	1.34842			6
2025.10.07	01:15:10.946	1.34840				2
2025.10.07	01:15:11.255		1.34843			4
2025.10.07	01:15:11.875	1.34844	1.34847			6
2025.10.07	01:15:12.494	1.34846	1.34848			6
2025.10.07	01:15:12.800	1.34843	1.34846			6
2025.10.07	01:15:13.102	1.34844	1.34847			6
2025.10.07	01:15:14.038	1.34843	1.34846			6
2025.10.07	01:15:14.350	1.34842	1.34845			6
2025.10.07	01:15:14.657	1.34843	1.34846			6
2025.10.07	01:15:15.265	1.34842	1.34845			6
2025.10.07	01:15:15.881	1.34844	1.34847			6
2025.10.07	01:15:16.192	1.34842	1.34845			6
2025.10.07	01:15:16.498	1.34841	1.34844			6
2025.10.07	01:15:16.805	1.34840	1.34843			6
2025.10.07	01:15:17.430	1.34839	1.34842			6
2025.10.07	01:15:17.739	1.34840	1.34843			6
2025.10.07	01:15:18.051	1.34839	1.34842			6
2025.10.07	01:15:18.664	1.34838	1.34841			6
2025.10.07	01:15:19.284	1.34837	1.34840			6
2025.10.07	01:15:19.588	1.34838	1.34841			6
2025.10.07	01:15:20.509	1.34839	1.34842			6
2025.10.07	01:15:20.811	1.34838	1.34841			6
2025.10.07	01:15:21.421	1.34839	1.34842			6
2025.10.07	01:15:22.657	1.34838	1.34841			6
2025.10.07	01:15:24.507	1.34837	1.34840			6
2025.10.07	01:15:25.431	1.34838	1.34841			6
2025.10.07	01:15:25.737	1.34837	1.34840			6
2025.10.07	01:15:26.357	1.34836	1.34839			6
2025.10.07	01:15:26.668	1.34837	1.34840			6
2025.10.07	01:15:26.978	1.34838				2
2025.10.07	01:15:27.281	1.34837				2
2025.10.07	01:15:27.903	1.34838	1.34841			6
2025.10.07	01:15:28.211	1.34836	1.34839			6
2025.10.07	01:15:28.522	1.34837	1.34840			6
2025.10.07	01:15:29.757	1.34838				2
2025.10.07	01:15:30.374		1.34841			4
2025.10.07	01:15:30.689		1.34840			4
2025.10.07	01:15:32.236	1.34839	1.34842			6
2025.10.07	01:15:33.476	1.34838	1.34841			6
2025.10.07	01:15:34.725		1.34840			4
2025.10.07	01:15:35.971	1.34837				2
2025.10.07	01:15:36.280	1.34838				2
2025.10.07	01:15:36.589		1.34841			4
2025.10.07	01:15:36.890		1.34840			4
2025.10.07	01:15:37.205		1.34841			4
2025.10.07	01:15:38.748		1.34840			4
2025.10.07	01:15:39.981	1.34839	1.34842			6
2025.10.07	01:15:40.288	1.34838	1.34841			6
2025.10.07	01:15:40.607	1.34839	1.34842			6
2025.10.07	01:15:42.790	1.34838	1.34841			6
2025.10.07	01:15:48.350	1.34837	1.34840			6
2025.10.07	01:15:49.581	1.34838	1.34841			6
2025.10.07	01:15:57.274		1.34840			4
2025.10.07	01:15:57.587	1.34839	1.34842			6
2025.10.07	01:15:58.508	1.34838	1.34841			6
2025.10.07	01:15:59.127	1.34839	1.34842			6
2025.10.07	01:16:00.044	1.34839				2
2025.10.07	01:16:00.661	1.34838	1.34841			6
2025.10.07	01:16:01.276	1.34839	1.34842			6
2025.10.07	01:16:01.888	1.34838	1.34841			6
2025.10.07	01:16:06.811	1.34839	1.34842			6
2025.10.07	01:16:10.210	1.34838	1.34841			6
2025.10.07	01:16:12.678	1.34839	1.34842			6
2025.10.07	01:16:12.986	1.34838	1.34841			6
2025.10.07	01:16:13.295	1.34839	1.34842			6
2025.10.07	01:16:13.600	1.34838	1.34841			6
2025.10.07	01:16:14.215	1.34839	1.34842			6
2025.10.07	01:16:15.752	1.34838	1.34841			6
2025.10.07	01:16:16.056	1.34839	1.34842			6
2025.10.07	01:16:16.984	1.34838	1.34841			6
2025.10.07	01:16:17.614	1.34839	1.34842			6
2025.10.07	01:16:17.921	1.34838	1.34841			6
2025.10.07	01:16:18.230	1.34837	1.34840			6
2025.10.07	01:16:18.537	1.34838	1.34841			6
2025.10.07	01:16:21.005	1.34837	1.34840			6
2025.10.07	01:16:23.777	1.34840	1.34843			6
2025.10.07	01:16:24.082	1.34838	1.34841			6
2025.10.07	01:16:24.396		1.34840			4
2025.10.07	01:16:24.703		1.34841			4
2025.10.07	01:16:25.624		1.34840			4
2025.10.07	01:16:26.551		1.34841			4
2025.10.07	01:16:34.269	1.34837	1.34840			6
2025.10.07	01:16:35.193	1.34838	1.34841			6
2025.10.07	01:16:38.299	1.34839	1.34842			6
2025.10.07	01:16:38.912	1.34838	1.34841			6
2025.10.07	01:16:39.225	1.34837	1.34840			6
2025.10.07	01:16:40.153	1.34838	1.34841			6
2025.10.07	01:16:41.392	1.34839	1.34842			6
2025.10.07	01:16:42.628	1.34838	1.34841			6
2025.10.07	01:16:43.250	1.34839	1.34842			6
2025.10.07	01:16:44.794	1.34838	1.34841			6
2025.10.07	01:16:45.722	1.34837	1.34840			6
2025.10.07	01:16:47.281	1.34838	1.34841			6
2025.10.07	01:16:48.191	1.34839	1.34842			6
2025.10.07	01:16:48.810	1.34838	1.34841			6
2025.10.07	01:16:49.727	1.34839	1.34842			6
2025.10.07	01:16:54.428	1.34838	1.34841			6
2025.10.07	01:16:55.049	1.34839	1.34842			6
2025.10.07	01:16:59.387	1.34838	1.34841			6
2025.10.07	01:17:00.012	1.34839	1.34842			6
2025.10.07	01:17:00.634	1.34838	1.34841			6
2025.10.07	01:17:00.938		1.34840			4
2025.10.07	01:17:01.253		1.34841			4
2025.10.07	01:17:01.558	1.34837	1.34840			6
2025.10.07	01:17:01.866	1.34838	1.34841			6
2025.10.07	01:17:04.045	1.34839	1.34842			6
2025.10.07	01:17:04.350	1.34838	1.34841			6
2025.10.07	01:17:06.499	1.34839	1.34842			6
2025.10.07	01:17:06.816	1.34838	1.34841			6
2025.10.07	01:17:07.434	1.34839	1.34842			6
2025.10.07	01:17:07.738	1.34838	1.34841			6
2025.10.07	01:17:09.270	1.34839	1.34842			6
2025.10.07	01:17:09.581	1.34838	1.34841			6
2025.10.07	01:17:10.189	1.34843	1.34846			6
2025.10.07	01:17:16.051	1.34845	1.34848			6
2025.10.07	01:17:16.357	1.34847				2
2025.10.07	01:17:16.667	1.34845				2
2025.10.07	01:17:16.973	1.34850	1.34851			6
2025.10.07	01:17:17.277	1.34851	1.34852			6
2025.10.07	01:17:17.594	1.34848	1.34849			6
2025.10.07	01:17:17.900		1.34850			4
2025.10.07	01:17:18.211		1.34851			4
2025.10.07	01:17:19.750	1.34847	1.34850			6
2025.10.07	01:17:20.366	1.34848	1.34851			6
2025.10.07	01:17:20.675	1.34847	1.34849			6
2025.10.07	01:17:21.294	1.34848	1.34851			6
2025.10.07	01:17:21.599	1.34847	1.34849			6
2025.10.07	01:17:22.230		1.34850			4
2025.10.07	01:17:22.531	1.34846	1.34849			6
2025.10.07	01:17:23.150	1.34847	1.34850			6
2025.10.07	01:17:23.459	1.34846	1.34849			6
2025.10.07	01:17:29.320	1.34847	1.34850			6
2025.10.07	01:17:29.636	1.34846	1.34849			6
2025.10.07	01:17:42.637	1.34847	1.34850			6
2025.10.07	01:17:42.938		1.34849			4
2025.10.07	01:17:47.275	1.34848				2
2025.10.07	01:17:47.578	1.34847	1.34850			6
2025.10.07	01:17:49.437	1.34846	1.34849			6
2025.10.07	01:17:50.355	1.34847	1.34850			6
2025.10.07	01:17:52.213	1.34846	1.34849			6
2025.10.07	01:17:57.461	1.34847	1.34850			6
2025.10.07	01:17:58.076	1.34850	1.34853			6
2025.10.07	01:17:58.379	1.34849	1.34852			6
2025.10.07	01:17:59.010	1.34850	1.34853			6
2025.10.07	01:18:00.250	1.34849	1.34852			6
2025.10.07	01:18:01.185	1.34850	1.34853			6
2025.10.07	01:18:03.660	1.34851	1.34854			6
2025.10.07	01:18:05.821	1.34850	1.34853			6
2025.10.07	01:18:07.689	1.34851	1.34854			6
2025.10.07	01:18:17.616	1.34849	1.34852			6
2025.10.07	01:18:19.169	1.34848	1.34851			6
2025.10.07	01:18:19.792		1.34850			4
2025.10.07	01:18:21.030		1.34851			4
2025.10.07	01:18:21.959	1.34849	1.34852			6
2025.10.07	01:18:22.266	1.34848	1.34851			6
2025.10.07	01:18:28.471	1.34853	1.34856			6
2025.10.07	01:18:29.088	1.34856	1.34857			6
2025.10.07	01:18:29.392	1.34853	1.34856			6
2025.10.07	01:18:29.712	1.34857	1.34858			6
2025.10.07	01:18:30.023	1.34854	1.34857			6
2025.10.07	01:18:30.956	1.34853	1.34856			6
2025.10.07	01:18:31.263	1.34856	1.34857			6
2025.10.07	01:18:31.571	1.34853	1.34856			6
2025.10.07	01:18:32.192	1.34857	1.34858			6
2025.10.07	01:18:32.493	1.34858	1.34859			6
2025.10.07	01:18:35.285	1.34857	1.34858			6
2025.10.07	01:18:40.249	1.34854	1.34857			6
2025.10.07	01:18:40.559	1.34857	1.34858			6
2025.10.07	01:18:40.876	1.34854	1.34857			6
2025.10.07	01:18:43.657	1.34850	1.34853			6
2025.10.07	01:18:43.963	1.34849	1.34852			6
2025.10.07	01:18:44.886	1.34850	1.34853			6
2025.10.07	01:18:45.809	1.34849	1.34852			6
2025.10.07	01:18:48.274	1.34850	1.34853			6
2025.10.07	01:18:51.992	1.34849	1.34852			6
2025.10.07	01:18:53.220	1.34850	1.34853			6
2025.10.07	01:18:55.085	1.34849	1.34852			6
2025.10.07	01:18:55.400	1.34850	1.34853			6
2025.10.07	01:18:57.246	1.34848	1.34851			6
2025.10.07	01:18:57.557	1.34849	1.34852			6
2025.10.07	01:18:59.097	1.34850	1.34853			6
2025.10.07	01:19:00.023	1.34850				2
2025.10.07	01:19:09.292	1.34849	1.34852			6
2025.10.07	01:19:17.349	1.34850	1.34853			6
2025.10.07	01:19:17.656	1.34849	1.34852			6
2025.10.07	01:19:20.153	1.34848	1.34851			6
2025.10.07	01:19:21.093	1.34849	1.34852			6
2025.10.07	01:19:26.371	1.34850	1.34853			6
2025.10.07	01:19:26.678	1.34851	1.34854			6
2025.10.07	01:19:32.577	1.34850	1.34853			6
2025.10.07	01:19:34.128	1.34849	1.34852			6
2025.10.07	01:19:34.765	1.34850	1.34853			6
2025.10.07	01:19:46.189	1.34849	1.34852			6
2025.10.07	01:19:51.127	1.34850	1.34853			6
2025.10.07	01:20:00.117	1.34850				2
2025.10.07	01:20:00.740	1.34849	1.34852			6
2025.10.07	01:20:06.909	1.34850	1.34853			6
2025.10.07	01:20:07.226	1.34849	1.34852			6
2025.10.07	01:20:13.413	1.34848	1.34851			6
2025.10.07	01:20:13.720	1.34849	1.34852			6
2025.10.07	01:20:17.116	1.34848	1.34851			6
2025.10.07	01:20:17.428		1.34849			4
2025.10.07	01:20:17.733	1.34847	1.34848			6
2025.10.07	01:20:18.659	1.34845	1.34846			6
2025.10.07	01:20:19.283	1.34846	1.34847			6
2025.10.07	01:20:19.590	1.34845	1.34846			6
2025.10.07	01:20:19.900	1.34846	1.34847			6
2025.10.07	01:20:20.207	1.34845	1.34846			6
2025.10.07	01:20:20.514	1.34846	1.34847			6
2025.10.07	01:20:20.819	1.34849	1.34850			6
2025.10.07	01:20:21.136	1.34846	1.34847			6
2025.10.07	01:20:21.444	1.34848	1.34849			6
2025.10.07	01:20:21.763	1.34846	1.34847			6
2025.10.07	01:20:22.069	1.34848	1.34849			6
2025.10.07	01:20:22.382	1.34846	1.34847			6
2025.10.07	01:20:25.460	1.34845	1.34846			6
2025.10.07	01:20:32.901	1.34846	1.34847			6
2025.10.07	01:20:36.007	1.34845	1.34846			6
2025.10.07	01:20:39.411	1.34846	1.34847			6
2025.10.07	01:20:41.580	1.34845	1.34846			6
2025.10.07	01:20:41.893	1.34846	1.34847			6
2025.10.07	01:20:42.813	1.34845	1.34846			6
2025.10.07	01:20:43.128	1.34846	1.34847			6
2025.10.07	01:20:53.344	1.34845	1.34846			6
2025.10.07	01:20:53.666	1.34846	1.34847			6
2025.10.07	01:20:54.899	1.34838	1.34839			6
2025.10.07	01:20:55.207	1.34839	1.34840			6
2025.10.07	01:20:55.516	1.34840	1.34841			6
2025.10.07	01:20:56.444		1.34843			4
2025.10.07	01:21:00.178	1.34840				2
2025.10.07	01:21:01.423	1.34841	1.34844			6
2025.10.07	01:21:01.726	1.34840	1.34843			6
2025.10.07	01:21:02.028	1.34841	1.34844			6
2025.10.07	01:21:05.755	1.34840	1.34843			6
2025.10.07	01:21:07.312	1.34841	1.34844			6
2025.10.07	01:21:11.945	1.34840	1.34843			6
2025.10.07	01:21:15.043	1.34841	1.34844			6
2025.10.07	01:21:15.344	1.34840	1.34843			6
2025.10.07	01:21:16.595	1.34841	1.34844			6
2025.10.07	01:21:25.300	1.34840	1.34843			6
2025.10.07	01:21:26.230	1.34841	1.34844			6
2025.10.07	01:21:28.418	1.34842	1.34845			6
2025.10.07	01:21:30.271	1.34841	1.34844			6
2025.10.07	01:21:30.585	1.34842	1.34845			6
2025.10.07	01:21:36.466	1.34841	1.34844			6
2025.10.07	01:21:36.773	1.34842	1.34845			6
2025.10.07	01:21:37.393	1.34838	1.34841			6
2025.10.07	01:21:37.707	1.34839	1.34842			6
2025.10.07	01:21:38.010	1.34838	1.34841			6
2025.10.07	01:21:38.636	1.34839	1.34842			6
2025.10.07	01:21:38.937	1.34837	1.34839			6
2025.10.07	01:21:39.247	1.34836				2
2025.10.07	01:21:41.434	1.34835	1.34838			6
2025.10.07	01:21:42.052	1.34836	1.34839			6
2025.10.07	01:21:42.359	1.34835	1.34838			6
2025.10.07	01:21:46.388	1.34836	1.34839			6
2025.10.07	01:21:47.624	1.34840	1.34842			6
2025.10.07	01:21:47.930		1.34841			4
2025.10.07	01:21:48.244	1.34841	1.34843			6
2025.10.07	01:21:48.551		1.34842			4
2025.10.07	01:21:49.478	1.34840				2
2025.10.07	01:21:49.784	1.34841				2
2025.10.07	01:21:51.328	1.34840	1.34841			6
2025.10.07	01:21:51.944	1.34841	1.34842			6
2025.10.07	01:21:52.248		1.34843			4
2025.10.07	01:21:52.558	1.34840	1.34841			6
2025.10.07	01:21:52.866	1.34841	1.34842			6
2025.10.07	01:21:53.179	1.34840	1.34841			6
2025.10.07	01:21:53.482	1.34839	1.34840			6
2025.10.07	01:21:53.785	1.34841	1.34842			6
2025.10.07	01:21:55.341	1.34843	1.34846			6
2025.10.07	01:21:56.263	1.34841	1.34844			6
2025.10.07	01:21:56.572	1.34859	1.34860			6
2025.10.07	01:21:56.887	1.34858	1.34861			6
2025.10.07	01:21:57.193	1.34854	1.34857			6
2025.10.07	01:21:57.500	1.34855				2
2025.10.07	01:21:58.427	1.34854				2
2025.10.07	01:21:58.741	1.34856				2
2025.10.07	01:21:59.045	1.34855	1.34856			6
2025.10.07	01:21:59.661	1.34854	1.34855			6
2025.10.07	01:21:59.971		1.34857			4
2025.10.07	01:22:00.287	1.34854				2
2025.10.07	01:22:00.908	1.34856				2
2025.10.07	01:22:04.636	1.34855	1.34858			6
2025.10.07	01:22:06.789	1.34857	1.34860			6
2025.10.07	01:22:07.093	1.34856	1.34859			6
2025.10.07	01:22:08.329	1.34857	1.34860			6
2025.10.07	01:22:08.953	1.34855	1.34858			6
2025.10.07	01:22:10.815	1.34854	1.34857			6
2025.10.07	01:22:12.980	1.34855	1.34858			6
2025.10.07	01:22:13.911	1.34856	1.34859			6
2025.10.07	01:22:14.536	1.34855	1.34858			6
2025.10.07	01:22:15.156	1.34856	1.34859			6
2025.10.07	01:22:16.392	1.34855	1.34858			6
2025.10.07	01:22:20.712	1.34857	1.34860			6
2025.10.07	01:22:21.030	1.34856	1.34859			6
2025.10.07	01:22:24.419	1.34857	1.34860			6
2025.10.07	01:22:25.990	1.34856	1.34859			6
2025.10.07	01:22:27.222	1.34855	1.34858			6
2025.10.07	01:22:34.639	1.34856	1.34859			6
2025.10.07	01:22:36.173		1.34858			4
2025.10.07	01:22:38.936	1.34857				2
2025.10.07	01:22:40.165	1.34856				2
2025.10.07	01:22:44.182	1.34855	1.34857			6
2025.10.07	01:22:46.029	1.34856				2
2025.10.07	01:22:47.260	1.34855	1.34856			6
2025.10.07	01:22:53.155	1.34854	1.34855			6
2025.10.07	01:22:55.930	1.34855	1.34856			6
2025.10.07	01:22:58.084	1.34854	1.34855			6
2025.10.07	01:22:58.396	1.34855	1.34856			6
2025.10.07	01:23:00.233	1.34855				2
2025.10.07	01:23:08.206	1.34854				2
2025.10.07	01:23:32.249	1.34855				2
2025.10.07	01:23:32.559	1.34856	1.34857			6
2025.10.07	01:23:34.388	1.34857	1.34858			6
2025.10.07	01:23:38.716	1.34856	1.34857			6
2025.10.07	01:23:39.336	1.34857	1.34858			6
2025.10.07	01:23:42.130	1.34856				2
2025.10.07	01:23:42.438	1.34855				2
2025.10.07	01:23:51.986	1.34858	1.34859			6
2025.10.07	01:24:00.002	1.34858				2
2025.10.07	01:24:02.475	1.34860	1.34861			6
2025.10.07	01:24:05.868	1.34855	1.34858			6
2025.10.07	01:24:13.892	1.34856	1.34859			6
2025.10.07	01:24:14.204	1.34855	1.34858			6
2025.10.07	01:24:51.205	1.34859	1.34860			6
2025.10.07	01:24:55.229	1.34860	1.34861			6
2025.10.07	01:24:55.532	1.34859	1.34860			6
2025.10.07	01:24:57.385	1.34858	1.34859			6
2025.10.07	01:24:58.930	1.34859	1.34860			6
2025.10.07	01:25:00.163	1.34859				2
2025.10.07	01:25:02.328	1.34858	1.34859			6
2025.10.07	01:25:19.283	1.34859	1.34860			6
2025.10.07	01:25:19.593	1.34858	1.34859			6
2025.10.07	01:25:20.205	1.34859	1.34860			6
2025.10.07	01:25:24.823	1.34858	1.34859			6
2025.10.07	01:25:26.971	1.34861	1.34862			6
2025.10.07	01:25:27.276	1.34862	1.34863			6
2025.10.07	01:25:27.892	1.34861	1.34862			6
2025.10.07	01:25:28.509	1.34860	1.34861			6
2025.10.07	01:25:29.435	1.34859	1.34860			6
2025.10.07	01:25:30.971	1.34860	1.34861			6
2025.10.07	01:25:32.202	1.34859	1.34860			6
2025.10.07	01:25:40.204	1.34860	1.34861			6
2025.10.07	01:25:40.510	1.34861	1.34862			6
2025.10.07	01:25:40.816	1.34862	1.34863			6
2025.10.07	01:25:42.355	1.34861	1.34862			6
2025.10.07	01:25:45.420	1.34862	1.34863			6
2025.10.07	01:26:00.162	1.34862				2
2025.10.07	01:26:06.015	1.34860	1.34861			6
2025.10.07	01:26:14.968	1.34862	1.34865			6
2025.10.07	01:26:15.889	1.34861	1.34862			6
2025.10.07	01:26:22.063	1.34863	1.34866			6
2025.10.07	01:26:22.976	1.34862	1.34863			6
2025.10.07	01:26:25.747	1.34861	1.34862			6
2025.10.07	01:26:26.364	1.34860	1.34861			6
2025.10.07	01:26:26.665	1.34861	1.34862			6
2025.10.07	01:26:35.323	1.34860	1.34861			6
2025.10.07	01:26:35.626	1.34861	1.34862			6
2025.10.07	01:26:36.856	1.34860	1.34861			6
2025.10.07	01:26:37.778	1.34859	1.34860			6
2025.10.07	01:26:39.625	1.34860	1.34861			6
2025.10.07	01:26:40.549	1.34859	1.34860			6
2025.10.07	01:26:40.854	1.34857				2
2025.10.07	01:26:41.473	1.34856	1.34859			6
2025.10.07	01:26:47.364	1.34857	1.34860			6
2025.10.07	01:26:54.776	1.34856	1.34859			6
2025.10.07	01:26:56.308	1.34855	1.34858			6
2025.10.07	01:26:59.379	1.34856	1.34859			6
2025.10.07	01:27:00.303	1.34856				2
2025.10.07	01:27:00.928		1.34858			4
2025.10.07	01:27:04.674		1.34857			4
2025.10.07	01:27:07.149	1.34855	1.34856			6
2025.10.07	01:27:09.002	1.34856	1.34857			6
2025.10.07	01:27:17.672	1.34855	1.34856			6
2025.10.07	01:27:26.337	1.34854	1.34855			6
2025.10.07	01:27:29.732	1.34855	1.34856			6
2025.10.07	01:27:35.257	1.34854	1.34855			6
2025.10.07	01:27:41.092	1.34855	1.34856			6
2025.10.07	01:27:41.410	1.34854	1.34855			6
2025.10.07	01:27:57.489	1.34856	1.34857			6
2025.10.07	01:28:00.268	1.34856				2
2025.10.07	01:28:01.185	1.34857	1.34858			6
2025.10.07	01:28:01.491	1.34856	1.34857			6
2025.10.07	01:28:02.431	1.34857	1.34858			6
2025.10.07	01:28:02.732	1.34855	1.34856			6
2025.10.07	01:28:08.617		1.34858			4
2025.10.07	01:28:09.559		1.34856			4
2025.10.07	01:28:13.022	1.34854	1.34855			6
2025.10.07	01:28:16.763	1.34855	1.34856			6
2025.10.07	01:28:17.375	1.34854	1.34855			6
2025.10.07	01:28:26.090	1.34855	1.34856			6
2025.10.07	01:28:28.562	1.34854	1.34855			6
2025.10.07	01:28:30.422	1.34858	1.34859			6
2025.10.07	01:28:30.728	1.34854	1.34855			6
2025.10.07	01:28:31.036	1.34855	1.34856			6
2025.10.07	01:28:34.479	1.34854	1.34855			6
2025.10.07	01:28:42.521	1.34853	1.34854			6
2025.10.07	01:28:42.830	1.34854	1.34855			6
2025.10.07	01:28:43.135	1.34853	1.34854			6
2025.10.07	01:28:44.068	1.34854	1.34855			6
2025.10.07	01:28:51.184	1.34853	1.34854			6
2025.10.07	01:28:51.499	1.34852				2
2025.10.07	01:28:51.806	1.34851	1.34852			6
2025.10.07	01:28:52.432	1.34850	1.34851			6
2025.10.07	01:29:00.156	1.34850				2
2025.10.07	01:29:00.459	1.34851	1.34852			6
2025.10.07	01:29:04.792	1.34852	1.34855			6
2025.10.07	01:29:07.573	1.34853	1.34856			6
2025.10.07	01:29:08.202	1.34852	1.34855			6
2025.10.07	01:29:10.373	1.34853	1.34856			6
2025.10.07	01:29:10.688	1.34851	1.34854			6
2025.10.07	01:29:11.299		1.34853			4
2025.10.07	01:29:11.609	1.34852				2
2025.10.07	01:29:18.680	1.34853	1.34854			6
2025.10.07	01:29:19.603	1.34852	1.34853			6
2025.10.07	01:29:20.527	1.34849	1.34852			6
2025.10.07	01:29:20.838	1.34848	1.34850			6
2025.10.07	01:29:22.372		1.34851			4
2025.10.07	01:29:27.639	1.34852	1.34853			6
2025.10.07	01:29:27.942	1.34848	1.34851			6
2025.10.07	01:29:32.250		1.34850			4
2025.10.07	01:29:37.496		1.34851			4
2025.10.07	01:29:41.198	1.34847	1.34850			6
2025.10.07	01:29:41.516	1.34853	1.34856			6
2025.10.07	01:29:42.442	1.34854				2
2025.10.07	01:29:56.293	1.34855				2
2025.10.07	01:29:57.826	1.34854				2
2025.10.07	01:29:59.369	1.34855				2
2025.10.07	01:30:00.293	1.34855				2
2025.10.07	01:30:03.064		1.34858			4
2025.10.07	01:30:06.751		1.34856			4
2025.10.07	01:30:08.360	1.34847	1.34848			6
2025.10.07	01:30:08.665	1.34844	1.34847			6
2025.10.07	01:30:09.296	1.34843	1.34846			6
2025.10.07	01:30:09.600	1.34842	1.34845			6
2025.10.07	01:30:11.153	1.34841	1.34844			6
2025.10.07	01:30:12.097	1.34842	1.34845			6
2025.10.07	01:30:13.021	1.34840	1.34843			6
2025.10.07	01:30:13.957	1.34842	1.34845			6
2025.10.07	01:30:14.261	1.34844	1.34847			6
2025.10.07	01:30:15.191	1.34841	1.34844			6
2025.10.07	01:30:15.506	1.34840	1.34843			6
2025.10.07	01:30:16.125	1.34841	1.34844			6
2025.10.07	01:30:16.441	1.34840	1.34843			6
2025.10.07	01:30:16.743	1.34839	1.34842			6
2025.10.07	01:30:17.359	1.34840	1.34843			6
2025.10.07	01:30:17.677	1.34841	1.34844			6
2025.10.07	01:30:17.980		1.34843			4
2025.10.07	01:30:18.616	1.34840				2
2025.10.07	01:30:18.923	1.34839	1.34842			6
2025.10.07	01:30:19.548	1.34842	1.34845			6
2025.10.07	01:30:19.855	1.34844	1.34847			6
2025.10.07	01:30:26.302	1.34848	1.34849			6
2025.10.07	01:30:30.302	1.34845	1.34848			6
2025.10.07	01:30:31.842	1.34843	1.34846			6
2025.10.07	01:30:32.766	1.34846	1.34847			6
2025.10.07	01:30:33.074	1.34843	1.34846			6
2025.10.07	01:30:34.915	1.34846	1.34847			6
2025.10.07	01:30:35.224	1.34843	1.34846			6
2025.10.07	01:30:35.527	1.34842	1.34845			6
2025.10.07	01:30:35.840	1.34839	1.34842			6
2025.10.07	01:30:36.147	1.34840	1.34843			6
2025.10.07	01:30:36.456	1.34847	1.34848			6
2025.10.07	01:30:37.067	1.34844	1.34847			6
2025.10.07	01:30:39.829	1.34847	1.34848			6
2025.10.07	01:30:40.136	1.34844	1.34847			6
2025.10.07	01:30:41.365	1.34843	1.34846			6
2025.10.07	01:30:42.299	1.34844	1.34847			6
2025.10.07	01:30:42.913	1.34843	1.34846			6
2025.10.07	01:30:43.215	1.34847	1.34848			6
2025.10.07	01:30:43.525	1.34844	1.34847			6
2025.10.07	01:30:44.753		1.34846			4
2025.10.07	01:30:46.300		1.34847			4
2025.10.07	01:30:46.918		1.34846			4
2025.10.07	01:30:48.463	1.34848	1.34849			6
2025.10.07	01:31:00.193	1.34848				2
2025.10.07	01:31:13.242	1.34847	1.34850			6
2025.10.07	01:31:18.193		1.34849			4
2025.10.07	01:31:30.484		1.34848			4
2025.10.07	01:31:34.484		1.34849			4
2025.10.07	01:31:37.256	1.34846				2
2025.10.07	01:31:37.560		1.34848			4
2025.10.07	01:31:40.628	1.34842	1.34845			6
2025.10.07	01:31:40.938	1.34841	1.34843			6
2025.10.07	01:31:41.864	1.34836	1.34839			6
2025.10.07	01:31:42.165	1.34834	1.34837			6
2025.10.07	01:31:42.487	1.34828	1.34831			6
2025.10.07	01:31:42.791	1.34827	1.34830			6
2025.10.07	01:31:43.099	1.34825	1.34827			6
2025.10.07	01:31:43.411	1.34826				2
2025.10.07	01:31:43.718	1.34827	1.34830			6
2025.10.07	01:31:44.022	1.34828	1.34831			6
2025.10.07	01:31:44.338	1.34829	1.34832			6
2025.10.07	01:31:44.953	1.34831	1.34834			6
2025.10.07	01:31:45.257	1.34832	1.34835			6
2025.10.07	01:31:47.130	1.34833	1.34836			6
2025.10.07	01:31:49.598	1.34829	1.34832			6
2025.10.07	01:31:50.218	1.34828	1.34831			6
2025.10.07	01:31:50.535	1.34827	1.34828			6
2025.10.07	01:31:52.088	1.34826	1.34827			6
2025.10.07	01:31:52.707	1.34825	1.34826			6
2025.10.07	01:31:53.015	1.34824	1.34825			6
2025.10.07	01:31:53.637	1.34830	1.34833			6
2025.10.07	01:31:53.937	1.34835	1.34836			6
2025.10.07	01:31:54.245	1.34832	1.34835			6
2025.10.07	01:31:54.551	1.34833	1.34836			6
2025.10.07	01:31:55.785	1.34834	1.34837			6
2025.10.07	01:31:57.937	1.34837	1.34838			6
2025.10.07	01:32:00.088	1.34837				2
2025.10.07	01:32:03.167	1.34834	1.34837			6
2025.10.07	01:32:05.957	1.34837	1.34838			6
2025.10.07	01:32:06.263	1.34834	1.34837			6
2025.10.07	01:32:07.808	1.34838	1.34841			6
2025.10.07	01:32:09.050	1.34837	1.34839			6
2025.10.07	01:32:09.361	1.34840	1.34843			6
2025.10.07	01:32:09.666	1.34843	1.34846			6
2025.10.07	01:32:09.978	1.34845				2
2025.10.07	01:32:10.601	1.34843				2
2025.10.07	01:32:18.578	1.34842	1.34845			6
2025.10.07	01:32:18.886	1.34844	1.34847			6
2025.10.07	01:32:19.508	1.34845				2
2025.10.07	01:32:19.817	1.34844				2
2025.10.07	01:32:21.980	1.34842	1.34845			6
2025.10.07	01:32:24.779	1.34838	1.34841			6
2025.10.07	01:32:30.664	1.34837	1.34840			6
2025.10.07	01:32:32.207	1.34843	1.34846			6
2025.10.07	01:32:32.519	1.34841	1.34844			6
2025.10.07	01:32:32.824	1.34842	1.34845			6
2025.10.07	01:32:34.371	1.34841	1.34844			6
2025.10.07	01:32:35.296	1.34842	1.34845			6
2025.10.07	01:32:35.917	1.34841	1.34844			6
2025.10.07	01:32:36.847	1.34837	1.34840			6
2025.10.07	01:32:45.186	1.34838	1.34841			6
2025.10.07	01:32:46.745	1.34837	1.34840			6
2025.10.07	01:32:47.980	1.34839	1.34842			6
2025.10.07	01:32:48.905	1.34838	1.34841			6
2025.10.07	01:32:50.760	1.34839	1.34842			6
2025.10.07	01:32:51.068	1.34838	1.34841			6
2025.10.07	01:32:51.689	1.34839	1.34842			6
2025.10.07	01:32:51.997	1.34847	1.34848			6
2025.10.07	01:32:52.300		1.34850			4
2025.10.07	01:32:53.238		1.34849			4
2025.10.07	01:32:53.542	1.34843	1.34845			6
2025.10.07	01:32:53.843	1.34840	1.34843			6
2025.10.07	01:32:54.151		1.34844			4
2025.10.07	01:32:54.767	1.34841	1.34845			6
2025.10.07	01:32:56.934	1.34840	1.34844			6
2025.10.07	01:32:57.245	1.34841	1.34845			6
2025.10.07	01:33:00.024	1.34841				2
2025.10.07	01:33:00.648	1.34842				2
2025.10.07	01:33:00.958	1.34844	1.34848			6
2025.10.07	01:33:01.272	1.34845	1.34849			6
2025.10.07	01:33:03.119	1.34844	1.34848			6
2025.10.07	01:33:08.680	1.34845				2
2025.10.07	01:33:08.985		1.34849			4
2025.10.07	01:33:12.380		1.34848			4
2025.10.07	01:33:31.271	1.34846	1.34849			6
2025.10.07	01:33:32.199	1.34845	1.34848			6
2025.10.07	01:33:33.444	1.34846				2
2025.10.07	01:33:33.746	1.34845				2
2025.10.07	01:33:35.294		1.34847			4
2025.10.07	01:33:36.223	1.34846				2
2025.10.07	01:33:36.530	1.34845				2
2025.10.07	01:33:38.698		1.34848			4
2025.10.07	01:34:00.051	1.34845				2
2025.10.07	01:34:01.296		1.34847			4
2025.10.07	01:34:02.221	1.34846	1.34848			6
2025.10.07	01:34:02.537	1.34845	1.34847			6
2025.10.07	01:34:04.388	1.34846				2
2025.10.07	01:34:04.697	1.34845				2
2025.10.07	01:34:05.321		1.34848			4
2025.10.07	01:34:05.629		1.34847			4
2025.10.07	01:34:06.251		1.34848			4
2025.10.07	01:34:06.554		1.34847			4
2025.10.07	01:34:07.477	1.34846				2
2025.10.07	01:34:07.789	1.34845				2
2025.10.07	01:34:08.408		1.34848			4
2025.10.07	01:34:08.720		1.34847			4
2025.10.07	01:34:10.261	1.34846	1.34849			6
2025.10.07	01:34:11.497	1.34845	1.34848			6
2025.10.07	01:34:15.836	1.34841	1.34844			6
2025.10.07	01:34:17.397	1.34838	1.34839			6
2025.10.07	01:34:32.629		1.34840			4
2025.10.07	01:34:40.999	1.34839	1.34842			6
2025.10.07	01:34:41.620	1.34840	1.34843			6
2025.10.07	01:34:51.217	1.34841				2
2025.10.07	01:34:51.519	1.34837	1.34838			6
2025.10.07	01:34:53.999	1.34838	1.34840			6
2025.10.07	01:34:54.309	1.34831	1.34833			6
2025.10.07	01:34:54.613	1.34830	1.34832			6
2025.10.07	01:34:56.469	1.34829				2
2025.10.07	01:34:56.777	1.34828	1.34831			6
2025.10.07	01:34:57.400	1.34826	1.34827			6
2025.10.07	01:34:58.635	1.34828	1.34830			6
2025.10.07	01:34:58.939		1.34831			4
2025.10.07	01:34:59.245		1.34830			4
2025.10.07	01:35:00.185	1.34828				2
2025.10.07	01:35:00.499		1.34829			4
2025.10.07	01:35:01.113		1.34830			4
2025.10.07	01:35:14.393		1.34831			4
2025.10.07	01:35:14.696		1.34829			4
2025.10.07	01:35:15.015	1.34827				2
2025.10.07	01:35:15.319		1.34828			4
2025.10.07	01:35:16.243	1.34828	1.34829			6
2025.10.07	01:35:17.174	1.34829	1.34832			6
2025.10.07	01:35:17.481	1.34828	1.34831			6
2025.10.07	01:35:18.727		1.34830			4
2025.10.07	01:35:21.534		1.34831			4
2025.10.07	01:35:27.101	1.34821	1.34824			6
2025.10.07	01:35:27.406	1.34820	1.34821			6
2025.10.07	01:35:30.184	1.34823	1.34824			6
2025.10.07	01:35:30.490	1.34827	1.34830			6
2025.10.07	01:35:30.797	1.34829	1.34833			6
2025.10.07	01:35:31.102	1.34828	1.34829			6
2025.10.07	01:35:31.412		1.34831			4
2025.10.07	01:35:31.718		1.34830			4
2025.10.07	01:35:32.642		1.34832			4
2025.10.07	01:35:41.273		1.34831			4
2025.10.07	01:35:41.588		1.34832			4
2025.10.07	01:35:42.207	1.34829				2
2025.10.07	01:35:47.434	1.34828	1.34831			6
2025.10.07	01:35:47.746	1.34827				2
2025.10.07	01:35:52.097		1.34830			4
2025.10.07	01:35:52.719	1.34828	1.34831			6
2025.10.07	01:35:59.231	1.34827	1.34829			6
2025.10.07	01:36:00.161	1.34827				2
2025.10.07	01:36:06.356		1.34828			4
2025.10.07	01:36:10.700		1.34829			4
2025.10.07	01:36:19.066		1.34828			4
2025.10.07	01:36:24.052		1.34829			4
2025.10.07	01:36:32.388	1.34830	1.34831			6
2025.10.07	01:36:42.262		1.34832			4
2025.10.07	01:36:52.401		1.34831			4
2025.10.07	01:37:00.081	1.34830				2
2025.10.07	01:37:02.243		1.34832			4
2025.10.07	01:37:02.550		1.34831			4
2025.10.07	01:37:03.168	1.34827	1.34830			6
2025.10.07	01:37:03.474		1.34829			4
2025.10.07	01:37:03.789		1.34828			4
2025.10.07	01:37:10.601		1.34829			4
2025.10.07	01:37:11.839		1.34828			4
2025.10.07	01:37:15.238		1.34829			4
2025.10.07	01:37:17.114		1.34828			4
2025.10.07	01:38:00.119	1.34827				2
2025.10.07	01:38:09.385		1.34829			4
2025.10.07	01:38:09.694	1.34825	1.34826			6
2025.10.07	01:38:10.621	1.34826	1.34827			6
2025.10.07	01:38:10.935	1.34825	1.34826			6
2025.10.07	01:38:36.660	1.34826	1.34828			6
2025.10.07	01:38:38.195		1.34827			4
2025.10.07	01:38:39.120	1.34827	1.34828			6
2025.10.07	01:38:40.669	1.34826				2
2025.10.07	01:38:49.317	1.34825				2
2025.10.07	01:39:00.113	1.34825				2
2025.10.07	01:39:02.275	1.34826	1.34829			6
2025.10.07	01:39:02.590	1.34825	1.34827			6
2025.10.07	01:39:08.464	1.34826				2
2025.10.07	01:39:09.409	1.34825	1.34826			6
2025.10.07	01:39:09.715	1.34826	1.34827			6
2025.10.07	01:39:10.334	1.34825				2
2025.10.07	01:39:10.639	1.34826				2
2025.10.07	01:39:16.523	1.34825				2
2025.10.07	01:39:19.614		1.34828			4
2025.10.07	01:39:25.464		1.34827			4
2025.10.07	01:39:48.877		1.34826			4
2025.10.07	01:39:53.204		1.34827			4
2025.10.07	01:40:00.010	1.34825				2
2025.10.07	01:40:00.314	1.34822	1.34825			6
2025.10.07	01:40:01.854	1.34823	1.34826			6
2025.10.07	01:40:02.468	1.34824	1.34827			6
2025.10.07	01:40:02.778	1.34823	1.34826			6
2025.10.07	01:40:04.317		1.34825			4
2025.10.07	01:40:10.811		1.34824			4
2025.10.07	01:40:15.742		1.34825			4
2025.10.07	01:40:16.047		1.34826			4
2025.10.07	01:40:18.822		1.34825			4
2025.10.07	01:40:20.370		1.34826			4
2025.10.07	01:40:22.229		1.34825			4
2025.10.07	01:40:25.338		1.34824			4
2025.10.07	01:40:25.644		1.34825			4
2025.10.07	01:40:32.743		1.34824			4
2025.10.07	01:40:37.999	1.34822				2
2025.10.07	01:40:38.309		1.34823			4
2025.10.07	01:40:38.617	1.34816	1.34817			6
2025.10.07	01:40:41.732		1.34818			4
2025.10.07	01:40:42.352	1.34815	1.34816			6
2025.10.07	01:40:42.662	1.34816	1.34818			6
2025.10.07	01:40:48.249		1.34817			4
2025.10.07	01:40:51.341		1.34818			4
2025.10.07	01:41:00.296	1.34816				2
2025.10.07	01:41:08.039		1.34819			4
2025.10.07	01:41:09.891		1.34818			4
2025.10.07	01:41:11.147		1.34819			4
2025.10.07	01:41:11.456		1.34818			4
2025.10.07	01:41:16.420		1.34817			4
2025.10.07	01:41:16.725		1.34818			4
2025.10.07	01:41:20.114		1.34819			4
2025.10.07	01:41:21.954		1.34817			4
2025.10.07	01:41:22.267		1.34818			4
2025.10.07	01:41:24.736		1.34817			4
2025.10.07	01:41:25.346		1.34818			4
2025.10.07	01:41:25.651		1.34819			4
2025.10.07	01:41:31.202	1.34817	1.34820			6
2025.10.07	01:41:33.695	1.34816	1.34818			6
2025.10.07	01:41:35.555		1.34817			4
2025.10.07	01:41:42.663		1.34818			4
2025.10.07	01:41:43.284		1.34817			4
2025.10.07	01:41:51.665	1.34815				2
2025.10.07	01:41:54.138	1.34816				2
2025.10.07	01:41:54.443	1.34815				2
2025.10.07	01:42:00.306	1.34815				2
2025.10.07	01:42:01.240	1.34816				2
2025.10.07	01:42:01.549	1.34815				2
2025.10.07	01:42:14.822	1.34814				2
2025.10.07	01:42:15.754	1.34816				2
2025.10.07	01:42:16.062	1.34815				2
2025.10.07	01:42:17.302	1.34816				2
2025.10.07	01:42:17.608	1.34815				2
2025.10.07	01:42:20.093	1.34814				2
2025.10.07	01:42:21.322	1.34815				2
2025.10.07	01:42:21.626	1.34814				2
2025.10.07	01:42:21.929	1.34815				2
2025.10.07	01:42:22.563	1.34814				2
2025.10.07	01:42:25.646	1.34815				2
2025.10.07	01:42:25.953	1.34816				2
2025.10.07	01:42:30.892	1.34815				2
2025.10.07	01:42:32.742	1.34816				2
2025.10.07	01:42:33.045	1.34815				2
2025.10.07	01:42:35.213	1.34816				2
2025.10.07	01:42:36.443	1.34815				2
2025.10.07	01:42:37.070		1.34818			4
2025.10.07	01:42:37.377		1.34817			4
2025.10.07	01:42:39.555	1.34816				2
2025.10.07	01:42:46.369	1.34815				2
2025.10.07	01:42:46.985	1.34817	1.34818			6
2025.10.07	01:42:51.925	1.34816				2
2025.10.07	01:42:53.166	1.34815				2
2025.10.07	01:42:53.780		1.34817			4
2025.10.07	01:43:00.269	1.34815				2
2025.10.07	01:43:44.388	1.34816				2
2025.10.07	01:43:53.951		1.34817			4
2025.10.07	01:43:56.427	1.34817	1.34818			6
2025.10.07	01:43:56.736		1.34819			4
2025.10.07	01:43:57.357	1.34816	1.34818			6
2025.10.07	01:43:59.520	1.34817				2
2025.10.07	01:44:00.136	1.34817				2
2025.10.07	01:44:00.448		1.34819			4
2025.10.07	01:44:00.752		1.34820			4
2025.10.07	01:44:11.265	1.34818	1.34821			6
2025.10.07	01:44:12.196	1.34817	1.34820			6
2025.10.07	01:44:15.578	1.34818	1.34821			6
2025.10.07	01:44:18.352	1.34822	1.34825			6
2025.10.07	01:44:18.657	1.34823	1.34826			6
2025.10.07	01:44:19.586	1.34822	1.34824			6
2025.10.07	01:44:20.513	1.34823	1.34826			6
2025.10.07	01:44:20.821	1.34821	1.34824			6
2025.10.07	01:44:21.751	1.34822	1.34825			6
2025.10.07	01:44:23.913	1.34823	1.34826			6
2025.10.07	01:44:25.770	1.34822	1.34825			6
2025.10.07	01:44:26.078	1.34825	1.34827			6
2025.10.07	01:44:26.380		1.34828			4
2025.10.07	01:44:43.407	1.34824	1.34827			6
2025.10.07	01:44:45.259	1.34823	1.34826			6
2025.10.07	01:44:46.798	1.34826	1.34829			6
2025.10.07	01:44:47.107	1.34825	1.34827			6
2025.10.07	01:44:48.025		1.34828			4
2025.10.07	01:44:48.950	1.34826	1.34829			6
2025.10.07	01:44:49.259	1.34825	1.34828			6
2025.10.07	01:44:49.874	1.34826	1.34829			6
2025.10.07	01:44:50.180	1.34825	1.34828			6
2025.10.07	01:44:52.036	1.34826	1.34829			6
2025.10.07	01:44:52.340	1.34825	1.34828			6
2025.10.07	01:44:55.107	1.34826	1.34829			6
2025.10.07	01:44:55.411	1.34825	1.34828			6
2025.10.07	01:44:59.743	1.34826	1.34829			6
2025.10.07	01:45:00.048	1.34825	1.34828			6
2025.10.07	01:45:00.352	1.34827	1.34830			6
2025.10.07	01:45:00.671	1.34825	1.34828			6
2025.10.07	01:45:01.900	1.34826	1.34829			6
2025.10.07	01:45:02.825	1.34827	1.34830			6
2025.10.07	01:45:03.126	1.34826	1.34829			6
2025.10.07	01:45:04.986	1.34827	1.34830			6
2025.10.07	01:45:05.290	1.34826	1.34829			6
2025.10.07	01:45:08.074	1.34827	1.34830			6
2025.10.07	01:45:08.380	1.34826	1.34829			6
2025.10.07	01:45:11.144	1.34827	1.34830			6
2025.10.07	01:45:11.454	1.34826	1.34829			6
2025.10.07	01:45:13.291	1.34827	1.34830			6
2025.10.07	01:45:13.597	1.34826	1.34829			6
2025.10.07	01:45:16.986	1.34827	1.34830			6
2025.10.07	01:45:17.598	1.34826	1.34829			6
2025.10.07	01:45:17.915	1.34827	1.34830			6
2025.10.07	01:45:20.686	1.34826	1.34829			6
2025.10.07	01:45:29.009	1.34818	1.34821			6
2025.10.07	01:45:29.315	1.34816	1.34819			6
2025.10.07	01:45:30.236	1.34817	1.34820			6
2025.10.07	01:45:32.088	1.34818	1.34821			6
2025.10.07	01:45:44.730	1.34819	1.34822			6
2025.10.07	01:45:45.036	1.34817	1.34820			6
2025.10.07	01:45:46.572	1.34816	1.34819			6
2025.10.07	01:46:00.097	1.34816				2
2025.10.07	01:46:00.404	1.34818	1.34821			6
2025.10.07	01:46:02.557	1.34816	1.34819			6
2025.10.07	01:46:02.878		1.34818			4
2025.10.07	01:46:11.177	1.34815				2
2025.10.07	01:46:12.716	1.34816				2
2025.10.07	01:46:45.029	1.34815				2
2025.10.07	01:47:00.097	1.34815				2
2025.10.07	01:47:03.175		1.34818			4
2025.10.07	01:47:11.795	1.34817	1.34820			6
2025.10.07	01:47:12.104	1.34816	1.34818			6
2025.10.07	01:47:17.043	1.34820	1.34821			6
2025.10.07	01:47:17.346	1.34815	1.34818			6
2025.10.07	01:47:17.655	1.34819	1.34820			6
2025.10.07	01:47:17.975	1.34815	1.34817			6
2025.10.07	01:47:18.280	1.34819	1.34820			6
2025.10.07	01:47:18.904	1.34815	1.34817			6
2025.10.07	01:47:19.205	1.34819	1.34820			6
2025.10.07	01:47:19.515	1.34815	1.34817			6
2025.10.07	01:47:19.823	1.34819	1.34820			6
2025.10.07	01:47:20.130	1.34815	1.34817			6
2025.10.07	01:47:31.860	1.34817	1.34818			6
2025.10.07	01:47:32.168	1.34816	1.34819			6
2025.10.07	01:47:32.486		1.34818			4
2025.10.07	01:47:45.182	1.34817	1.34820			6
2025.10.07	01:47:45.810		1.34819			4
2025.10.07	01:48:00.082	1.34817				2
2025.10.07	01:48:00.701	1.34816				2
2025.10.07	01:48:03.193		1.34818			4
2025.10.07	01:48:05.368	1.34817	1.34819			6
2025.10.07	01:48:09.692		1.34820			4
2025.10.07	01:48:09.997		1.34819			4
2025.10.07	01:48:10.620	1.34816				2
2025.10.07	01:48:12.473	1.34817	1.34818			6
2025.10.07	01:48:14.336	1.34816				2
2025.10.07	01:48:21.430	1.34817	1.34819			6
2025.10.07	01:48:23.617		1.34818			4
2025.10.07	01:48:23.933	1.34816				2
2025.10.07	01:48:32.842	1.34817	1.34819			6
2025.10.07	01:48:34.690	1.34816	1.34818			6
2025.10.07	01:48:40.525	1.34818	1.34821			6
2025.10.07	01:48:44.535	1.34817	1.34820			6
2025.10.07	01:48:48.270	1.34819	1.34822			6
2025.10.07	01:48:50.743	1.34820	1.34823			6
2025.10.07	01:48:52.925	1.34821	1.34824			6
2025.10.07	01:48:57.249	1.34822				2
2025.10.07	01:48:57.554	1.34821				2
2025.10.07	01:48:57.858		1.34823			4
2025.10.07	01:49:00.016	1.34820	1.34821			6
2025.10.07	01:49:02.173		1.34822			4
2025.10.07	01:49:03.402	1.34819				2
2025.10.07	01:49:12.674	1.34820	1.34823			6
2025.10.07	01:49:13.300	1.34821	1.34824			6
2025.10.07	01:49:15.155	1.34820	1.34823			6
2025.10.07	01:49:19.455	1.34821	1.34824			6
2025.10.07	01:49:19.757		1.34823			4
2025.10.07	01:49:20.064	1.34820				2
2025.10.07	01:49:20.370	1.34819	1.34822			6
2025.10.07	01:49:26.817	1.34820	1.34823			6
2025.10.07	01:49:27.124	1.34822	1.34825			6
2025.10.07	01:49:27.434	1.34821	1.34824			6
2025.10.07	01:49:27.740	1.34820	1.34823			6
2025.10.07	01:49:30.840	1.34819	1.34822			6
2025.10.07	01:49:42.281		1.34821			4
2025.10.07	01:49:42.587		1.34822			4
2025.10.07	01:49:42.902	1.34818	1.34821			6
2025.10.07	01:49:43.210		1.34820			4
2025.10.07	01:49:54.663		1.34819			4
2025.10.07	01:49:54.971		1.34820			4
2025.10.07	01:49:58.369	1.34819	1.34822			6
2025.10.07	01:49:58.683	1.34818	1.34821			6
2025.10.07	01:49:59.303	1.34820	1.34823			6
2025.10.07	01:50:00.248	1.34820				2
2025.10.07	01:50:00.860	1.34819	1.34822			6
2025.10.07	01:50:01.801	1.34820	1.34823			6
2025.10.07	01:50:02.117		1.34822			4
2025.10.07	01:50:05.212	1.34819				2
2025.10.07	01:50:05.527	1.34820				2
2025.10.07	01:50:10.168	1.34819				2
2025.10.07	01:50:29.026	1.34818	1.34821			6
2025.10.07	01:50:31.500	1.34819	1.34822			6
2025.10.07	01:50:33.366	1.34817	1.34820			6
2025.10.07	01:50:33.680	1.34816	1.34819			6
2025.10.07	01:50:45.503	1.34817	1.34820			6
2025.10.07	01:50:45.820	1.34816	1.34819			6
2025.10.07	01:51:00.012	1.34816				2
2025.10.07	01:51:04.029	1.34817	1.34820			6
2025.10.07	01:51:06.499	1.34816	1.34819			6
2025.10.07	01:51:08.690	1.34817	1.34820			6
2025.10.07	01:51:10.869	1.34816	1.34819			6
2025.10.07	01:51:20.799	1.34817	1.34820			6
2025.10.07	01:51:21.105		1.34819			4
2025.10.07	01:51:22.647		1.34820			4
2025.10.07	01:51:28.525	1.34818	1.34821			6
2025.10.07	01:51:33.174	1.34817	1.34820			6
2025.10.07	01:51:33.483	1.34818	1.34821			6
2025.10.07	01:51:40.917	1.34817	1.34820			6
2025.10.07	01:51:48.969	1.34818	1.34821			6
2025.10.07	01:51:50.514	1.34817	1.34820			6
2025.10.07	01:51:53.284	1.34818	1.34821			6
2025.10.07	01:51:53.603	1.34820	1.34823			6
2025.10.07	01:51:53.908	1.34819	1.34822			6
2025.10.07	01:51:54.831	1.34820	1.34823			6
2025.10.07	01:51:55.143	1.34819	1.34822			6
2025.10.07	01:51:56.379	1.34818	1.34821			6
2025.10.07	01:52:00.104	1.34818				2
2025.10.07	01:52:00.413	1.34819	1.34822			6
2025.10.07	01:52:02.291	1.34818	1.34821			6
2025.10.07	01:52:05.064	1.34817	1.34820			6
2025.10.07	01:52:13.159	1.34818	1.34821			6
2025.10.07	01:52:13.475	1.34819	1.34822			6
2025.10.07	01:52:14.717	1.34818	1.34821			6
2025.10.07	01:52:15.019	1.34819	1.34822			6
2025.10.07	01:52:21.522	1.34817	1.34820			6
2025.10.07	01:52:31.750	1.34819	1.34822			6
2025.10.07	01:53:00.102	1.34819				2
2025.10.07	01:53:02.899	1.34820	1.34823			6
2025.10.07	01:53:03.210	1.34819	1.34822			6
2025.10.07	01:53:09.091	1.34820	1.34823			6
2025.10.07	01:53:09.392	1.34819	1.34822			6
2025.10.07	01:53:11.881	1.34820	1.34823			6
2025.10.07	01:53:15.913	1.34821	1.34824			6
2025.10.07	01:53:16.855	1.34820	1.34823			6
2025.10.07	01:53:17.160	1.34819	1.34822			6
2025.10.07	01:53:17.796	1.34821	1.34824			6
2025.10.07	01:53:19.648	1.34820	1.34823			6
2025.10.07	01:53:22.739	1.34819	1.34822			6
2025.10.07	01:53:27.052	1.34824	1.34825			6
2025.10.07	01:53:27.361	1.34819	1.34822			6
2025.10.07	01:53:27.980	1.34824	1.34825			6
2025.10.07	01:53:28.293	1.34819	1.34822			6
2025.10.07	01:53:28.599	1.34824	1.34825			6
2025.10.07	01:53:28.916	1.34819	1.34822			6
2025.10.07	01:53:29.223	1.34824	1.34825			6
2025.10.07	01:53:29.536	1.34819	1.34822			6
2025.10.07	01:53:29.842	1.34824	1.34825			6
2025.10.07	01:53:30.455	1.34819	1.34822			6
2025.10.07	01:53:30.767	1.34824	1.34825			6
2025.10.07	01:53:31.072	1.34819	1.34822			6
2025.10.07	01:53:53.652	1.34820				2
2025.10.07	01:53:53.967	1.34819				2
2025.10.07	01:53:56.432	1.34820				2
2025.10.07	01:54:00.154	1.34820				2
2025.10.07	01:54:00.470	1.34819				2
2025.10.07	01:54:00.776	1.34820				2
2025.10.07	01:54:03.557	1.34819				2
2025.10.07	01:54:12.224	1.34820				2
2025.10.07	01:54:13.772		1.34823			4
2025.10.07	01:54:15.007	1.34819	1.34822			6
2025.10.07	01:54:23.045	1.34820	1.34823			6
2025.10.07	01:54:28.003	1.34819	1.34822			6
2025.10.07	01:54:33.877	1.34820	1.34823			6
2025.10.07	01:54:34.188	1.34819	1.34822			6
2025.10.07	01:54:36.960	1.34820	1.34823			6
2025.10.07	01:54:38.511	1.34819	1.34822			6
2025.10.07	01:54:43.187	1.34818	1.34821			6
2025.10.07	01:54:47.524	1.34819	1.34822			6
2025.10.07	01:54:50.302	1.34818	1.34821			6
2025.10.07	01:54:52.785	1.34819	1.34822			6
2025.10.07	01:54:56.814		1.34820			4
2025.10.07	01:54:57.428	1.34818				2
2025.10.07	01:55:00.214	1.34818				2
2025.10.07	01:55:00.528	1.34819				2
2025.10.07	01:55:02.070		1.34821			4
2025.10.07	01:55:03.938	1.34818				2
2025.10.07	01:55:04.248	1.34817	1.34820			6
2025.10.07	01:55:04.562	1.34818	1.34821			6
2025.10.07	01:55:09.825	1.34817	1.34820			6
2025.10.07	01:55:12.917	1.34816	1.34819			6
2025.10.07	01:55:13.851	1.34818	1.34821			6
2025.10.07	01:55:17.264	1.34817	1.34820			6
2025.10.07	01:55:18.189	1.34818	1.34821			6
2025.10.07	01:55:27.143	1.34817	1.34820			6
2025.10.07	01:55:28.062	1.34818	1.34821			6
2025.10.07	01:55:29.914	1.34817	1.34820			6
2025.10.07	01:55:34.255	1.34818	1.34821			6
2025.10.07	01:55:37.959	1.34819	1.34822			6
2025.10.07	01:55:44.781	1.34820				2
2025.10.07	01:55:45.711	1.34819				2
2025.10.07	01:55:47.891	1.34820				2
2025.10.07	01:55:48.200	1.34819				2
2025.10.07	01:55:48.505	1.34818	1.34821			6
2025.10.07	01:55:50.046	1.34819	1.34822			6
2025.10.07	01:55:53.154	1.34824	1.34825			6
2025.10.07	01:55:53.462	1.34826	1.34829			6
2025.10.07	01:55:53.779		1.34828			4
2025.10.07	01:55:55.667	1.34825	1.34827			6
2025.10.07	01:55:55.983	1.34826				2
2025.10.07	01:55:57.216		1.34828			4
2025.10.07	01:56:00.297	1.34826				2
2025.10.07	01:56:03.686	1.34825	1.34827			6
2025.10.07	01:56:05.228		1.34828			4
2025.10.07	01:56:06.145	1.34826				2
2025.10.07	01:56:06.453	1.34825				2
2025.10.07	01:56:08.295	1.34826				2
2025.10.07	01:56:08.601	1.34825				2
2025.10.07	01:56:08.910		1.34827			4
2025.10.07	01:56:09.214	1.34826	1.34828			6
2025.10.07	01:56:09.524	1.34825	1.34827			6
2025.10.07	01:56:09.834	1.34826	1.34828			6
2025.10.07	01:56:10.139	1.34825				2
2025.10.07	01:56:10.762	1.34826				2
2025.10.07	01:56:11.069	1.34825				2
2025.10.07	01:56:12.607		1.34827			4
2025.10.07	01:56:12.921	1.34826				2
2025.10.07	01:56:13.224	1.34825				2
2025.10.07	01:56:13.530		1.34828			4
2025.10.07	01:56:14.450	1.34826	1.34829			6
2025.10.07	01:56:21.226	1.34827				2
2025.10.07	01:56:30.773	1.34826				2
2025.10.07	01:56:34.475	1.34827				2
2025.10.07	01:56:34.781	1.34826				2
2025.10.07	01:56:35.088		1.34828			4
2025.10.07	01:56:37.552	1.34825				2
2025.10.07	01:56:38.167	1.34826				2
2025.10.07	01:56:38.776	1.34825	1.34827			6
2025.10.07	01:56:39.708	1.34826				2
2025.10.07	01:56:40.018	1.34825	1.34828			6
2025.10.07	01:56:40.328	1.34824	1.34825			6
2025.10.07	01:56:40.635	1.34826	1.34828			6
2025.10.07	01:56:41.254	1.34827				2
2025.10.07	01:56:44.037	1.34826				2
2025.10.07	01:56:45.899	1.34827				2
2025.10.07	01:56:50.240	1.34826	1.34827			6
2025.10.07	01:56:53.329	1.34819	1.34822			6
2025.10.07	01:56:53.635	1.34818	1.34821			6
2025.10.07	01:56:54.873	1.34819	1.34822			6
2025.10.07	01:56:56.413	1.34824	1.34825			6
2025.10.07	01:56:56.723	1.34825	1.34826			6
2025.10.07	01:56:57.652		1.34827			4
2025.10.07	01:57:00.132	1.34825				2
2025.10.07	01:57:03.228	1.34824				2
2025.10.07	01:57:03.547	1.34826				2
2025.10.07	01:57:05.394	1.34821	1.34823			6
2025.10.07	01:57:07.261	1.34822	1.34825			6
2025.10.07	01:57:10.344	1.34821	1.34824			6
2025.10.07	01:57:16.205		1.34823			4
2025.10.07	01:57:18.976		1.34824			4
2025.10.07	01:57:22.041	1.34823				2
2025.10.07	01:57:22.344	1.34826	1.34828			6
2025.10.07	01:57:22.647	1.34827				2
2025.10.07	01:57:23.265	1.34826	1.34827			6
2025.10.07	01:57:23.576		1.34828			4
2025.10.07	01:57:23.885		1.34827			4
2025.10.07	01:57:24.197		1.34828			4
2025.10.07	01:57:24.506		1.34827			4
2025.10.07	01:57:24.812		1.34828			4
2025.10.07	01:57:25.129		1.34827			4
2025.10.07	01:57:29.417	1.34818	1.34821			6
2025.10.07	01:57:30.348	1.34819	1.34822			6
2025.10.07	01:57:35.901		1.34821			4
2025.10.07	01:57:48.567	1.34818				2
2025.10.07	01:57:53.213	1.34819				2
2025.10.07	01:58:00.010	1.34819				2
2025.10.07	01:58:00.324	1.34817	1.34819			6
2025.10.07	01:58:04.360		1.34818			4
2025.10.07	01:58:06.532		1.34819			4
2025.10.07	01:58:14.892		1.34818			4
2025.10.07	01:58:15.517	1.34816				2
2025.10.07	01:58:15.829	1.34817				2
2025.10.07	01:58:16.751	1.34816	1.34817			6
2025.10.07	01:58:18.600	1.34817	1.34818			6
2025.10.07	01:58:18.904	1.34816	1.34817			6
2025.10.07	01:58:19.223	1.34815				2
2025.10.07	01:58:20.452	1.34816				2
2025.10.07	01:58:23.850	1.34815				2
2025.10.07	01:58:24.774	1.34816				2
2025.10.07	01:58:27.255	1.34815				2
2025.10.07	01:58:28.484	1.34816				2
2025.10.07	01:58:29.094	1.34817	1.34818			6
2025.10.07	01:58:30.335	1.34816	1.34817			6
2025.10.07	01:58:37.429	1.34817	1.34819			6
2025.10.07	01:58:39.892	1.34816				2
2025.10.07	01:58:43.590	1.34817				2
2025.10.07	01:58:49.126	1.34816				2
2025.10.07	01:58:49.438	1.34817				2
2025.10.07	01:58:52.198		1.34818			4
2025.10.07	01:59:00.204	1.34817				2
2025.10.07	01:59:03.277	1.34816	1.34817			6
2025.10.07	01:59:27.361		1.34818			4
2025.10.07	01:59:30.142		1.34817			4
2025.10.07	01:59:32.611		1.34819			4
2025.10.07	01:59:33.542		1.34818			4
2025.10.07	01:59:33.849		1.34817			4
2025.10.07	01:59:36.317	1.34814				2
2025.10.07	01:59:40.356	1.34816				2
2025.10.07	01:59:53.049		1.34818			4
2025.10.07	01:59:55.514		1.34817			4
2025.10.07	02:00:00.152	1.34816	1.34818			6
2025.10.07	02:00:04.790		1.34819			4
2025.10.07	02:00:06.333	1.34817				2
2025.10.07	02:00:06.952	1.34818	1.34820			6
2025.10.07	02:00:07.263		1.34819			4
2025.10.07	02:00:07.875	1.34816				2
2025.10.07	02:00:08.496		1.34818			4
2025.10.07	02:00:09.118		1.34819			4
2025.10.07	02:00:09.426		1.34818			4
2025.10.07	02:00:10.362	1.34817				2
2025.10.07	02:00:11.610	1.34818	1.34819			6
2025.10.07	02:00:12.529	1.34817	1.34818			6
2025.10.07	02:00:15.321		1.34820			4
2025.10.07	02:00:15.936		1.34818			4
2025.10.07	02:00:21.835	1.34816	1.34817			6
2025.10.07	02:00:28.618	1.34817	1.34818			6
2025.10.07	02:00:30.771	1.34816	1.34817			6
2025.10.07	02:00:31.080	1.34817	1.34818			6
2025.10.07	02:00:31.696	1.34816	1.34817			6
2025.10.07	02:00:34.807	1.34817	1.34818			6
2025.10.07	02:00:37.582	1.34816	1.34817			6
2025.10.07	02:00:45.932	1.34817	1.34818			6
2025.10.07	02:00:49.619	1.34819	1.34820			6
2025.10.07	02:00:49.927	1.34818	1.34819			6
2025.10.07	02:00:57.358	1.34816	1.34817			6
2025.10.07	02:01:00.145	1.34816				2
2025.10.07	02:01:00.453	1.34817	1.34818			6
2025.10.07	02:01:00.762	1.34816				2
2025.10.07	02:01:03.235		1.34817			4
2025.10.07	02:01:04.470		1.34818			4
2025.10.07	02:01:07.558		1.34817			4
2025.10.07	02:01:11.882	1.34817	1.34818			6
2025.10.07	02:01:15.589	1.34816				2
2025.10.07	02:01:20.203	1.34817				2
2025.10.07	02:01:20.512	1.34816	1.34817			6
2025.10.07	02:01:21.744	1.34817	1.34818			6
2025.10.07	02:01:26.651	1.34816	1.34817			6
2025.10.07	02:01:28.186		1.34818			4
2025.10.07	02:01:31.881	1.34817				2
2025.10.07	02:01:39.549	1.34816				2
2025.10.07	02:01:39.855	1.34817				2
2025.10.07	02:01:45.402	1.34816	1.34817			6
2025.10.07	02:01:46.626	1.34817	1.34818			6
2025.10.07	02:01:46.933	1.34816	1.34817			6
2025.10.07	02:01:59.597	1.34817	1.34818			6
2025.10.07	02:02:00.220	1.34817				2
2025.10.07	02:02:02.381	1.34818	1.34819			6
2025.10.07	02:02:14.459	1.34817	1.34818			6
2025.10.07	02:02:27.418	1.34815				2
2025.10.07	02:02:28.652	1.34814	1.34817			6
2025.10.07	02:02:30.797	1.34817	1.34818			6
2025.10.07	02:02:32.332	1.34818	1.34819			6
2025.10.07	02:02:38.197	1.34817	1.34818			6
2025.10.07	02:03:00.104	1.34817				2
2025.10.07	02:03:00.415		1.34819			4
2025.10.07	02:03:00.721	1.34816				2
2025.10.07	02:03:05.944	1.34817				2
2025.10.07	02:03:20.147	1.34816				2
2025.10.07	02:03:21.376	1.34809	1.34810			6
2025.10.07	02:03:21.691	1.34808	1.34809			6
2025.10.07	02:03:22.001	1.34809	1.34810			6
2025.10.07	02:03:22.314	1.34808				2
2025.10.07	02:03:23.247		1.34809			4
2025.10.07	02:03:33.774	1.34807				2
2025.10.07	02:03:35.004	1.34808				2
2025.10.07	02:03:39.625		1.34810			4
2025.10.07	02:03:40.548		1.34809			4
2025.10.07	02:03:42.388		1.34810			4
2025.10.07	02:03:43.303		1.34809			4
2025.10.07	02:03:43.916	1.34809	1.34810			6
2025.10.07	02:03:52.246	1.34811	1.34812			6
2025.10.07	02:03:52.874	1.34810	1.34811			6
2025.10.07	02:03:57.852	1.34816	1.34817			6
2025.10.07	02:03:59.082		1.34818			4
2025.10.07	02:03:59.394	1.34818	1.34819			6
2025.10.07	02:04:00.006	1.34818				2
2025.10.07	02:04:00.322	1.34817	1.34818			6
2025.10.07	02:04:00.626	1.34818	1.34819			6
2025.10.07	02:04:03.735		1.34820			4
2025.10.07	02:04:04.357		1.34819			4
2025.10.07	02:04:04.659	1.34817				2
2025.10.07	02:04:05.899		1.34820			4
2025.10.07	02:04:06.204		1.34819			4
2025.10.07	02:04:09.885	1.34816				2
2025.10.07	02:04:10.503	1.34817	1.34820			6
2025.10.07	02:04:21.883	1.34816	1.34819			6
2025.10.07	02:04:24.963	1.34817	1.34820			6
2025.10.07	02:04:25.271		1.34819			4
2025.10.07	02:04:26.187		1.34820			4
2025.10.07	02:04:32.999	1.34816	1.34819			6
2025.10.07	02:04:33.312	1.34815	1.34818			6
2025.10.07	02:04:33.619	1.34814	1.34817			6
2025.10.07	02:04:34.851	1.34816	1.34818			6
2025.10.07	02:04:35.160		1.34817			4
2025.10.07	02:04:37.299		1.34819			4
2025.10.07	02:04:38.846		1.34818			4
2025.10.07	02:04:39.152	1.34815				2
2025.10.07	02:04:40.094	1.34816	1.34819			6
2025.10.07	02:04:41.336	1.34817				2
2025.10.07	02:04:42.267	1.34816				2
2025.10.07	02:04:42.575	1.34817				2
2025.10.07	02:04:43.201	1.34816				2
2025.10.07	02:04:43.508	1.34817				2
2025.10.07	02:04:44.428	1.34816				2
2025.10.07	02:04:44.739	1.34817				2
2025.10.07	02:04:51.233		1.34820			4
2025.10.07	02:04:56.192	1.34816	1.34819			6
2025.10.07	02:05:00.196	1.34816				2
2025.10.07	02:05:02.661	1.34817	1.34820			6
2025.10.07	02:05:03.594	1.34816	1.34819			6
2025.10.07	02:05:08.514	1.34817	1.34820			6
2025.10.07	02:05:31.694	1.34816	1.34819			6
2025.10.07	02:05:32.612	1.34817	1.34820			6
2025.10.07	02:05:33.536	1.34818	1.34821			6
2025.10.07	02:05:33.843	1.34817	1.34820			6
2025.10.07	02:05:35.384	1.34816	1.34819			6
2025.10.07	02:05:40.912		1.34818			4
2025.10.07	02:05:52.602		1.34819			4
2025.10.07	02:06:00.282	1.34816				2
2025.10.07	02:06:18.388		1.34817			4
2025.10.07	02:06:18.701		1.34819			4
2025.10.07	02:06:19.933	1.34815	1.34818			6
2025.10.07	02:06:21.785	1.34816	1.34819			6
2025.10.07	02:06:22.091		1.34817			4
2025.10.07	02:06:22.408		1.34819			4
2025.10.07	02:06:24.565	1.34815	1.34818			6
2025.10.07	02:06:27.933	1.34816	1.34819			6
2025.10.07	02:06:28.243	1.34815	1.34818			6
2025.10.07	02:06:34.383	1.34816				2
2025.10.07	02:06:49.142	1.34815	1.34817			6
2025.10.07	02:06:49.447	1.34816	1.34819			6
2025.10.07	02:06:49.753	1.34815	1.34817			6
2025.10.07	02:07:00.185	1.34815				2
2025.10.07	02:07:11.540	1.34807	1.34809			6
2025.10.07	02:07:11.847	1.34808	1.34811			6
2025.10.07	02:07:18.330		1.34810			4
2025.10.07	02:07:18.635		1.34809			4
2025.10.07	02:07:26.633	1.34806				2
2025.10.07	02:07:26.943		1.34807			4
2025.10.07	02:07:27.258	1.34805				2
2025.10.07	02:07:38.054	1.34806	1.34809			6
2025.10.07	02:07:48.221	1.34803	1.34806			6
2025.10.07	02:07:48.523	1.34807	1.34810			6
2025.10.07	02:07:53.136	1.34810	1.34813			6
2025.10.07	02:07:54.362	1.34809	1.34812			6
2025.10.07	02:08:00.203	1.34809				2
2025.10.07	02:08:00.813	1.34808	1.34811			6
2025.10.07	02:08:06.050	1.34809	1.34812			6
2025.10.07	02:08:08.200	1.34808	1.34811			6
2025.10.07	02:08:12.179	1.34807	1.34810			6
2025.10.07	02:08:35.834	1.34808	1.34811			6
2025.10.07	02:08:51.775	1.34806	1.34808			6
2025.10.07	02:08:52.385	1.34807				2
2025.10.07	02:08:53.001		1.34809			4
2025.10.07	02:08:53.920	1.34806				2
2025.10.07	02:08:55.768	1.34807				2
2025.10.07	02:09:00.057	1.34805	1.34807			6
2025.10.07	02:09:00.367		1.34808			4
2025.10.07	02:09:02.207	1.34806	1.34809			6
2025.10.07	02:09:02.513		1.34808			4
2025.10.07	02:09:05.894	1.34808	1.34811			6
2025.10.07	02:09:11.730	1.34809	1.34812			6
2025.10.07	02:09:13.267	1.34808	1.34811			6
2025.10.07	02:09:22.484	1.34807	1.34810			6
2025.10.07	02:09:22.792	1.34808	1.34811			6
2025.10.07	02:09:25.243	1.34811	1.34814			6
2025.10.07	02:09:28.623	1.34810	1.34813			6
2025.10.07	02:09:30.464	1.34811	1.34814			6
2025.10.07	02:09:33.836	1.34809	1.34812			6
2025.10.07	02:09:35.379	1.34810	1.34813			6
2025.10.07	02:09:44.900	1.34809	1.34812			6
2025.10.07	02:09:45.513	1.34810	1.34813			6
2025.10.07	02:09:46.127	1.34808	1.34811			6
2025.10.07	02:09:54.113	1.34806	1.34809			6
2025.10.07	02:10:00.276	1.34806				2
2025.10.07	02:10:00.585	1.34807	1.34810			6
2025.10.07	02:10:01.823	1.34808	1.34811			6
2025.10.07	02:10:04.912	1.34806	1.34809			6
2025.10.07	02:10:16.638	1.34807	1.34810			6
2025.10.07	02:10:17.267	1.34808	1.34811			6
2025.10.07	02:10:17.579	1.34806	1.34809			6
2025.10.07	02:10:18.507	1.34807	1.34810			6
2025.10.07	02:10:19.734	1.34808	1.34811			6
2025.10.07	02:10:22.216	1.34805	1.34808			6
2025.10.07	02:10:22.829	1.34806				2
2025.10.07	02:10:23.757		1.34809			4
2025.10.07	02:10:28.075		1.34808			4
2025.10.07	02:10:28.379	1.34805				2
2025.10.07	02:10:29.309	1.34801	1.34803			6
2025.10.07	02:10:29.617	1.34800				2
2025.10.07	02:10:34.563	1.34799	1.34802			6
2025.10.07	02:10:39.526	1.34800	1.34803			6
2025.10.07	02:10:42.323	1.34799	1.34802			6
2025.10.07	02:10:42.632	1.34798	1.34801			6
2025.10.07	02:10:43.332	1.34797	1.34800			6
2025.10.07	02:10:47.976	1.34796	1.34799			6
2025.10.07	02:10:48.282	1.34797				2
2025.10.07	02:10:48.587		1.34800			4
2025.10.07	02:10:50.428	1.34798	1.34801			6
2025.10.07	02:10:53.505	1.34799	1.34802			6
2025.10.07	02:10:59.646	1.34801	1.34804			6
2025.10.07	02:10:59.952	1.34800	1.34803			6
2025.10.07	02:11:00.260	1.34800				2
2025.10.07	02:11:08.606	1.34801	1.34804			6
2025.10.07	02:11:13.848	1.34800	1.34803			6
2025.10.07	02:11:16.929	1.34807	1.34810			6
2025.10.07	02:11:19.097	1.34809	1.34812			6
2025.10.07	02:11:19.406	1.34808	1.34811			6
2025.10.07	02:11:24.960	1.34807	1.34810			6
2025.10.07	02:11:30.487	1.34808	1.34811			6
2025.10.07	02:11:32.957	1.34807	1.34810			6
2025.10.07	02:11:40.932	1.34806	1.34809			6
2025.10.07	02:11:44.006	1.34807	1.34810			6
2025.10.07	02:11:46.764	1.34806	1.34809			6
2025.10.07	02:11:48.604	1.34809	1.34810			6
2025.10.07	02:11:48.910	1.34806	1.34809			6
2025.10.07	02:11:49.220	1.34809	1.34810			6
2025.10.07	02:11:49.530	1.34806	1.34809			6
2025.10.07	02:11:49.836	1.34812	1.34813			6
2025.10.07	02:11:50.150	1.34808	1.34811			6
2025.10.07	02:11:50.460	1.34811	1.34812			6
2025.10.07	02:11:50.774	1.34808	1.34811			6
2025.10.07	02:11:51.078	1.34811	1.34812			6
2025.10.07	02:11:51.388	1.34808	1.34811			6
2025.10.07	02:11:51.696	1.34811	1.34812			6
2025.10.07	02:11:52.002	1.34808	1.34811			6
2025.10.07	02:12:00.051	1.34808				2
2025.10.07	02:12:21.644	1.34809	1.34812			6
2025.10.07	02:12:44.455	1.34806	1.34809			6
2025.10.07	02:12:48.161	1.34807	1.34810			6
2025.10.07	02:13:00.221	1.34807				2
2025.10.07	02:13:03.615	1.34806	1.34808			6
2025.10.07	02:13:05.160		1.34809			4
2025.10.07	02:13:07.319		1.34808			4
2025.10.07	02:13:08.241	1.34805				2
2025.10.07	02:13:10.707		1.34807			4
2025.10.07	02:13:11.319	1.34806				2
2025.10.07	02:13:11.623	1.34804	1.34805			6
2025.10.07	02:13:15.634	1.34807	1.34810			6
2025.10.07	02:13:16.251	1.34806	1.34807			6
2025.10.07	02:13:16.556		1.34809			4
2025.10.07	02:13:20.558	1.34805	1.34808			6
2025.10.07	02:13:20.868	1.34806	1.34809			6
