<DATE>	<TIME>	<BID>	<ASK>	<LAST>	<VOLUME>	<FLAGS>
2025.06.17	00:03:30.483	1.35746	1.35798			6
2025.06.17	00:03:36.848	1.35669	1.35794			6
2025.06.17	00:04:00.217	1.35669				2
2025.06.17	00:04:37.074		1.35794			4
2025.06.17	00:05:00.119	1.35669				2
2025.06.17	00:05:05.039	1.35676	1.35821			6
2025.06.17	00:05:09.014	1.35703	1.35820			6
2025.06.17	00:05:14.409	1.35708				2
2025.06.17	00:05:14.708	1.35707				2
2025.06.17	00:05:15.926	1.35706				2
2025.06.17	00:05:18.067	1.35707				2
2025.06.17	00:05:20.492	1.35709				2
2025.06.17	00:05:24.148	1.35715				2
2025.06.17	00:05:24.754	1.35707				2
2025.06.17	00:05:27.803	1.35708				2
2025.06.17	00:05:28.712	1.35707				2
2025.06.17	00:05:30.530	1.35706				2
2025.06.17	00:05:31.439	1.35705				2
2025.06.17	00:05:33.256	1.35703				2
2025.06.17	00:05:42.951	1.35705				2
2025.06.17	00:05:48.436	1.35711				2
2025.06.17	00:05:52.110	1.35710				2
2025.06.17	00:05:52.421	1.35714				2
2025.06.17	00:06:00.060	1.35714				2
2025.06.17	00:06:06.458	1.35703				2
2025.06.17	00:06:07.009	1.35706				2
2025.06.17	00:06:07.316	1.35705				2
2025.06.17	00:06:09.158		1.35820			4
2025.06.17	00:06:12.512	1.35710				2
2025.06.17	00:06:18.910	1.35707				2
2025.06.17	00:06:19.527	1.35703				2
2025.06.17	00:06:19.921	1.35706				2
2025.06.17	00:06:20.531	1.35705				2
2025.06.17	00:06:20.838	1.35704				2
2025.06.17	00:06:21.448	1.35703				2
2025.06.17	00:06:27.836	1.35711				2
2025.06.17	00:06:36.394	1.35713				2
2025.06.17	00:07:00.194	1.35713				2
2025.06.17	00:07:08.430		1.35819			4
2025.06.17	00:07:09.953	1.35703				2
2025.06.17	00:07:15.546	1.35708				2
2025.06.17	00:07:16.782	1.35703				2
2025.06.17	00:08:04.408	1.35703				2
2025.06.17	00:08:09.341		1.35819			4
2025.06.17	00:08:24.544	1.35707				2
2025.06.17	00:08:30.969	1.35703				2
2025.06.17	00:09:01.802	1.35703				2
2025.06.17	00:09:10.237	1.35702	1.35819			6
2025.06.17	00:09:15.224	1.35703				2
2025.06.17	00:09:15.531	1.35704				2
2025.06.17	00:09:16.146	1.35725				2
2025.06.17	00:09:16.759	1.35726				2
2025.06.17	00:09:22.861	1.35730				2
2025.06.17	00:10:00.030	1.35730				2
2025.06.17	00:10:03.090	1.35702				2
2025.06.17	00:10:07.801	1.35710				2
2025.06.17	00:10:11.742	1.35645	1.35820			6
2025.06.17	00:10:13.280	1.35730				2
2025.06.17	00:10:45.002	1.35645				2
2025.06.17	00:10:52.679	1.35701	1.35817			6
2025.06.17	00:10:54.319	1.35710				2
2025.06.17	00:10:55.169	1.35730				2
2025.06.17	00:10:57.935		1.35820			4
2025.06.17	00:10:58.842		1.35817			4
2025.06.17	00:11:00.059	1.35730				2
2025.06.17	00:11:04.925		1.35820			4
2025.06.17	00:11:05.845		1.35817			4
2025.06.17	00:11:11.952		1.35820			4
2025.06.17	00:11:12.862		1.35817			4
2025.06.17	00:11:13.165	1.35710				2
2025.06.17	00:11:19.251	1.35645	1.35820			6
2025.06.17	00:11:19.869	1.35710	1.35817			6
2025.06.17	00:11:22.612	1.35714				2
2025.06.17	00:11:26.002		1.35820			4
2025.06.17	00:11:26.613	1.35713				2
2025.06.17	00:11:26.924		1.35817			4
2025.06.17	00:11:27.848	1.35703				2
2025.06.17	00:11:28.640	1.35710				2
2025.06.17	00:11:45.415	1.35711				2
2025.06.17	00:11:47.568	1.35710				2
2025.06.17	00:11:53.439	1.35720				2
2025.06.17	00:11:53.743	1.35710				2
2025.06.17	00:12:00.739	1.35710				2
2025.06.17	00:12:07.315	1.35713				2
2025.06.17	00:12:08.548	1.35710				2
2025.06.17	00:12:12.687	1.35713				2
2025.06.17	00:12:13.597	1.35710				2
2025.06.17	00:12:14.603	1.35711				2
2025.06.17	00:12:14.907	1.35710				2
2025.06.17	00:12:21.907	1.35712				2
2025.06.17	00:12:27.083		1.35817			4
2025.06.17	00:12:27.990	1.35710	1.35807			6
2025.06.17	00:12:44.968		1.35809			4
2025.06.17	00:12:57.698	1.35699	1.35794			6
2025.06.17	00:12:58.248	1.35709				2
2025.06.17	00:13:00.091	1.35709				2
2025.06.17	00:13:00.997	1.35699				2
2025.06.17	00:13:04.641	1.35700				2
2025.06.17	00:13:07.007	1.35709				2
2025.06.17	00:13:07.318	1.35700				2
2025.06.17	00:13:31.377	1.35663	1.35784			6
2025.06.17	00:13:48.544	1.35653				2
2025.06.17	00:13:56.156	1.35690	1.35774			6
2025.06.17	00:13:58.904	1.35693				2
2025.06.17	00:13:59.810	1.35694				2
2025.06.17	00:14:00.113	1.35694				2
2025.06.17	00:14:00.418	1.35695				2
2025.06.17	00:14:04.996	1.35699	1.35784			6
2025.06.17	00:14:07.732	1.35651				2
2025.06.17	00:14:11.083	1.35700	1.35793			6
2025.06.17	00:14:31.341	1.35702				2
2025.06.17	00:14:43.962	1.35700				2
2025.06.17	00:14:44.727	1.35704				2
2025.06.17	00:14:45.063	1.35703				2
2025.06.17	00:14:46.021	1.35705				2
2025.06.17	00:14:46.324	1.35703				2
2025.06.17	00:14:48.997	1.35705				2
2025.06.17	00:14:49.602	1.35703				2
2025.06.17	00:14:49.937	1.35705				2
2025.06.17	00:14:50.239	1.35703				2
2025.06.17	00:14:52.856	1.35704				2
2025.06.17	00:14:53.161	1.35703				2
2025.06.17	00:14:57.510	1.35704				2
2025.06.17	00:14:57.819	1.35703				2
2025.06.17	00:15:00.123	1.35703	1.35796			6
2025.06.17	00:15:07.583	1.35704				2
2025.06.17	00:15:09.140	1.35705				2
2025.06.17	00:15:47.041	1.35702				2
2025.06.17	00:15:55.129		1.35798			4
2025.06.17	00:15:57.704	1.35704				2
2025.06.17	00:16:00.159	1.35704				2
2025.06.17	00:16:01.075	1.35702				2
2025.06.17	00:16:01.595	1.35701				2
2025.06.17	00:16:11.265		1.35796			4
2025.06.17	00:16:50.705	1.35705				2
2025.06.17	00:16:51.611	1.35701				2
2025.06.17	00:16:55.364	1.35704				2
2025.06.17	00:17:00.276	1.35704				2
2025.06.17	00:17:00.578	1.35701				2
2025.06.17	00:17:11.807		1.35796			4
2025.06.17	00:18:00.145	1.35701				2
2025.06.17	00:18:09.496	1.35709				2
2025.06.17	00:18:10.892	1.35717	1.35830			6
2025.06.17	00:18:12.453	1.35716				2
2025.06.17	00:18:19.003	1.35714				2
2025.06.17	00:18:22.672	1.35713				2
2025.06.17	00:18:30.824	1.35758	1.35795			6
2025.06.17	00:18:44.834	1.35773	1.35819			6
2025.06.17	00:18:50.973	1.35780	1.35825			6
2025.06.17	00:18:52.015		1.35824			4
2025.06.17	00:18:53.063	1.35768				2
2025.06.17	00:19:00.740	1.35768				2
2025.06.17	00:19:01.773	1.35771				2
2025.06.17	00:19:02.868	1.35768				2
2025.06.17	00:19:10.087	1.35742	1.35813			6
2025.06.17	00:19:10.469	1.35746				2
2025.06.17	00:19:12.765	1.35742				2
2025.06.17	00:19:13.439	1.35746				2
2025.06.17	00:19:14.434	1.35742				2
2025.06.17	00:19:14.866	1.35746				2
2025.06.17	00:19:15.321	1.35742				2
2025.06.17	00:19:16.864	1.35746				2
2025.06.17	00:19:29.864	1.35742				2
2025.06.17	00:19:33.335		1.35818			4
2025.06.17	00:19:42.255	1.35741	1.35816			6
2025.06.17	00:19:43.067		1.35812			4
2025.06.17	00:19:54.863	1.35745				2
2025.06.17	00:19:56.792	1.35741				2
2025.06.17	00:20:00.629	1.35741				2
2025.06.17	00:20:02.269	1.35745				2
2025.06.17	00:20:06.865	1.35741				2
2025.06.17	00:20:07.387	1.35745				2
2025.06.17	00:20:08.864	1.35741				2
2025.06.17	00:20:13.387	1.35738				2
2025.06.17	00:20:18.391	1.35735				2
2025.06.17	00:20:18.696	1.35738				2
2025.06.17	00:20:19.865	1.35734				2
2025.06.17	00:20:25.647	1.35731				2
2025.06.17	00:20:30.864	1.35738				2
2025.06.17	00:20:38.385	1.35735				2
2025.06.17	00:20:44.435		1.35812			4
2025.06.17	00:20:58.679	1.35728				2
2025.06.17	00:21:00.099	1.35728				2
2025.06.17	00:21:14.648	1.35731				2
2025.06.17	00:21:15.937	1.35728				2
2025.06.17	00:21:18.880	1.35731				2
2025.06.17	00:21:24.390	1.35728				2
2025.06.17	00:21:24.878	1.35731				2
2025.06.17	00:21:32.874	1.35728				2
2025.06.17	00:21:33.384	1.35731				2
2025.06.17	00:21:41.804	1.35732				2
2025.06.17	00:21:48.142		1.35812			4
2025.06.17	00:21:50.875	1.35728				2
2025.06.17	00:22:01.804	1.35728				2
2025.06.17	00:22:41.805	1.35729				2
2025.06.17	00:22:50.092		1.35812			4
2025.06.17	00:23:00.948	1.35729				2
2025.06.17	00:23:01.488	1.35734				2
2025.06.17	00:23:05.440	1.35729				2
2025.06.17	00:23:25.039	1.35737				2
2025.06.17	00:23:50.363		1.35812			4
2025.06.17	00:24:00.075	1.35737				2
2025.06.17	00:24:04.971	1.35733				2
2025.06.17	00:24:12.951	1.35729				2
2025.06.17	00:24:14.646	1.35732				2
2025.06.17	00:24:15.803	1.35742				2
2025.06.17	00:24:52.080		1.35814			4
2025.06.17	00:25:01.939	1.35742				2
2025.06.17	00:25:24.941	1.35744				2
2025.06.17	00:25:34.665	1.35742				2
2025.06.17	00:25:36.102	1.35749				2
2025.06.17	00:25:52.208		1.35814			4
2025.06.17	00:25:57.087	1.35743				2
2025.06.17	00:26:02.248	1.35743				2
2025.06.17	00:26:52.733		1.35814			4
2025.06.17	00:26:55.435	1.35749				2
2025.06.17	00:26:56.956		1.35813			4
2025.06.17	00:27:00.005	1.35749				2
2025.06.17	00:27:03.682	1.35750				2
2025.06.17	00:27:06.427		1.35814			4
2025.06.17	00:27:31.665	1.35742	1.35811			6
2025.06.17	00:28:01.821	1.35742				2
2025.06.17	00:28:31.808		1.35811			4
2025.06.17	00:28:43.681	1.35747				2
2025.06.17	00:28:44.598	1.35742				2
2025.06.17	00:29:01.807	1.35742				2
2025.06.17	00:29:31.809		1.35811			4
2025.06.17	00:29:40.123		1.35810			4
2025.06.17	00:29:43.401		1.35803			4
2025.06.17	00:29:46.918	1.35746	1.35802			6
2025.06.17	00:30:00.378	1.35746				2
2025.06.17	00:30:03.669		1.35803			4
2025.06.17	00:31:01.818	1.35746				2
2025.06.17	00:31:04.142		1.35803			4
2025.06.17	00:32:01.444	1.35746				2
2025.06.17	00:32:05.842		1.35803			4
2025.06.17	00:32:18.481		1.35812			4
2025.06.17	00:33:01.121	1.35746				2
2025.06.17	00:33:02.251	1.35747				2
2025.06.17	00:33:31.118		1.35812			4
2025.06.17	00:34:05.510	1.35747				2
2025.06.17	00:34:35.240		1.35812			4
2025.06.17	00:35:01.802	1.35747				2
2025.06.17	00:35:36.531		1.35812			4
2025.06.17	00:35:38.343	1.35753				2
2025.06.17	00:35:38.644	1.35747				2
2025.06.17	00:35:52.710	1.35757	1.35817			6
2025.06.17	00:36:02.353	1.35757				2
2025.06.17	00:36:12.494		1.35816			4
2025.06.17	00:36:30.612	1.35754	1.35807			6
2025.06.17	00:36:34.481	1.35742	1.35802			6
2025.06.17	00:36:40.736	1.35745				2
2025.06.17	00:36:41.047	1.35742				2
2025.06.17	00:36:42.354	1.35745				2
2025.06.17	00:36:42.664	1.35742				2
2025.06.17	00:36:58.950	1.35746				2
2025.06.17	00:36:59.566	1.35742				2
2025.06.17	00:37:00.403	1.35745				2
2025.06.17	00:37:01.022	1.35744				2
2025.06.17	00:37:01.324	1.35742				2
2025.06.17	00:37:04.443	1.35744				2
2025.06.17	00:37:05.366	1.35742				2
2025.06.17	00:37:10.567	1.35743				2
2025.06.17	00:37:15.154	1.35746				2
2025.06.17	00:37:15.457	1.35742				2
2025.06.17	00:37:16.277	1.35744				2
2025.06.17	00:37:17.816	1.35742				2
2025.06.17	00:37:28.680		1.35810			4
2025.06.17	00:37:30.629		1.35813			4
2025.06.17	00:37:48.315	1.35745				2
2025.06.17	00:37:48.628	1.35742				2
2025.06.17	00:37:56.897	1.35746				2
2025.06.17	00:37:58.440	1.35742				2
2025.06.17	00:38:00.345	1.35742				2
2025.06.17	00:38:02.620	1.35744	1.35812			6
2025.06.17	00:38:02.943	1.35743				2
2025.06.17	00:38:03.245	1.35742				2
2025.06.17	00:38:07.431	1.35745				2
2025.06.17	00:38:08.050	1.35742				2
2025.06.17	00:38:08.806	1.35743				2
2025.06.17	00:38:10.354	1.35742				2
2025.06.17	00:38:17.852	1.35743				2
2025.06.17	00:38:18.158	1.35742				2
2025.06.17	00:38:40.952	1.35744				2
2025.06.17	00:38:42.493	1.35742				2
2025.06.17	00:38:42.983	1.35746				2
2025.06.17	00:38:44.222	1.35742				2
2025.06.17	00:38:56.183	1.35745				2
2025.06.17	00:38:57.415		1.35814			4
2025.06.17	00:38:58.030	1.35742				2
2025.06.17	00:39:00.094	1.35742				2
2025.06.17	00:39:08.559	1.35746				2
2025.06.17	00:39:09.485	1.35742				2
2025.06.17	00:39:20.462	1.35747				2
2025.06.17	00:39:20.769	1.35742				2
2025.06.17	00:39:21.122	1.35746				2
2025.06.17	00:39:22.348	1.35742				2
2025.06.17	00:39:25.657	1.35747				2
2025.06.17	00:39:26.278	1.35746				2
2025.06.17	00:39:27.196	1.35742				2
2025.06.17	00:39:28.379	1.35747				2
2025.06.17	00:39:30.227	1.35742				2
2025.06.17	00:39:30.555	1.35746				2
2025.06.17	00:39:32.088	1.35745				2
2025.06.17	00:39:32.398		1.35816			4
2025.06.17	00:39:32.699	1.35716				2
2025.06.17	00:39:33.871	1.35729				2
2025.06.17	00:39:34.787	1.35728				2
2025.06.17	00:39:36.015	1.35723				2
2025.06.17	00:39:36.568	1.35733				2
2025.06.17	00:39:36.880	1.35723				2
2025.06.17	00:39:37.596	1.35739				2
2025.06.17	00:39:37.898	1.35719				2
2025.06.17	00:39:39.948	1.35729				2
2025.06.17	00:39:40.398	1.35738				2
2025.06.17	00:39:40.704	1.35729				2
2025.06.17	00:39:41.074	1.35733				2
2025.06.17	00:39:43.842	1.35742				2
2025.06.17	00:39:44.148	1.35729				2
2025.06.17	00:39:45.402	1.35738				2
2025.06.17	00:39:45.710	1.35729				2
2025.06.17	00:39:47.550	1.35740				2
2025.06.17	00:39:47.858	1.35728				2
2025.06.17	00:39:48.395	1.35739				2
2025.06.17	00:39:54.848	1.35728				2
2025.06.17	00:39:56.093	1.35739				2
2025.06.17	00:39:59.142	1.35728				2
2025.06.17	00:40:00.578	1.35739				2
2025.06.17	00:40:08.533	1.35728				2
2025.06.17	00:40:14.143	1.35732				2
2025.06.17	00:40:14.459	1.35728				2
2025.06.17	00:40:15.339	1.35733				2
2025.06.17	00:40:16.566	1.35740				2
2025.06.17	00:40:16.876	1.35728				2
2025.06.17	00:40:18.283	1.35734				2
2025.06.17	00:40:18.909	1.35740				2
2025.06.17	00:40:19.210	1.35741				2
2025.06.17	00:40:21.981	1.35728				2
2025.06.17	00:40:23.051	1.35741				2
2025.06.17	00:40:23.662	1.35736				2
2025.06.17	00:40:24.580	1.35728				2
2025.06.17	00:40:28.079	1.35740				2
2025.06.17	00:40:28.997	1.35738				2
2025.06.17	00:40:29.306	1.35728				2
2025.06.17	00:40:30.479	1.35734				2
2025.06.17	00:40:32.622		1.35816			4
2025.06.17	00:40:33.844	1.35728				2
2025.06.17	00:40:34.154	1.35734				2
2025.06.17	00:40:35.364	1.35728				2
2025.06.17	00:40:36.323	1.35736				2
2025.06.17	00:40:36.630	1.35737				2
2025.06.17	00:40:36.937	1.35739				2
2025.06.17	00:40:39.064	1.35728				2
2025.06.17	00:40:40.554	1.35740				2
2025.06.17	00:40:40.865	1.35742				2
2025.06.17	00:40:45.139	1.35728				2
2025.06.17	00:40:51.204	1.35734				2
2025.06.17	00:40:52.125	1.35733				2
2025.06.17	00:40:54.259	1.35728				2
2025.06.17	00:40:55.553	1.35738				2
2025.06.17	00:40:58.306	1.35728				2
2025.06.17	00:40:59.123	1.35738				2
2025.06.17	00:41:00.035	1.35738				2
2025.06.17	00:41:00.340	1.35728				2
2025.06.17	00:41:01.843	1.35735				2
2025.06.17	00:41:03.059	1.35728				2
2025.06.17	00:41:03.570	1.35737				2
2025.06.17	00:41:05.706	1.35728				2
2025.06.17	00:41:09.851	1.35742				2
2025.06.17	00:41:10.476	1.35739				2
2025.06.17	00:41:11.087	1.35728				2
2025.06.17	00:41:17.074	1.35740				2
2025.06.17	00:41:24.740	1.35738				2
2025.06.17	00:41:30.274	1.35730				2
2025.06.17	00:41:31.194	1.35732				2
2025.06.17	00:41:31.502	1.35728				2
2025.06.17	00:41:31.801	1.35732				2
2025.06.17	00:41:32.121	1.35728				2
2025.06.17	00:41:32.611	1.35738				2
2025.06.17	00:41:32.924		1.35816			4
2025.06.17	00:41:36.301	1.35736				2
2025.06.17	00:41:39.683	1.35732				2
2025.06.17	00:41:39.994	1.35738				2
2025.06.17	00:41:40.298	1.35728				2
2025.06.17	00:41:46.123	1.35732				2
2025.06.17	00:41:50.738	1.35728				2
2025.06.17	00:41:51.189	1.35738				2
2025.06.17	00:41:51.499	1.35728				2
2025.06.17	00:41:51.990	1.35739				2
2025.06.17	00:41:53.530	1.35728				2
2025.06.17	00:41:54.124	1.35736				2
2025.06.17	00:41:54.735	1.35739				2
2025.06.17	00:41:55.042	1.35741				2
2025.06.17	00:41:55.663	1.35735				2
2025.06.17	00:42:00.270	1.35735				2
2025.06.17	00:42:06.723	1.35739				2
2025.06.17	00:42:07.032	1.35737				2
2025.06.17	00:42:07.339	1.35728				2
2025.06.17	00:42:07.669	1.35735				2
2025.06.17	00:42:07.980	1.35734				2
2025.06.17	00:42:08.288	1.35732				2
2025.06.17	00:42:08.591	1.35728	1.35815			6
2025.06.17	00:42:13.140	1.35733				2
2025.06.17	00:42:15.599	1.35728				2
2025.06.17	00:42:18.383	1.35729				2
2025.06.17	00:42:21.762	1.35737				2
2025.06.17	00:42:24.229	1.35728				2
2025.06.17	00:42:26.756	1.35739				2
2025.06.17	00:42:27.060	1.35735				2
2025.06.17	00:42:30.138	1.35732				2
2025.06.17	00:42:31.678	1.35728				2
2025.06.17	00:42:34.914	1.35736				2
2025.06.17	00:42:35.531	1.35728				2
2025.06.17	00:42:36.874	1.35735				2
2025.06.17	00:42:37.186	1.35728				2
2025.06.17	00:42:37.957	1.35738				2
2025.06.17	00:42:38.872	1.35734				2
2025.06.17	00:42:39.174	1.35728				2
2025.06.17	00:42:40.109	1.35733				2
2025.06.17	00:42:50.827	1.35737				2
2025.06.17	00:42:51.136	1.35739				2
2025.06.17	00:42:51.746	1.35738				2
2025.06.17	00:42:52.052	1.35735				2
2025.06.17	00:42:53.898	1.35734				2
2025.06.17	00:42:55.127	1.35738				2
2025.06.17	00:42:55.741	1.35728				2
2025.06.17	00:42:56.783	1.35732				2
2025.06.17	00:42:59.858	1.35726	1.35810			6
2025.06.17	00:43:00.164	1.35726				2
2025.06.17	00:43:01.093	1.35731	1.35815			6
2025.06.17	00:43:01.708	1.35727	1.35810			6
2025.06.17	00:43:02.011	1.35732	1.35815			6
2025.06.17	00:43:02.623	1.35735				2
2025.06.17	00:43:03.547		1.35812			4
2025.06.17	00:43:03.854	1.35731				2
2025.06.17	00:43:05.698	1.35727	1.35810			6
2025.06.17	00:43:06.623	1.35732	1.35812			6
2025.06.17	00:43:06.930	1.35731				2
2025.06.17	00:43:07.546	1.35727	1.35810			6
2025.06.17	00:43:08.461	1.35732	1.35812			6
2025.06.17	00:43:08.767	1.35727	1.35810			6
2025.06.17	00:43:09.689	1.35731	1.35812			6
2025.06.17	00:43:10.303	1.35732				2
2025.06.17	00:43:11.839	1.35733				2
2025.06.17	00:43:15.218	1.35731				2
2025.06.17	00:43:15.529	1.35727	1.35809			6
2025.06.17	00:43:15.833	1.35733	1.35812			6
2025.06.17	00:43:17.058	1.35727	1.35809			6
2025.06.17	00:43:17.676	1.35731	1.35812			6
2025.06.17	00:43:17.980	1.35727	1.35809			6
2025.06.17	00:43:18.291	1.35731	1.35812			6
2025.06.17	00:43:20.125	1.35727	1.35809			6
2025.06.17	00:43:21.050	1.35731	1.35812			6
2025.06.17	00:43:21.669	1.35735				2
2025.06.17	00:43:21.974	1.35727	1.35809			6
2025.06.17	00:43:22.586	1.35732	1.35812			6
2025.06.17	00:43:22.898	1.35727	1.35809			6
2025.06.17	00:43:26.278	1.35733	1.35812			6
2025.06.17	00:43:27.808	1.35727	1.35809			6
2025.06.17	00:43:29.654	1.35731	1.35812			6
2025.06.17	00:43:32.418		1.35805			4
2025.06.17	00:43:33.026	1.35730				2
2025.06.17	00:43:35.176	1.35727				2
2025.06.17	00:43:46.776	1.35731				2
2025.06.17	00:43:50.766	1.35727				2
2025.06.17	00:43:54.608	1.35731				2
2025.06.17	00:43:55.837	1.35727				2
2025.06.17	00:44:01.406	1.35727				2
2025.06.17	00:44:33.569		1.35805			4
2025.06.17	00:44:44.811	1.35725	1.35800			6
2025.06.17	00:45:00.200	1.35725				2
2025.06.17	00:45:02.047	1.35710				2
2025.06.17	00:45:04.509	1.35725				2
2025.06.17	00:45:09.092	1.35741	1.35784			6
2025.06.17	00:45:15.501	1.35739	1.35781			6
2025.06.17	00:45:23.150	1.35741	1.35784			6
2025.06.17	00:45:23.460	1.35736	1.35779			6
2025.06.17	00:45:31.155	1.35741	1.35782			6
2025.06.17	00:46:00.060	1.35741				2
2025.06.17	00:46:11.757	1.35742				2
2025.06.17	00:46:19.453		1.35784			4
2025.06.17	00:46:20.686	1.35744	1.35787			6
2025.06.17	00:46:24.068	1.35747				2
2025.06.17	00:46:24.374	1.35744				2
2025.06.17	00:46:25.924	1.35749				2
2025.06.17	00:46:26.225	1.35744				2
2025.06.17	00:46:29.914	1.35750				2
2025.06.17	00:46:30.224	1.35744				2
2025.06.17	00:46:31.455	1.35752				2
2025.06.17	00:46:31.758	1.35744				2
2025.06.17	00:46:34.840	1.35751				2
2025.06.17	00:46:36.074	1.35744				2
2025.06.17	00:46:36.691	1.35752				2
2025.06.17	00:46:37.925	1.35744				2
2025.06.17	00:46:39.152	1.35753				2
2025.06.17	00:46:41.292	1.35744				2
2025.06.17	00:46:44.067	1.35755				2
2025.06.17	00:46:44.376	1.35744				2
2025.06.17	00:46:44.994	1.35750				2
2025.06.17	00:46:45.611	1.35744				2
2025.06.17	00:46:48.685	1.35750				2
2025.06.17	00:46:49.917	1.35749				2
2025.06.17	00:46:52.077	1.35744				2
2025.06.17	00:46:58.232	1.35751				2
2025.06.17	00:47:00.081	1.35744				2
2025.06.17	00:47:01.933	1.35738	1.35802			6
2025.06.17	00:47:04.701	1.35744				2
2025.06.17	00:47:06.542	1.35752	1.35805			6
2025.06.17	00:47:08.696	1.35744	1.35802			6
2025.06.17	00:47:09.006	1.35750	1.35805			6
2025.06.17	00:47:09.316	1.35744	1.35802			6
2025.06.17	00:47:10.540	1.35755	1.35805			6
2025.06.17	00:47:10.850	1.35756				2
2025.06.17	00:47:12.090	1.35744	1.35802			6
2025.06.17	00:47:12.393	1.35740	1.35806			6
2025.06.17	00:47:13.319	1.35749	1.35807			6
2025.06.17	00:47:13.623	1.35756	1.35814			6
2025.06.17	00:47:13.931	1.35740	1.35808			6
2025.06.17	00:47:15.780	1.35741	1.35809			6
2025.06.17	00:47:16.085	1.35751	1.35835			6
2025.06.17	00:47:17.006	1.35755	1.35813			6
2025.06.17	00:47:17.928	1.35751	1.35834			6
2025.06.17	00:47:18.234		1.35805			4
2025.06.17	00:47:18.548		1.35834			4
2025.06.17	00:47:18.853		1.35804			4
2025.06.17	00:47:19.161		1.35798			4
2025.06.17	00:47:19.469		1.35797			4
2025.06.17	00:47:21.621		1.35807			4
2025.06.17	00:47:21.928		1.35812			4
2025.06.17	00:47:23.459	1.35755	1.35813			6
2025.06.17	00:47:23.764	1.35751	1.35803			6
2025.06.17	00:47:24.076	1.35754	1.35812			6
2025.06.17	00:47:24.387	1.35751				2
2025.06.17	00:47:24.998		1.35814			4
2025.06.17	00:47:25.613	1.35757				2
2025.06.17	00:47:25.922	1.35751				2
2025.06.17	00:47:26.843	1.35759				2
2025.06.17	00:47:27.151	1.35751				2
2025.06.17	00:47:36.687	1.35759				2
2025.06.17	00:47:36.993	1.35751				2
2025.06.17	00:47:44.379		1.35813			4
2025.06.17	00:47:57.543	1.35759	1.35814			6
2025.06.17	00:47:57.848	1.35751	1.35813			6
2025.06.17	00:48:00.288	1.35751				2
2025.06.17	00:48:05.793	1.35765	1.35814			6
2025.06.17	00:48:06.099		1.35813			4
2025.06.17	00:48:09.152	1.35751				2
2025.06.17	00:48:12.203	1.35765				2
2025.06.17	00:48:12.518	1.35751				2
2025.06.17	00:48:13.432	1.35763				2
2025.06.17	00:48:15.577	1.35751				2
2025.06.17	00:48:15.886		1.35814			4
2025.06.17	00:48:22.305		1.35813			4
2025.06.17	00:48:23.530	1.35755				2
2025.06.17	00:48:23.838	1.35751				2
2025.06.17	00:48:39.834		1.35814			4
2025.06.17	00:48:45.056	1.35763				2
2025.06.17	00:48:45.365	1.35751				2
2025.06.17	00:48:49.365	1.35765				2
2025.06.17	00:48:50.588	1.35766				2
2025.06.17	00:48:53.058	1.35751				2
2025.06.17	00:48:56.440	1.35758				2
2025.06.17	00:48:56.752	1.35751				2
2025.06.17	00:48:58.903		1.35815			4
2025.06.17	00:48:59.215	1.35763	1.35816			6
2025.06.17	00:49:00.137	1.35762				2
2025.06.17	00:49:00.453	1.35751				2
2025.06.17	00:49:04.116	1.35759				2
2025.06.17	00:49:06.242	1.35751	1.35815			6
2025.06.17	00:49:11.778		1.35814			4
2025.06.17	00:49:12.708	1.35759				2
2025.06.17	00:49:13.937	1.35751				2
2025.06.17	00:49:15.474	1.35761				2
2025.06.17	00:49:16.090	1.35751				2
2025.06.17	00:49:18.552	1.35755				2
2025.06.17	00:49:18.859	1.35751				2
2025.06.17	00:49:20.403	1.35763				2
2025.06.17	00:49:20.707	1.35751				2
2025.06.17	00:49:21.632	1.35758				2
2025.06.17	00:49:22.248	1.35751				2
2025.06.17	00:49:23.787	1.35757				2
2025.06.17	00:49:25.320	1.35751				2
2025.06.17	00:49:31.166	1.35763				2
2025.06.17	00:49:33.629	1.35764				2
2025.06.17	00:49:33.934	1.35751				2
2025.06.17	00:49:39.158	1.35765				2
2025.06.17	00:49:40.086	1.35762				2
2025.06.17	00:49:40.391	1.35751				2
2025.06.17	00:49:45.320	1.35764				2
2025.06.17	00:49:45.934	1.35751				2
2025.06.17	00:49:50.857		1.35815			4
2025.06.17	00:49:53.617	1.35765				2
2025.06.17	00:49:54.237	1.35751				2
2025.06.17	00:50:00.088	1.35762				2
2025.06.17	00:50:00.395	1.35751				2
2025.06.17	00:50:03.158	1.35761				2
2025.06.17	00:50:04.083	1.35751	1.35814			6
2025.06.17	00:50:05.923	1.35763				2
2025.06.17	00:50:06.845	1.35751	1.35812			6
2025.06.17	00:50:11.789	1.35761				2
2025.06.17	00:50:19.172	1.35764				2
2025.06.17	00:50:19.483	1.35751				2
2025.06.17	00:50:27.477	1.35757				2
2025.06.17	00:50:28.710	1.35751	1.35809			6
2025.06.17	00:50:29.330		1.35810			4
2025.06.17	00:50:29.639	1.35760				2
2025.06.17	00:50:31.182	1.35751				2
2025.06.17	00:50:32.410		1.35809			4
2025.06.17	00:50:33.335	1.35761				2
2025.06.17	00:50:33.640	1.35751				2
2025.06.17	00:50:33.949		1.35810			4
2025.06.17	00:50:39.173	1.35768				2
2025.06.17	00:50:39.479	1.35769				2
2025.06.17	00:50:40.100	1.35751				2
2025.06.17	00:50:40.406	1.35770				2
2025.06.17	00:50:40.709	1.35751				2
2025.06.17	00:50:41.634		1.35812			4
2025.06.17	00:50:46.874	1.35765	1.35809			6
2025.06.17	00:50:47.181	1.35751				2
2025.06.17	00:51:00.098	1.35751				2
2025.06.17	00:51:03.486		1.35810			4
2025.06.17	00:51:21.029	1.35750				2
2025.06.17	00:51:35.795		1.35814			4
2025.06.17	00:51:36.115		1.35810			4
2025.06.17	00:51:47.783	1.35770				2
2025.06.17	00:51:58.176	1.35750	1.35811			6
2025.06.17	00:52:00.023	1.35750				2
2025.06.17	00:52:01.558	1.35759				2
2025.06.17	00:52:17.234	1.35750				2
2025.06.17	00:52:24.603	1.35765				2
2025.06.17	00:52:26.138	1.35751	1.35814			6
2025.06.17	00:52:27.371		1.35810			4
2025.06.17	00:52:28.913	1.35750				2
2025.06.17	00:52:29.216	1.35755				2
2025.06.17	00:52:30.754	1.35758				2
2025.06.17	00:52:31.363	1.35755				2
2025.06.17	00:52:32.895	1.35766				2
2025.06.17	00:52:33.207	1.35755				2
2025.06.17	00:53:00.291	1.35755				2
2025.06.17	00:53:27.657		1.35810			4
2025.06.17	00:53:29.196	1.35756				2
2025.06.17	00:53:32.567	1.35757				2
2025.06.17	00:53:32.873	1.35755				2
2025.06.17	00:53:33.480	1.35758				2
2025.06.17	00:53:33.788	1.35755				2
2025.06.17	00:53:39.010	1.35758				2
2025.06.17	00:53:41.458	1.35755				2
2025.06.17	00:53:46.682	1.35757				2
2025.06.17	00:53:47.294	1.35758				2
2025.06.17	00:53:51.272	1.35755				2
2025.06.17	00:54:00.187	1.35755				2
2025.06.17	00:54:12.484	1.35757				2
2025.06.17	00:54:27.472		1.35815			4
2025.06.17	00:54:29.936		1.35814			4
2025.06.17	00:54:30.864	1.35755				2
2025.06.17	00:54:37.320		1.35805			4
2025.06.17	00:54:39.786	1.35756	1.35814			6
2025.06.17	00:54:40.093	1.35762				2
2025.06.17	00:54:41.004	1.35756				2
2025.06.17	00:54:41.614	1.35759				2
2025.06.17	00:54:41.920	1.35757				2
2025.06.17	00:54:42.230	1.35761				2
2025.06.17	00:54:42.538	1.35767				2
2025.06.17	00:54:45.580	1.35755				2
2025.06.17	00:54:47.112	1.35768				2
2025.06.17	00:54:48.025	1.35767				2
2025.06.17	00:54:48.338	1.35768				2
2025.06.17	00:54:51.064	1.35765				2
2025.06.17	00:54:51.364	1.35768				2
2025.06.17	00:54:51.669	1.35769				2
2025.06.17	00:54:51.970	1.35762				2
2025.06.17	00:54:52.274	1.35760				2
2025.06.17	00:54:53.182	1.35756				2
2025.06.17	00:54:53.487	1.35760				2
2025.06.17	00:54:54.104	1.35762				2
2025.06.17	00:54:56.253	1.35765				2
2025.06.17	00:55:00.191	1.35765				2
2025.06.17	00:55:01.720	1.35764				2
2025.06.17	00:55:03.547	1.35755	1.35815			6
2025.06.17	00:55:06.931	1.35767				2
2025.06.17	00:55:08.160	1.35764				2
2025.06.17	00:55:08.774	1.35763				2
2025.06.17	00:55:09.075	1.35760				2
2025.06.17	00:55:12.137	1.35761				2
2025.06.17	00:55:12.746	1.35764				2
2025.06.17	00:55:16.397	1.35765				2
2025.06.17	00:55:16.700	1.35766				2
2025.06.17	00:55:25.554	1.35755				2
2025.06.17	00:55:25.865	1.35760				2
2025.06.17	00:55:46.161	1.35755				2
2025.06.17	00:55:46.471	1.35763				2
2025.06.17	00:55:47.393	1.35764				2
2025.06.17	00:55:47.699	1.35755				2
2025.06.17	00:55:54.155	1.35762				2
2025.06.17	00:55:54.469	1.35759				2
2025.06.17	00:56:00.008	1.35759				2
2025.06.17	00:56:03.694		1.35815			4
2025.06.17	00:56:05.228		1.35818			4
2025.06.17	00:56:05.532	1.35760	1.35815			6
2025.06.17	00:56:05.845	1.35762				2
2025.06.17	00:56:06.151	1.35765				2
2025.06.17	00:56:06.765	1.35766				2
2025.06.17	00:56:07.076	1.35767				2
2025.06.17	00:56:07.689	1.35768				2
2025.06.17	00:56:07.994	1.35769				2
2025.06.17	00:56:08.604	1.35767				2
2025.06.17	00:56:08.909	1.35770				2
2025.06.17	00:56:09.829	1.35771				2
2025.06.17	00:56:10.749	1.35755				2
2025.06.17	00:56:11.066	1.35765	1.35816			6
2025.06.17	00:56:11.677	1.35763				2
2025.06.17	00:56:25.492		1.35818			4
2025.06.17	00:56:25.802	1.35756	1.35815			6
2025.06.17	00:56:26.105	1.35767				2
2025.06.17	00:56:27.334	1.35760				2
2025.06.17	00:57:00.206	1.35760				2
2025.06.17	00:57:01.434	1.35755				2
2025.06.17	00:57:02.358	1.35762				2
2025.06.17	00:57:03.589	1.35763				2
2025.06.17	00:57:26.024		1.35815			4
2025.06.17	00:57:37.703	1.35755				2
2025.06.17	00:57:51.547		1.35816			4
2025.06.17	00:57:51.859	1.35764				2
2025.06.17	00:58:00.164	1.35764				2
2025.06.17	00:58:20.127	1.35765				2
2025.06.17	00:58:20.435	1.35764				2
2025.06.17	00:58:21.361		1.35817			4
2025.06.17	00:58:24.125		1.35816			4
2025.06.17	00:58:24.434	1.35763				2
2025.06.17	00:58:25.352	1.35765				2
2025.06.17	00:58:26.274	1.35766				2
2025.06.17	00:58:26.583	1.35756	1.35830			6
2025.06.17	00:58:26.892	1.35755				2
2025.06.17	00:58:27.202		1.35829			4
2025.06.17	00:58:29.345	1.35761				2
2025.06.17	00:58:29.962	1.35755				2
2025.06.17	00:58:31.496		1.35828			4
2025.06.17	00:58:32.420		1.35829			4
2025.06.17	00:58:38.256		1.35830			4
2025.06.17	00:58:39.490		1.35829			4
2025.06.17	00:58:43.486		1.35830			4
2025.06.17	00:59:00.090	1.35755				2
2025.06.17	00:59:00.394	1.35780	1.35835			6
2025.06.17	00:59:01.006		1.35838			4
2025.06.17	00:59:01.629	1.35781				2
2025.06.17	00:59:01.930		1.35839			4
2025.06.17	00:59:14.224	1.35761	1.35836			6
2025.06.17	00:59:14.531	1.35786	1.35830			6
2025.06.17	00:59:15.144		1.35833			4
2025.06.17	00:59:18.219	1.35768	1.35829			6
2025.06.17	00:59:18.522	1.35760				2
2025.06.17	00:59:18.838	1.35758				2
2025.06.17	00:59:19.760	1.35766				2
2025.06.17	00:59:20.370	1.35758				2
2025.06.17	00:59:21.905	1.35757				2
2025.06.17	00:59:23.440	1.35758				2
2025.06.17	00:59:25.281	1.35757				2
2025.06.17	00:59:28.960	1.35772				2
2025.06.17	00:59:29.565	1.35756				2
2025.06.17	00:59:31.091	1.35755				2
2025.06.17	00:59:33.235	1.35774				2
2025.06.17	00:59:33.847	1.35775	1.35833			6
2025.06.17	00:59:34.154	1.35727	1.35822			6
2025.06.17	00:59:34.459	1.35733				2
2025.06.17	00:59:34.765	1.35731	1.35823			6
2025.06.17	00:59:35.066	1.35739				2
2025.06.17	00:59:35.380	1.35734				2
2025.06.17	00:59:35.685	1.35731				2
2025.06.17	00:59:35.997	1.35729				2
2025.06.17	00:59:36.301	1.35728	1.35822			6
2025.06.17	00:59:36.607	1.35726	1.35824			6
2025.06.17	00:59:36.913	1.35720	1.35823			6
2025.06.17	00:59:37.520	1.35719	1.35824			6
2025.06.17	00:59:37.827		1.35822			4
2025.06.17	00:59:38.139	1.35720	1.35823			6
2025.06.17	00:59:39.661	1.35719				2
2025.06.17	00:59:41.184	1.35717				2
2025.06.17	00:59:41.496	1.35715				2
2025.06.17	00:59:41.801	1.35718	1.35822			6
2025.06.17	00:59:42.104	1.35735	1.35823			6
2025.06.17	00:59:42.411	1.35716				2
2025.06.17	00:59:43.030		1.35824			4
2025.06.17	00:59:43.336	1.35725				2
2025.06.17	00:59:43.641	1.35731				2
2025.06.17	00:59:45.493	1.35724				2
2025.06.17	00:59:46.730	1.35728				2
2025.06.17	00:59:48.574	1.35724				2
2025.06.17	00:59:50.724	1.35734				2
2025.06.17	00:59:52.880	1.35724				2
2025.06.17	00:59:53.495	1.35726				2
2025.06.17	00:59:55.642	1.35725				2
2025.06.17	00:59:56.562	1.35724				2
2025.06.17	01:00:00.255	1.35733				2
2025.06.17	01:00:00.564	1.35730				2
2025.06.17	01:00:00.869	1.35732				2
2025.06.17	01:00:01.177	1.35735				2
2025.06.17	01:00:01.492		1.35823			4
2025.06.17	01:00:01.796	1.35728	1.35824			6
2025.06.17	01:00:02.101	1.35762	1.35823			6
2025.06.17	01:00:02.406	1.35715	1.35825			6
2025.06.17	01:00:02.723	1.35711	1.35821			6
2025.06.17	01:00:03.027	1.35712	1.35822			6
2025.06.17	01:00:03.638	1.35772	1.35849			6
2025.06.17	01:00:03.942	1.35768	1.35850			6
2025.06.17	01:00:04.249	1.35707	1.35817			6
2025.06.17	01:00:04.560	1.35769	1.35851			6
2025.06.17	01:00:04.868	1.35707	1.35817			6
2025.06.17	01:00:05.491	1.35708	1.35818			6
2025.06.17	01:00:05.797	1.35707	1.35817			6
2025.06.17	01:00:06.100	1.35706	1.35816			6
2025.06.17	01:00:06.409	1.35756	1.35815			6
2025.06.17	01:00:06.712	1.35708				2
2025.06.17	01:00:07.028	1.35704	1.35814			6
2025.06.17	01:00:07.349	1.35706	1.35815			6
2025.06.17	01:00:07.653	1.35708				2
2025.06.17	01:00:07.974	1.35710				2
2025.06.17	01:00:08.279	1.35714				2
2025.06.17	01:00:08.582	1.35717	1.35814			6
2025.06.17	01:00:08.893	1.35718	1.35796			6
2025.06.17	01:00:09.195		1.35795			4
2025.06.17	01:00:09.497	1.35752				2
2025.06.17	01:00:09.799	1.35714				2
2025.06.17	01:00:10.116	1.35750				2
2025.06.17	01:00:10.420	1.35716				2
2025.06.17	01:00:11.954	1.35718				2
2025.06.17	01:00:12.262	1.35754				2
2025.06.17	01:00:12.570	1.35752				2
2025.06.17	01:00:14.093	1.35718				2
2025.06.17	01:00:15.007	1.35753				2
2025.06.17	01:00:15.314	1.35715				2
2025.06.17	01:00:15.632	1.35717	1.35796			6
2025.06.17	01:00:19.312	1.35752				2
2025.06.17	01:00:21.136	1.35717				2
2025.06.17	01:00:21.453	1.35756				2
2025.06.17	01:00:21.754	1.35717				2
2025.06.17	01:00:22.060	1.35714	1.35795			6
2025.06.17	01:00:22.362	1.35717				2
2025.06.17	01:00:22.978	1.35714				2
2025.06.17	01:00:23.290	1.35743				2
2025.06.17	01:00:23.894	1.35714				2
2025.06.17	01:00:28.488	1.35715				2
2025.06.17	01:00:28.797	1.35716				2
2025.06.17	01:00:29.100	1.35717				2
2025.06.17	01:00:29.401	1.35715				2
2025.06.17	01:00:30.633	1.35747				2
2025.06.17	01:00:31.240	1.35716	1.35805			6
2025.06.17	01:00:31.860	1.35715				2
2025.06.17	01:00:32.168	1.35718				2
2025.06.17	01:00:32.474	1.35717				2
2025.06.17	01:00:32.792	1.35718				2
2025.06.17	01:00:33.098	1.35717				2
2025.06.17	01:00:34.321	1.35746				2
2025.06.17	01:00:34.930	1.35718				2
2025.06.17	01:00:36.455	1.35717				2
2025.06.17	01:00:36.762	1.35749				2
2025.06.17	01:00:37.069	1.35751				2
2025.06.17	01:00:37.377	1.35717				2
2025.06.17	01:00:37.987	1.35745				2
2025.06.17	01:00:38.292	1.35718				2
2025.06.17	01:00:39.825	1.35746				2
2025.06.17	01:00:40.131	1.35717				2
2025.06.17	01:00:41.363	1.35716				2
2025.06.17	01:00:42.282	1.35734	1.35806			6
2025.06.17	01:00:43.809		1.35794			4
2025.06.17	01:00:45.345	1.35763	1.35819			6
2025.06.17	01:00:45.648	1.35758	1.35809			6
2025.06.17	01:00:45.953	1.35760	1.35807			6
2025.06.17	01:00:46.259	1.35759				2
2025.06.17	01:00:46.561	1.35758				2
2025.06.17	01:00:46.869	1.35760				2
2025.06.17	01:00:47.173	1.35757				2
2025.06.17	01:00:47.780	1.35759	1.35806			6
2025.06.17	01:00:48.083	1.35762				2
2025.06.17	01:00:48.386	1.35766	1.35816			6
2025.06.17	01:00:48.693	1.35767				2
2025.06.17	01:00:48.997	1.35764				2
2025.06.17	01:00:49.300	1.35740	1.35825			6
2025.06.17	01:00:50.824	1.35734	1.35815			6
2025.06.17	01:00:51.442	1.35762				2
2025.06.17	01:00:51.743	1.35761				2
2025.06.17	01:00:52.350	1.35767				2
2025.06.17	01:00:52.954	1.35732				2
2025.06.17	01:00:53.258	1.35762				2
2025.06.17	01:00:53.560	1.35763				2
2025.06.17	01:00:53.867	1.35734				2
2025.06.17	01:00:54.174	1.35762				2
2025.06.17	01:00:54.787	1.35736				2
2025.06.17	01:00:55.091	1.35764				2
2025.06.17	01:00:55.701	1.35765				2
2025.06.17	01:00:56.011	1.35770				2
2025.06.17	01:00:56.316	1.35735				2
2025.06.17	01:00:56.924	1.35766				2
2025.06.17	01:00:57.226	1.35767				2
2025.06.17	01:00:57.532	1.35735				2
2025.06.17	01:00:58.759	1.35764				2
2025.06.17	01:00:59.062	1.35769				2
2025.06.17	01:00:59.369	1.35766	1.35825			6
2025.06.17	01:00:59.671	1.35767				2
2025.06.17	01:01:00.285	1.35741				2
2025.06.17	01:01:00.589	1.35766				2
2025.06.17	01:01:00.892	1.35741				2
2025.06.17	01:01:01.195	1.35738				2
2025.06.17	01:01:01.499	1.35737				2
2025.06.17	01:01:02.110	1.35740				2
2025.06.17	01:01:02.413	1.35766				2
2025.06.17	01:01:03.342	1.35739				2
2025.06.17	01:01:03.658	1.35740				2
2025.06.17	01:01:03.964	1.35768				2
2025.06.17	01:01:04.275	1.35739				2
2025.06.17	01:01:04.887	1.35766				2
2025.06.17	01:01:05.194	1.35765				2
2025.06.17	01:01:05.496	1.35741				2
2025.06.17	01:01:05.798	1.35738				2
2025.06.17	01:01:06.104	1.35741	1.35815			6
2025.06.17	01:01:06.405	1.35763				2
2025.06.17	01:01:06.716	1.35767				2
2025.06.17	01:01:07.023	1.35765				2
2025.06.17	01:01:07.333	1.35768				2
2025.06.17	01:01:07.638	1.35764	1.35810			6
2025.06.17	01:01:07.939	1.35765				2
2025.06.17	01:01:08.546	1.35768	1.35809			6
2025.06.17	01:01:08.850	1.35769	1.35797			6
2025.06.17	01:01:09.153		1.35795			4
2025.06.17	01:01:09.767		1.35793			4
2025.06.17	01:01:10.076	1.35767				2
2025.06.17	01:01:10.689	1.35769				2
2025.06.17	01:01:11.004	1.35767				2
2025.06.17	01:01:11.919	1.35768				2
2025.06.17	01:01:12.223	1.35767				2
2025.06.17	01:01:12.526	1.35766				2
2025.06.17	01:01:12.831	1.35767				2
2025.06.17	01:01:14.348	1.35768				2
2025.06.17	01:01:14.651	1.35767				2
2025.06.17	01:01:14.954		1.35791			4
2025.06.17	01:01:15.558	1.35768				2
2025.06.17	01:01:15.865	1.35767				2
2025.06.17	01:01:16.477		1.35794			4
2025.06.17	01:01:17.087	1.35768				2
2025.06.17	01:01:17.699	1.35770				2
2025.06.17	01:01:18.006	1.35771				2
2025.06.17	01:01:18.312	1.35770				2
2025.06.17	01:01:18.926	1.35771				2
2025.06.17	01:01:19.235	1.35768				2
2025.06.17	01:01:19.540	1.35770	1.35811			6
2025.06.17	01:01:19.843	1.35772				2
2025.06.17	01:01:20.148	1.35771				2
2025.06.17	01:01:20.448	1.35770				2
2025.06.17	01:01:20.751	1.35771				2
2025.06.17	01:01:21.365	1.35770				2
2025.06.17	01:01:21.666	1.35771				2
2025.06.17	01:01:21.975	1.35770				2
2025.06.17	01:01:22.596	1.35768				2
2025.06.17	01:01:22.900	1.35770				2
2025.06.17	01:01:23.815	1.35771				2
2025.06.17	01:01:24.117	1.35770				2
2025.06.17	01:01:24.429	1.35773				2
2025.06.17	01:01:24.730	1.35772				2
2025.06.17	01:01:25.034	1.35777				2
2025.06.17	01:01:25.335	1.35776	1.35813			6
2025.06.17	01:01:25.642	1.35773	1.35815			6
2025.06.17	01:01:25.946	1.35772	1.35795			6
2025.06.17	01:01:26.250		1.35797			4
2025.06.17	01:01:26.557	1.35774	1.35815			6
2025.06.17	01:01:26.859	1.35772				2
2025.06.17	01:01:27.160	1.35770				2
2025.06.17	01:01:27.464	1.35773				2
2025.06.17	01:01:27.765	1.35775	1.35793			6
2025.06.17	01:01:28.069		1.35815			4
2025.06.17	01:01:28.986	1.35774				2
2025.06.17	01:01:29.294	1.35775				2
2025.06.17	01:01:30.511	1.35768	1.35805			6
2025.06.17	01:01:30.817	1.35767	1.35801			6
2025.06.17	01:01:31.117	1.35768	1.35805			6
2025.06.17	01:01:31.424	1.35762	1.35797			6
2025.06.17	01:01:31.726	1.35770	1.35805			6
2025.06.17	01:01:32.032	1.35767				2
2025.06.17	01:01:32.339	1.35769				2
2025.06.17	01:01:32.947	1.35768				2
2025.06.17	01:01:33.256	1.35766				2
2025.06.17	01:01:33.561	1.35767				2
2025.06.17	01:01:34.170	1.35768				2
2025.06.17	01:01:34.472	1.35761	1.35796			6
2025.06.17	01:01:34.776	1.35768	1.35799			6
2025.06.17	01:01:35.081	1.35767				2
2025.06.17	01:01:35.383	1.35768	1.35805			6
2025.06.17	01:01:35.686	1.35765				2
2025.06.17	01:01:35.989	1.35762				2
2025.06.17	01:01:36.295	1.35765				2
2025.06.17	01:01:36.596	1.35760				2
2025.06.17	01:01:36.910	1.35762				2
2025.06.17	01:01:37.218	1.35763				2
2025.06.17	01:01:37.524	1.35760				2
2025.06.17	01:01:37.835	1.35762				2
2025.06.17	01:01:38.140	1.35760				2
2025.06.17	01:01:38.445	1.35766				2
2025.06.17	01:01:38.755	1.35764				2
2025.06.17	01:01:39.979	1.35762				2
2025.06.17	01:01:40.281	1.35763				2
2025.06.17	01:01:40.582	1.35764				2
2025.06.17	01:01:40.887	1.35761				2
2025.06.17	01:01:41.495	1.35763	1.35800			6
2025.06.17	01:01:41.801	1.35760				2
2025.06.17	01:01:42.104	1.35756				2
2025.06.17	01:01:42.408	1.35758				2
2025.06.17	01:01:43.016	1.35761				2
2025.06.17	01:01:43.323	1.35762				2
2025.06.17	01:01:43.634	1.35763				2
2025.06.17	01:01:44.243	1.35764				2
2025.06.17	01:01:45.154	1.35763				2
2025.06.17	01:01:45.460	1.35762				2
2025.06.17	01:01:46.067	1.35725				2
2025.06.17	01:01:46.681	1.35760				2
2025.06.17	01:01:46.983	1.35759				2
2025.06.17	01:01:47.291	1.35763				2
2025.06.17	01:01:47.595	1.35762				2
2025.06.17	01:01:47.903	1.35763				2
2025.06.17	01:01:48.508	1.35761				2
2025.06.17	01:01:48.809	1.35760				2
2025.06.17	01:01:49.419	1.35759				2
2025.06.17	01:01:49.722	1.35760				2
2025.06.17	01:01:50.630	1.35770	1.35815			6
2025.06.17	01:01:51.254	1.35769				2
2025.06.17	01:01:51.556	1.35767				2
2025.06.17	01:01:52.477	1.35766				2
2025.06.17	01:01:52.788	1.35768				2
2025.06.17	01:01:53.093	1.35769				2
2025.06.17	01:01:53.399	1.35741				2
2025.06.17	01:01:53.707	1.35773				2
2025.06.17	01:01:54.020	1.35774				2
2025.06.17	01:01:54.323	1.35773				2
2025.06.17	01:01:54.627	1.35772				2
2025.06.17	01:01:55.536	1.35771				2
2025.06.17	01:01:55.838	1.35773				2
2025.06.17	01:01:56.142	1.35774				2
2025.06.17	01:01:56.443	1.35772				2
2025.06.17	01:01:56.748	1.35768				2
2025.06.17	01:01:57.054	1.35772				2
2025.06.17	01:01:57.362	1.35770				2
2025.06.17	01:01:57.664	1.35767				2
2025.06.17	01:01:57.968	1.35768				2
2025.06.17	01:01:58.278	1.35767				2
2025.06.17	01:01:58.584	1.35766	1.35813			6
2025.06.17	01:01:59.196	1.35767	1.35815			6
2025.06.17	01:01:59.497	1.35770				2
2025.06.17	01:02:00.104	1.35770				2
2025.06.17	01:02:00.408	1.35773	1.35809			6
2025.06.17	01:02:01.017	1.35769				2
2025.06.17	01:02:01.320	1.35771				2
2025.06.17	01:02:01.621	1.35770				2
2025.06.17	01:02:01.935	1.35772				2
2025.06.17	01:02:02.239	1.35773				2
2025.06.17	01:02:02.849	1.35772				2
2025.06.17	01:02:03.151	1.35769				2
2025.06.17	01:02:03.456	1.35767				2
2025.06.17	01:02:04.065	1.35768				2
2025.06.17	01:02:05.287	1.35765				2
2025.06.17	01:02:05.590	1.35768				2
2025.06.17	01:02:05.897	1.35769				2
2025.06.17	01:02:06.201	1.35770				2
2025.06.17	01:02:06.507	1.35772				2
2025.06.17	01:02:07.133	1.35769				2
2025.06.17	01:02:07.435	1.35770				2
2025.06.17	01:02:07.739	1.35771				2
2025.06.17	01:02:08.043	1.35772				2
2025.06.17	01:02:08.346	1.35763				2
2025.06.17	01:02:08.648	1.35773				2
2025.06.17	01:02:08.959	1.35771				2
2025.06.17	01:02:09.265	1.35769				2
2025.06.17	01:02:09.571	1.35768				2
2025.06.17	01:02:09.881	1.35763				2
2025.06.17	01:02:10.183	1.35770				2
2025.06.17	01:02:10.793	1.35767				2
2025.06.17	01:02:11.095	1.35769				2
2025.06.17	01:02:11.397	1.35771				2
2025.06.17	01:02:11.706	1.35767				2
2025.06.17	01:02:12.319	1.35768				2
2025.06.17	01:02:12.935	1.35770				2
2025.06.17	01:02:13.242	1.35773				2
2025.06.17	01:02:13.547	1.35772				2
2025.06.17	01:02:15.073	1.35769				2
2025.06.17	01:02:15.681	1.35770				2
2025.06.17	01:02:15.985	1.35773				2
2025.06.17	01:02:16.891	1.35772				2
2025.06.17	01:02:17.195	1.35771				2
2025.06.17	01:02:17.499	1.35773				2
2025.06.17	01:02:17.801	1.35775				2
2025.06.17	01:02:18.111	1.35779				2
2025.06.17	01:02:18.412	1.35785	1.35790			6
2025.06.17	01:02:18.713	1.35772	1.35809			6
2025.06.17	01:02:19.325	1.35771				2
2025.06.17	01:02:19.634	1.35773				2
2025.06.17	01:02:19.945	1.35787	1.35792			6
2025.06.17	01:02:21.175	1.35788	1.35793			6
2025.06.17	01:02:21.477	1.35773	1.35809			6
2025.06.17	01:02:21.781	1.35788	1.35793			6
2025.06.17	01:02:22.082	1.35772	1.35809			6
2025.06.17	01:02:22.388	1.35771	1.35808			6
2025.06.17	01:02:23.299	1.35769				2
2025.06.17	01:02:23.602	1.35770	1.35809			6
2025.06.17	01:02:23.905	1.35773				2
2025.06.17	01:02:24.208	1.35765	1.35804			6
2025.06.17	01:02:24.511	1.35756	1.35809			6
2025.06.17	01:02:24.818	1.35762				2
2025.06.17	01:02:25.125	1.35767	1.35808			6
2025.06.17	01:02:25.426	1.35774	1.35809			6
2025.06.17	01:02:25.734	1.35773				2
2025.06.17	01:02:26.041	1.35770	1.35807			6
2025.06.17	01:02:26.347	1.35768	1.35805			6
2025.06.17	01:02:26.655	1.35784	1.35789			6
2025.06.17	01:02:26.963	1.35772	1.35809			6
2025.06.17	01:02:27.268	1.35771	1.35808			6
2025.06.17	01:02:27.577	1.35787	1.35792			6
2025.06.17	01:02:27.883	1.35772	1.35809			6
2025.06.17	01:02:28.191	1.35770	1.35808			6
2025.06.17	01:02:28.494	1.35786	1.35791			6
2025.06.17	01:02:28.797	1.35787	1.35792			6
2025.06.17	01:02:29.099	1.35786	1.35791			6
2025.06.17	01:02:29.406	1.35772	1.35809			6
2025.06.17	01:02:30.011	1.35771				2
2025.06.17	01:02:30.313		1.35808			4
2025.06.17	01:02:30.618		1.35809			4
2025.06.17	01:02:31.828	1.35786	1.35791			6
2025.06.17	01:02:32.128	1.35785	1.35790			6
2025.06.17	01:02:32.433	1.35770	1.35808			6
2025.06.17	01:02:32.737	1.35789	1.35794			6
2025.06.17	01:02:33.041	1.35788	1.35793			6
2025.06.17	01:02:33.344	1.35779	1.35822			6
2025.06.17	01:02:33.659	1.35790	1.35795			6
2025.06.17	01:02:33.963	1.35774	1.35814			6
2025.06.17	01:02:34.266	1.35771	1.35809			6
2025.06.17	01:02:34.567	1.35772				2
2025.06.17	01:02:34.872	1.35779	1.35818			6
2025.06.17	01:02:35.175	1.35775				2
2025.06.17	01:02:35.484	1.35772	1.35810			6
2025.06.17	01:02:35.789	1.35770	1.35808			6
2025.06.17	01:02:36.094	1.35777	1.35821			6
2025.06.17	01:02:36.395	1.35787	1.35792			6
2025.06.17	01:02:36.697	1.35764	1.35823			6
2025.06.17	01:02:37.000	1.35774	1.35812			6
2025.06.17	01:02:37.302	1.35777	1.35826			6
2025.06.17	01:02:37.605	1.35779	1.35823			6
2025.06.17	01:02:37.911	1.35775	1.35815			6
2025.06.17	01:02:38.216	1.35789	1.35794			6
2025.06.17	01:02:38.521	1.35765	1.35824			6
2025.06.17	01:02:38.822	1.35766	1.35818			6
2025.06.17	01:02:39.125	1.35769	1.35820			6
2025.06.17	01:02:39.430	1.35775				2
2025.06.17	01:02:39.734	1.35768	1.35819			6
2025.06.17	01:02:40.036	1.35771				2
2025.06.17	01:02:40.340	1.35786	1.35791			6
2025.06.17	01:02:40.645	1.35772	1.35820			6
2025.06.17	01:02:40.947	1.35786	1.35791			6
2025.06.17	01:02:41.254	1.35774	1.35819			6
2025.06.17	01:02:41.564	1.35763	1.35824			6
2025.06.17	01:02:41.872	1.35770	1.35822			6
2025.06.17	01:02:42.177	1.35775	1.35821			6
2025.06.17	01:02:42.480	1.35768	1.35810			6
2025.06.17	01:02:43.092	1.35772	1.35821			6
2025.06.17	01:02:43.398	1.35785	1.35790			6
2025.06.17	01:02:43.706	1.35772	1.35811			6
2025.06.17	01:02:44.012	1.35779	1.35818			6
2025.06.17	01:02:44.318	1.35760	1.35821			6
2025.06.17	01:02:44.621	1.35770	1.35818			6
2025.06.17	01:02:44.922	1.35778	1.35824			6
2025.06.17	01:02:45.224	1.35765				2
2025.06.17	01:02:45.525		1.35823			4
2025.06.17	01:02:45.826	1.35764	1.35817			6
2025.06.17	01:02:46.134	1.35787	1.35792			6
2025.06.17	01:02:46.440	1.35772	1.35810			6
2025.06.17	01:02:46.745	1.35788	1.35793			6
2025.06.17	01:02:47.046	1.35776	1.35815			6
2025.06.17	01:02:47.355	1.35774	1.35814			6
2025.06.17	01:02:47.971	1.35760	1.35824			6
2025.06.17	01:02:48.276	1.35772	1.35812			6
2025.06.17	01:02:48.578	1.35769	1.35818			6
2025.06.17	01:02:48.880	1.35797	1.35802			6
2025.06.17	01:02:49.187	1.35793	1.35798			6
2025.06.17	01:02:49.792	1.35773	1.35813			6
2025.06.17	01:02:50.097	1.35772	1.35811			6
2025.06.17	01:02:50.397	1.35771				2
2025.06.17	01:02:50.703	1.35769	1.35809			6
2025.06.17	01:02:51.008	1.35774	1.35822			6
2025.06.17	01:02:51.312	1.35764				2
2025.06.17	01:02:51.613		1.35819			4
2025.06.17	01:02:51.917		1.35822			4
2025.06.17	01:02:52.222	1.35766				2
2025.06.17	01:02:52.527	1.35765	1.35820			6
2025.06.17	01:02:52.843	1.35771	1.35810			6
2025.06.17	01:02:53.144	1.35770	1.35822			6
2025.06.17	01:02:53.445		1.35812			4
2025.06.17	01:02:53.755	1.35760	1.35821			6
2025.06.17	01:02:54.057	1.35763	1.35819			6
2025.06.17	01:02:54.363	1.35754	1.35821			6
2025.06.17	01:02:54.669	1.35755	1.35802			6
2025.06.17	01:02:54.975	1.35758	1.35800			6
2025.06.17	01:02:55.280	1.35767				2
2025.06.17	01:02:55.595	1.35760				2
2025.06.17	01:02:56.202	1.35759				2
2025.06.17	01:02:56.511	1.35760				2
2025.06.17	01:02:57.436	1.35759				2
2025.06.17	01:02:58.345	1.35758				2
2025.06.17	01:02:58.651	1.35764				2
2025.06.17	01:02:59.266	1.35765				2
2025.06.17	01:02:59.573	1.35763				2
2025.06.17	01:02:59.880	1.35761				2
2025.06.17	01:03:00.185	1.35761				2
2025.06.17	01:03:00.492	1.35756	1.35819			6
2025.06.17	01:03:00.794	1.35757	1.35814			6
2025.06.17	01:03:01.103	1.35761	1.35810			6
2025.06.17	01:03:01.406	1.35750	1.35788			6
2025.06.17	01:03:01.714		1.35812			4
2025.06.17	01:03:02.018	1.35751	1.35807			6
2025.06.17	01:03:02.323	1.35748	1.35813			6
2025.06.17	01:03:02.626	1.35751	1.35787			6
2025.06.17	01:03:03.235	1.35750				2
2025.06.17	01:03:03.854	1.35751				2
2025.06.17	01:03:04.160	1.35750				2
2025.06.17	01:03:04.461	1.35744	1.35782			6
2025.06.17	01:03:04.769	1.35746				2
2025.06.17	01:03:05.378	1.35748				2
2025.06.17	01:03:05.680	1.35749				2
2025.06.17	01:03:05.997	1.35748				2
2025.06.17	01:03:06.302	1.35741				2
2025.06.17	01:03:06.912	1.35742				2
2025.06.17	01:03:07.224	1.35741				2
2025.06.17	01:03:07.532	1.35744				2
2025.06.17	01:03:08.750		1.35787			4
2025.06.17	01:03:09.052	1.35742	1.35808			6
2025.06.17	01:03:09.360	1.35750	1.35782			6
2025.06.17	01:03:09.663	1.35743				2
2025.06.17	01:03:09.980	1.35745				2
2025.06.17	01:03:10.286	1.35740	1.35800			6
2025.06.17	01:03:10.600	1.35747	1.35782			6
2025.06.17	01:03:11.208	1.35744	1.35802			6
2025.06.17	01:03:11.517	1.35751	1.35795			6
2025.06.17	01:03:11.822	1.35739	1.35807			6
2025.06.17	01:03:12.126	1.35749	1.35798			6
2025.06.17	01:03:12.441		1.35782			4
2025.06.17	01:03:13.062	1.35754				2
2025.06.17	01:03:13.369	1.35747				2
2025.06.17	01:03:13.672	1.35742				2
2025.06.17	01:03:13.981	1.35746				2
2025.06.17	01:03:14.288	1.35742				2
2025.06.17	01:03:14.604	1.35743				2
2025.06.17	01:03:15.219	1.35747				2
2025.06.17	01:03:15.529	1.35744				2
2025.06.17	01:03:15.837	1.35746				2
2025.06.17	01:03:16.142	1.35742				2
2025.06.17	01:03:16.457	1.35743				2
2025.06.17	01:03:17.070	1.35744				2
2025.06.17	01:03:17.692	1.35745				2
2025.06.17	01:03:19.229	1.35742				2
2025.06.17	01:03:19.836	1.35743				2
2025.06.17	01:03:20.143	1.35740				2
2025.06.17	01:03:20.448	1.35743				2
2025.06.17	01:03:20.764	1.35744				2
2025.06.17	01:03:21.072	1.35743				2
2025.06.17	01:03:21.381	1.35752				2
2025.06.17	01:03:21.686	1.35748				2
2025.06.17	01:03:21.989	1.35750				2
2025.06.17	01:03:22.610	1.35753				2
2025.06.17	01:03:23.227	1.35769	1.35774			6
2025.06.17	01:03:23.837	1.35749	1.35782			6
2025.06.17	01:03:24.144	1.35752				2
2025.06.17	01:03:24.449	1.35749				2
2025.06.17	01:03:24.760	1.35748				2
2025.06.17	01:03:25.068	1.35752				2
2025.06.17	01:03:25.373	1.35754				2
2025.06.17	01:03:25.680	1.35759				2
2025.06.17	01:03:25.986	1.35752	1.35785			6
2025.06.17	01:03:26.290	1.35754	1.35789			6
2025.06.17	01:03:26.602	1.35753	1.35791			6
2025.06.17	01:03:26.905	1.35761				2
2025.06.17	01:03:27.206	1.35758				2
2025.06.17	01:03:27.509	1.35759	1.35790			6
2025.06.17	01:03:27.814	1.35758				2
2025.06.17	01:03:28.429	1.35751	1.35789			6
2025.06.17	01:03:28.744	1.35757				2
2025.06.17	01:03:29.045	1.35772	1.35777			6
2025.06.17	01:03:29.345	1.35760	1.35789			6
2025.06.17	01:03:29.649	1.35759	1.35803			6
2025.06.17	01:03:29.955	1.35758	1.35800			6
2025.06.17	01:03:30.262		1.35798			4
2025.06.17	01:03:30.569	1.35756	1.35791			6
2025.06.17	01:03:31.184	1.35755				2
2025.06.17	01:03:32.098	1.35757				2
2025.06.17	01:03:32.701	1.35755				2
2025.06.17	01:03:33.005	1.35756				2
2025.06.17	01:03:33.307	1.35758				2
2025.06.17	01:03:33.610	1.35754				2
2025.06.17	01:03:34.220	1.35760				2
2025.06.17	01:03:34.533	1.35761				2
2025.06.17	01:03:34.842	1.35756				2
2025.06.17	01:03:35.449	1.35757				2
2025.06.17	01:03:35.750	1.35758				2
2025.06.17	01:03:36.050	1.35773	1.35778			6
2025.06.17	01:03:36.357	1.35757	1.35791			6
2025.06.17	01:03:37.265	1.35756				2
2025.06.17	01:03:37.572	1.35758				2
2025.06.17	01:03:37.878	1.35759				2
2025.06.17	01:03:38.186	1.35757				2
2025.06.17	01:03:38.487	1.35753				2
2025.06.17	01:03:38.791	1.35750				2
2025.06.17	01:03:39.108	1.35754				2
2025.06.17	01:03:39.414	1.35750				2
2025.06.17	01:03:39.721	1.35751				2
2025.06.17	01:03:40.331	1.35757				2
2025.06.17	01:03:40.641	1.35758				2
2025.06.17	01:03:40.949		1.35801			4
2025.06.17	01:03:41.256		1.35791			4
2025.06.17	01:03:42.166	1.35754				2
2025.06.17	01:03:42.474	1.35761	1.35790			6
2025.06.17	01:03:42.778	1.35753	1.35791			6
2025.06.17	01:03:43.088	1.35756				2
2025.06.17	01:03:43.391	1.35757				2
2025.06.17	01:03:43.692	1.35755				2
2025.06.17	01:03:44.307	1.35754				2
2025.06.17	01:03:44.612		1.35788			4
2025.06.17	01:03:44.914	1.35755				2
2025.06.17	01:03:45.221	1.35756				2
2025.06.17	01:03:45.529	1.35764	1.35791			6
2025.06.17	01:03:45.831	1.35762	1.35792			6
2025.06.17	01:03:46.139	1.35759	1.35791			6
2025.06.17	01:03:46.751	1.35756	1.35789			6
2025.06.17	01:03:47.364	1.35754				2
2025.06.17	01:03:48.277	1.35758				2
2025.06.17	01:03:48.582	1.35756	1.35790			6
2025.06.17	01:03:48.885	1.35758				2
2025.06.17	01:03:49.190	1.35760				2
2025.06.17	01:03:49.498	1.35755	1.35788			6
2025.06.17	01:03:49.812	1.35758	1.35794			6
2025.06.17	01:03:50.120	1.35773	1.35778			6
2025.06.17	01:03:50.424	1.35756	1.35784			6
2025.06.17	01:03:50.732	1.35743	1.35788			6
2025.06.17	01:03:51.041	1.35757				2
2025.06.17	01:03:51.958	1.35756				2
2025.06.17	01:03:52.259	1.35755				2
2025.06.17	01:03:52.561	1.35754				2
2025.06.17	01:03:52.862	1.35755	1.35786			6
2025.06.17	01:03:53.167	1.35756				2
2025.06.17	01:03:53.471	1.35755				2
2025.06.17	01:03:54.086	1.35757				2
2025.06.17	01:03:54.396	1.35760				2
2025.06.17	01:03:54.704	1.35759				2
2025.06.17	01:03:55.308	1.35749	1.35789			6
2025.06.17	01:03:55.613	1.35750				2
2025.06.17	01:03:55.920	1.35760	1.35783			6
2025.06.17	01:03:56.221	1.35751	1.35787			6
2025.06.17	01:03:56.525	1.35756				2
2025.06.17	01:03:56.829	1.35759				2
2025.06.17	01:03:57.132	1.35757	1.35796			6
2025.06.17	01:03:57.439	1.35762	1.35797			6
2025.06.17	01:03:57.754	1.35758	1.35789			6
2025.06.17	01:03:58.061	1.35748				2
2025.06.17	01:03:58.366	1.35753				2
2025.06.17	01:03:58.686	1.35757				2
2025.06.17	01:03:59.304	1.35751	1.35788			6
2025.06.17	01:03:59.612	1.35755				2
2025.06.17	01:03:59.918	1.35761	1.35797			6
2025.06.17	01:04:00.220	1.35762	1.35779			6
2025.06.17	01:04:00.522	1.35752	1.35783			6
2025.06.17	01:04:00.826	1.35773	1.35778			6
2025.06.17	01:04:01.131	1.35758	1.35783			6
2025.06.17	01:04:01.444	1.35750				2
2025.06.17	01:04:01.754	1.35748				2
2025.06.17	01:04:02.361	1.35750				2
2025.06.17	01:04:02.662	1.35753				2
2025.06.17	01:04:02.969	1.35754				2
2025.06.17	01:04:03.277	1.35748				2
2025.06.17	01:04:03.899	1.35750				2
2025.06.17	01:04:04.201	1.35752				2
2025.06.17	01:04:04.506	1.35757				2
2025.06.17	01:04:04.812	1.35761	1.35782			6
2025.06.17	01:04:05.426	1.35762				2
2025.06.17	01:04:05.730	1.35757				2
2025.06.17	01:04:06.036	1.35761				2
2025.06.17	01:04:06.342	1.35759				2
2025.06.17	01:04:06.645	1.35758	1.35794			6
2025.06.17	01:04:08.179	1.35759				2
2025.06.17	01:04:10.022	1.35760				2
2025.06.17	01:04:10.333	1.35759				2
2025.06.17	01:04:10.639	1.35774	1.35779			6
2025.06.17	01:04:11.248	1.35773	1.35778			6
2025.06.17	01:04:11.553	1.35771	1.35776			6
2025.06.17	01:04:12.168	1.35773	1.35778			6
2025.06.17	01:04:12.472	1.35756	1.35794			6
2025.06.17	01:04:13.393	1.35755				2
2025.06.17	01:04:13.697	1.35772	1.35777			6
2025.06.17	01:04:14.009	1.35773	1.35778			6
2025.06.17	01:04:15.522	1.35757	1.35794			6
2025.06.17	01:04:15.827	1.35773	1.35778			6
2025.06.17	01:04:16.129	1.35759	1.35794			6
2025.06.17	01:04:16.437	1.35758				2
2025.06.17	01:04:16.742	1.35773	1.35778			6
2025.06.17	01:04:17.048	1.35774	1.35779			6
2025.06.17	01:04:17.352	1.35773	1.35778			6
2025.06.17	01:04:18.271	1.35772	1.35777			6
2025.06.17	01:04:18.886	1.35774	1.35779			6
2025.06.17	01:04:19.196	1.35757	1.35794			6
2025.06.17	01:04:19.505	1.35774	1.35779			6
2025.06.17	01:04:19.811	1.35773	1.35778			6
2025.06.17	01:04:20.113	1.35774	1.35779			6
2025.06.17	01:04:20.414	1.35773	1.35778			6
2025.06.17	01:04:22.858	1.35772	1.35777			6
2025.06.17	01:04:23.159	1.35774	1.35779			6
2025.06.17	01:04:23.462	1.35773	1.35778			6
2025.06.17	01:04:23.765	1.35774	1.35779			6
2025.06.17	01:04:24.678	1.35773	1.35778			6
2025.06.17	01:04:24.979	1.35776	1.35781			6
2025.06.17	01:04:25.283	1.35774	1.35779			6
2025.06.17	01:04:25.585	1.35773	1.35778			6
2025.06.17	01:04:26.192	1.35774	1.35779			6
2025.06.17	01:04:26.496	1.35775	1.35780			6
2025.06.17	01:04:26.800	1.35776	1.35781			6
2025.06.17	01:04:27.103	1.35777	1.35782			6
2025.06.17	01:04:27.405	1.35775	1.35780			6
2025.06.17	01:04:27.713	1.35776	1.35781			6
2025.06.17	01:04:28.316	1.35775	1.35780			6
2025.06.17	01:04:29.232	1.35776	1.35781			6
2025.06.17	01:04:29.538	1.35775	1.35780			6
2025.06.17	01:04:30.458	1.35777	1.35782			6
2025.06.17	01:04:30.761	1.35775	1.35780			6
2025.06.17	01:04:31.065	1.35774	1.35779			6
2025.06.17	01:04:31.374	1.35776	1.35781			6
2025.06.17	01:04:31.994	1.35775	1.35780			6
2025.06.17	01:04:32.297	1.35781	1.35786			6
2025.06.17	01:04:32.600	1.35779	1.35784			6
2025.06.17	01:04:32.903	1.35775	1.35780			6
2025.06.17	01:04:33.510	1.35776	1.35781			6
2025.06.17	01:04:33.811	1.35777	1.35782			6
2025.06.17	01:04:34.729	1.35776	1.35781			6
2025.06.17	01:04:35.651	1.35775	1.35780			6
2025.06.17	01:04:35.954	1.35776	1.35781			6
2025.06.17	01:04:36.256	1.35774	1.35779			6
2025.06.17	01:04:37.169	1.35773	1.35778			6
2025.06.17	01:04:37.474	1.35775	1.35780			6
2025.06.17	01:04:38.391	1.35774	1.35779			6
2025.06.17	01:04:38.701	1.35776	1.35781			6
2025.06.17	01:04:40.539	1.35777	1.35782			6
2025.06.17	01:04:40.846	1.35775	1.35780			6
2025.06.17	01:04:41.765	1.35776	1.35781			6
2025.06.17	01:04:42.688	1.35775	1.35780			6
2025.06.17	01:04:42.993	1.35776	1.35781			6
2025.06.17	01:04:43.303	1.35775	1.35780			6
2025.06.17	01:04:43.604	1.35776	1.35781			6
2025.06.17	01:04:44.217	1.35777	1.35782			6
2025.06.17	01:04:44.525	1.35776	1.35781			6
2025.06.17	01:04:45.756	1.35775	1.35780			6
2025.06.17	01:04:46.666	1.35776	1.35781			6
2025.06.17	01:04:47.288	1.35777	1.35782			6
2025.06.17	01:04:47.896	1.35775	1.35780			6
2025.06.17	01:04:48.201	1.35776	1.35779			6
2025.06.17	01:04:48.504	1.35775				2
2025.06.17	01:04:48.806		1.35780			4
2025.06.17	01:04:49.419	1.35776	1.35781			6
2025.06.17	01:04:50.034		1.35780			4
2025.06.17	01:04:50.339	1.35775				2
2025.06.17	01:04:50.644	1.35776	1.35781			6
2025.06.17	01:04:50.948	1.35774	1.35779			6
2025.06.17	01:04:51.260	1.35776				2
2025.06.17	01:04:51.567	1.35775	1.35780			6
2025.06.17	01:04:51.873	1.35776	1.35781			6
2025.06.17	01:04:52.181	1.35777				2
2025.06.17	01:04:52.483	1.35776				2
2025.06.17	01:04:53.395	1.35775	1.35780			6
2025.06.17	01:04:54.299	1.35776	1.35781			6
2025.06.17	01:04:54.904	1.35775	1.35780			6
2025.06.17	01:04:55.512	1.35776	1.35781			6
2025.06.17	01:04:55.817	1.35780				2
2025.06.17	01:04:56.119	1.35776				2
2025.06.17	01:04:57.642	1.35775	1.35780			6
2025.06.17	01:04:57.944	1.35776	1.35781			6
2025.06.17	01:05:00.105	1.35775	1.35780			6
2025.06.17	01:05:00.411	1.35777	1.35782			6
2025.06.17	01:05:00.713	1.35776	1.35781			6
2025.06.17	01:05:01.018	1.35775	1.35780			6
2025.06.17	01:05:01.624	1.35777	1.35782			6
2025.06.17	01:05:02.234	1.35778	1.35783			6
2025.06.17	01:05:02.545	1.35776	1.35781			6
2025.06.17	01:05:02.847	1.35778	1.35783			6
2025.06.17	01:05:03.150	1.35777	1.35782			6
2025.06.17	01:05:05.572	1.35776	1.35781			6
2025.06.17	01:05:07.732	1.35777	1.35782			6
2025.06.17	01:05:09.269	1.35778				2
2025.06.17	01:05:09.578	1.35746	1.35781			6
2025.06.17	01:05:09.882	1.35749				2
2025.06.17	01:05:10.186	1.35748				2
2025.06.17	01:05:10.500	1.35747				2
2025.06.17	01:05:10.804	1.35752				2
2025.06.17	01:05:11.108	1.35753				2
2025.06.17	01:05:11.413	1.35746				2
2025.06.17	01:05:11.717	1.35747				2
2025.06.17	01:05:12.021	1.35751	1.35779			6
2025.06.17	01:05:12.322	1.35750	1.35777			6
2025.06.17	01:05:12.636	1.35749	1.35778			6
2025.06.17	01:05:12.946		1.35779			4
2025.06.17	01:05:13.247	1.35747	1.35775			6
2025.06.17	01:05:13.553	1.35751	1.35781			6
2025.06.17	01:05:13.854	1.35748	1.35796			6
2025.06.17	01:05:14.161	1.35773	1.35778			6
2025.06.17	01:05:14.463	1.35772	1.35777			6
2025.06.17	01:05:16.912	1.35773	1.35778			6
2025.06.17	01:05:17.827	1.35746	1.35789			6
2025.06.17	01:05:18.134	1.35751				2
2025.06.17	01:05:18.438	1.35748	1.35788			6
2025.06.17	01:05:18.738	1.35754				2
2025.06.17	01:05:19.043	1.35748				2
2025.06.17	01:05:19.346	1.35747	1.35791			6
2025.06.17	01:05:19.667		1.35788			4
2025.06.17	01:05:19.974	1.35754				2
2025.06.17	01:05:20.276	1.35748				2
2025.06.17	01:05:20.580	1.35752	1.35787			6
2025.06.17	01:05:21.189	1.35754	1.35788			6
2025.06.17	01:05:21.502	1.35750				2
2025.06.17	01:05:21.805	1.35739	1.35797			6
2025.06.17	01:05:22.113	1.35760				2
2025.06.17	01:05:22.417	1.35774	1.35779			6
2025.06.17	01:05:23.032	1.35758	1.35789			6
2025.06.17	01:05:23.336	1.35756	1.35776			6
2025.06.17	01:05:23.641	1.35750	1.35774			6
2025.06.17	01:05:23.945		1.35775			4
2025.06.17	01:05:24.566	1.35751	1.35773			6
2025.06.17	01:05:24.869	1.35754	1.35774			6
2025.06.17	01:05:25.182	1.35750				2
2025.06.17	01:05:25.484	1.35751	1.35775			6
2025.06.17	01:05:25.788	1.35755				2
2025.06.17	01:05:26.404	1.35751	1.35776			6
2025.06.17	01:05:26.707		1.35775			4
2025.06.17	01:05:27.016	1.35750				2
2025.06.17	01:05:27.331	1.35751				2
2025.06.17	01:05:29.775		1.35774			4
2025.06.17	01:05:30.081	1.35752	1.35775			6
2025.06.17	01:05:30.386	1.35755				2
2025.06.17	01:05:31.616	1.35756				2
2025.06.17	01:05:34.368	1.35747	1.35784			6
2025.06.17	01:05:34.682	1.35743	1.35780			6
2025.06.17	01:05:34.989	1.35750				2
2025.06.17	01:05:35.596	1.35751				2
2025.06.17	01:05:36.820		1.35756			4
2025.06.17	01:05:37.124	1.35761	1.35762			6
2025.06.17	01:05:40.169	1.35760	1.35761			6
2025.06.17	01:05:40.472	1.35749	1.35759			6
2025.06.17	01:05:41.697		1.35758			4
2025.06.17	01:05:42.013		1.35760			4
2025.06.17	01:05:43.230		1.35759			4
2025.06.17	01:05:46.606	1.35757	1.35758			6
2025.06.17	01:05:46.910	1.35756	1.35757			6
2025.06.17	01:05:48.433	1.35755	1.35756			6
2025.06.17	01:05:56.698	1.35754	1.35755			6
2025.06.17	01:05:57.004	1.35753	1.35754			6
2025.06.17	01:06:00.072	1.35753				2
2025.06.17	01:06:02.819	1.35752	1.35753			6
2025.06.17	01:06:05.265	1.35753	1.35754			6
2025.06.17	01:06:05.566	1.35754	1.35755			6
2025.06.17	01:06:05.870	1.35763	1.35764			6
2025.06.17	01:06:06.172	1.35761	1.35763			6
2025.06.17	01:06:06.474		1.35764			4
2025.06.17	01:06:07.688	1.35760	1.35763			6
2025.06.17	01:06:10.750	1.35761				2
2025.06.17	01:06:11.972		1.35764			4
2025.06.17	01:06:12.280		1.35763			4
2025.06.17	01:06:14.107	1.35760				2
2025.06.17	01:06:18.069	1.35762	1.35764			6
2025.06.17	01:06:18.373		1.35763			4
2025.06.17	01:06:20.515	1.35761				2
2025.06.17	01:06:22.651	1.35762				2
2025.06.17	01:06:23.559	1.35761				2
2025.06.17	01:06:24.165	1.35762				2
2025.06.17	01:06:30.270	1.35763	1.35764			6
2025.06.17	01:06:30.575	1.35762	1.35763			6
2025.06.17	01:06:33.030	1.35763	1.35764			6
2025.06.17	01:06:38.503	1.35761	1.35762			6
2025.06.17	01:06:40.328	1.35760	1.35761			6
2025.06.17	01:06:49.186		1.35762			4
2025.06.17	01:06:49.488	1.35761				2
2025.06.17	01:06:50.094		1.35763			4
2025.06.17	01:06:51.308		1.35762			4
2025.06.17	01:06:51.610	1.35760	1.35761			6
2025.06.17	01:07:00.145	1.35761	1.35762			6
2025.06.17	01:07:02.291	1.35757	1.35758			6
2025.06.17	01:07:09.008	1.35752	1.35754			6
2025.06.17	01:07:09.316	1.35750	1.35751			6
2025.06.17	01:07:18.215	1.35751	1.35752			6
2025.06.17	01:07:19.127		1.35753			4
2025.06.17	01:07:22.196	1.35752	1.35754			6
2025.06.17	01:07:22.499	1.35753				2
2025.06.17	01:07:24.943	1.35751	1.35753			6
2025.06.17	01:07:25.243	1.35749				2
2025.06.17	01:07:28.292		1.35752			4
2025.06.17	01:07:28.601	1.35750	1.35753			6
2025.06.17	01:07:30.441	1.35749				2
2025.06.17	01:07:31.969	1.35750				2
2025.06.17	01:07:35.321	1.35751	1.35754			6
2025.06.17	01:07:40.208	1.35756	1.35757			6
2025.06.17	01:07:40.516		1.35759			4
2025.06.17	01:07:41.129		1.35757			4
2025.06.17	01:07:41.432	1.35755				2
2025.06.17	01:07:42.349	1.35756	1.35759			6
2025.06.17	01:07:42.958	1.35755				2
2025.06.17	01:07:44.184	1.35756				2
2025.06.17	01:07:46.938		1.35760			4
2025.06.17	01:07:49.686	1.35757				2
2025.06.17	01:07:51.545		1.35759			4
2025.06.17	01:08:00.083	1.35757				2
2025.06.17	01:08:14.390	1.35753	1.35754			6
2025.06.17	01:08:15.922	1.35752				2
2025.06.17	01:08:22.349	1.35753				2
2025.06.17	01:08:26.624	1.35752				2
2025.06.17	01:08:39.165		1.35755			4
2025.06.17	01:08:45.006		1.35754			4
2025.06.17	01:08:51.712	1.35751	1.35755			6
2025.06.17	01:08:57.202		1.35754			4
2025.06.17	01:09:00.274	1.35751				2
2025.06.17	01:09:01.484	1.35750				2
2025.06.17	01:09:01.788	1.35751				2
2025.06.17	01:09:05.152	1.35752				2
2025.06.17	01:09:10.332	1.35751				2
2025.06.17	01:09:23.457	1.35752				2
2025.06.17	01:09:23.765	1.35751				2
2025.06.17	01:09:27.469		1.35753			4
2025.06.17	01:09:28.397		1.35754			4
2025.06.17	01:09:37.618	1.35750				2
2025.06.17	01:09:48.390	1.35751				2
2025.06.17	01:09:59.140	1.35750				2
2025.06.17	01:10:00.065	1.35750				2
2025.06.17	01:10:00.371	1.35748	1.35752			6
2025.06.17	01:10:00.678	1.35757	1.35759			6
2025.06.17	01:10:00.979	1.35758				2
2025.06.17	01:10:02.215	1.35759	1.35760			6
2025.06.17	01:10:04.980	1.35758	1.35759			6
2025.06.17	01:10:05.284	1.35759	1.35760			6
2025.06.17	01:10:05.899	1.35758	1.35759			6
2025.06.17	01:10:06.509	1.35757	1.35760			6
2025.06.17	01:10:06.817	1.35758				2
2025.06.17	01:10:12.345	1.35756	1.35757			6
2025.06.17	01:10:12.648	1.35753	1.35754			6
2025.06.17	01:10:15.115	1.35751				2
2025.06.17	01:10:16.653	1.35752				2
2025.06.17	01:10:18.510	1.35751				2
2025.06.17	01:10:20.667		1.35752			4
2025.06.17	01:10:35.160	1.35752	1.35753			6
2025.06.17	01:10:40.708	1.35751	1.35752			6
2025.06.17	01:10:41.320		1.35754			4
2025.06.17	01:10:41.630	1.35750				2
2025.06.17	01:10:45.328	1.35749	1.35753			6
2025.06.17	01:10:46.559	1.35750	1.35754			6
2025.06.17	01:10:46.869	1.35751				2
2025.06.17	01:10:47.177	1.35752				2
2025.06.17	01:11:00.115	1.35752				2
2025.06.17	01:11:00.430	1.35751				2
2025.06.17	01:11:02.281	1.35750	1.35752			6
2025.06.17	01:11:02.894	1.35749	1.35751			6
2025.06.17	01:11:03.195		1.35750			4
2025.06.17	01:11:05.359	1.35750	1.35753			6
2025.06.17	01:11:14.324	1.35749				2
2025.06.17	01:11:14.941	1.35750				2
2025.06.17	01:11:18.024	1.35759	1.35763			6
2025.06.17	01:11:18.630	1.35757	1.35758			6
2025.06.17	01:11:22.632		1.35759			4
2025.06.17	01:11:23.242		1.35758			4
2025.06.17	01:11:26.330	1.35756				2
2025.06.17	01:11:26.939	1.35757				2
2025.06.17	01:11:27.863	1.35758	1.35759			6
2025.06.17	01:11:29.403	1.35757	1.35758			6
2025.06.17	01:11:29.709	1.35758	1.35759			6
2025.06.17	01:11:35.264	1.35753	1.35754			6
2025.06.17	01:11:35.571		1.35755			4
2025.06.17	01:11:36.499	1.35752	1.35753			6
2025.06.17	01:11:48.254	1.35751				2
2025.06.17	01:11:48.564	1.35750				2
2025.06.17	01:11:50.102	1.35752				2
2025.06.17	01:11:51.341	1.35751				2
2025.06.17	01:12:00.281	1.35750				2
2025.06.17	01:12:06.109	1.35749				2
2025.06.17	01:12:06.416	1.35752	1.35754			6
2025.06.17	01:12:06.719	1.35751				2
2025.06.17	01:12:08.876	1.35750	1.35753			6
2025.06.17	01:12:11.650	1.35749				2
2025.06.17	01:12:17.520	1.35750				2
2025.06.17	01:12:22.154	1.35748	1.35752			6
2025.06.17	01:12:22.465	1.35750	1.35753			6
2025.06.17	01:12:23.391	1.35751				2
2025.06.17	01:12:34.198	1.35750				2
2025.06.17	01:12:45.307	1.35749				2
2025.06.17	01:12:45.614	1.35751				2
2025.06.17	01:12:51.778	1.35750				2
2025.06.17	01:12:52.080	1.35751	1.35754			6
2025.06.17	01:12:52.399	1.35750				2
2025.06.17	01:12:52.705	1.35751				2
2025.06.17	01:12:59.493	1.35749	1.35753			6
2025.06.17	01:13:00.111	1.35745	1.35748			6
2025.06.17	01:13:00.728	1.35749	1.35753			6
2025.06.17	01:13:01.350	1.35748	1.35752			6
2025.06.17	01:13:01.657	1.35749	1.35753			6
2025.06.17	01:13:05.054	1.35748	1.35752			6
2025.06.17	01:13:05.371	1.35750	1.35754			6
2025.06.17	01:13:07.522	1.35749	1.35753			6
2025.06.17	01:13:12.141	1.35750	1.35754			6
2025.06.17	01:13:15.855	1.35751				2
2025.06.17	01:13:16.162	1.35750				2
2025.06.17	01:13:16.472	1.35751				2
2025.06.17	01:13:26.342	1.35750				2
2025.06.17	01:13:27.268	1.35751				2
2025.06.17	01:13:27.575	1.35750				2
2025.06.17	01:13:29.114	1.35751				2
2025.06.17	01:13:29.738	1.35750				2
2025.06.17	01:13:30.039	1.35751				2
2025.06.17	01:13:39.299	1.35753				2
2025.06.17	01:13:40.231	1.35752				2
2025.06.17	01:13:44.536	1.35759	1.35761			6
2025.06.17	01:13:50.701	1.35760				2
2025.06.17	01:13:55.954	1.35759	1.35760			6
2025.06.17	01:14:00.271	1.35759				2
2025.06.17	01:14:01.200		1.35762			4
2025.06.17	01:14:02.128	1.35760				2
2025.06.17	01:14:02.433	1.35759				2
2025.06.17	01:14:02.747	1.35758	1.35759			6
2025.06.17	01:14:03.049	1.35759	1.35760			6
2025.06.17	01:14:06.444	1.35758	1.35759			6
2025.06.17	01:14:08.604	1.35759	1.35760			6
2025.06.17	01:14:16.304	1.35760	1.35762			6
2025.06.17	01:14:16.605	1.35761				2
2025.06.17	01:14:21.547	1.35764	1.35766			6
2025.06.17	01:14:21.855	1.35766	1.35767			6
2025.06.17	01:14:22.169	1.35765	1.35766			6
2025.06.17	01:14:22.475	1.35766	1.35767			6
2025.06.17	01:14:43.467	1.35767	1.35771			6
2025.06.17	01:14:44.078	1.35768				2
2025.06.17	01:14:44.381	1.35767				2
2025.06.17	01:14:44.697	1.35766	1.35770			6
2025.06.17	01:14:45.000	1.35767				2
2025.06.17	01:14:51.798	1.35768				2
2025.06.17	01:14:52.107	1.35767				2
2025.06.17	01:14:58.285	1.35768				2
2025.06.17	01:14:59.213	1.35767				2
2025.06.17	01:15:00.134	1.35769				2
2025.06.17	01:15:01.063	1.35774	1.35776			6
2025.06.17	01:15:05.089	1.35775				2
2025.06.17	01:15:06.641	1.35776	1.35777			6
2025.06.17	01:15:06.951	1.35775	1.35776			6
2025.06.17	01:15:07.258	1.35776	1.35777			6
2025.06.17	01:15:09.420	1.35775	1.35776			6
2025.06.17	01:15:09.729	1.35776	1.35777			6
2025.06.17	01:15:10.346	1.35775	1.35776			6
2025.06.17	01:15:10.651	1.35776	1.35777			6
2025.06.17	01:15:10.958	1.35775	1.35776			6
2025.06.17	01:15:11.264	1.35776	1.35777			6
2025.06.17	01:15:26.721	1.35775	1.35778			6
2025.06.17	01:15:27.032	1.35777	1.35779			6
2025.06.17	01:15:28.582	1.35776				2
2025.06.17	01:15:29.511	1.35777				2
2025.06.17	01:15:36.292	1.35778				2
2025.06.17	01:15:42.181		1.35781			4
2025.06.17	01:15:44.344	1.35777				2
2025.06.17	01:15:50.225	1.35778				2
2025.06.17	01:15:50.532	1.35779				2
2025.06.17	01:15:52.691		1.35780			4
2025.06.17	01:15:57.339		1.35781			4
2025.06.17	01:15:57.945	1.35780				2
2025.06.17	01:15:58.559	1.35779	1.35780			6
2025.06.17	01:16:00.105	1.35779				2
2025.06.17	01:16:00.728		1.35781			4
2025.06.17	01:16:01.659	1.35778				2
2025.06.17	01:16:03.194	1.35779	1.35780			6
2025.06.17	01:16:05.351	1.35778				2
2025.06.17	01:16:08.145		1.35781			4
2025.06.17	01:16:08.757	1.35779				2
2025.06.17	01:16:10.303	1.35778				2
2025.06.17	01:16:13.685	1.35779				2
2025.06.17	01:16:13.989		1.35780			4
2025.06.17	01:16:17.391	1.35776				2
2025.06.17	01:16:17.694	1.35777	1.35781			6
2025.06.17	01:16:20.781	1.35778	1.35782			6
2025.06.17	01:16:22.651	1.35772	1.35776			6
2025.06.17	01:16:22.955	1.35778	1.35780			6
2025.06.17	01:16:23.576	1.35777				2
2025.06.17	01:16:24.187	1.35778				2
2025.06.17	01:16:24.506	1.35777				2
2025.06.17	01:16:24.816	1.35778				2
2025.06.17	01:16:26.368	1.35777				2
2025.06.17	01:16:30.085	1.35778				2
2025.06.17	01:16:32.249	1.35777				2
2025.06.17	01:16:33.172	1.35778				2
2025.06.17	01:16:35.642	1.35777				2
2025.06.17	01:16:36.255	1.35778				2
2025.06.17	01:16:36.569	1.35777				2
2025.06.17	01:16:38.421	1.35778				2
2025.06.17	01:16:38.724	1.35777				2
2025.06.17	01:16:39.341	1.35778				2
2025.06.17	01:16:39.655	1.35777				2
2025.06.17	01:16:41.815	1.35772	1.35776			6
2025.06.17	01:16:42.436	1.35777	1.35780			6
2025.06.17	01:16:43.672	1.35778				2
2025.06.17	01:16:43.982	1.35777				2
2025.06.17	01:16:44.598	1.35778				2
2025.06.17	01:16:46.759		1.35782			4
2025.06.17	01:16:47.070		1.35780			4
2025.06.17	01:16:47.685		1.35781			4
2025.06.17	01:16:47.986		1.35780			4
2025.06.17	01:16:48.918		1.35781			4
2025.06.17	01:16:49.223	1.35775	1.35776			6
2025.06.17	01:16:50.778	1.35778	1.35780			6
2025.06.17	01:16:51.402	1.35777				2
2025.06.17	01:17:00.034	1.35777				2
2025.06.17	01:17:00.338	1.35778	1.35781			6
2025.06.17	01:17:00.655	1.35777				2
2025.06.17	01:17:03.441	1.35778				2
2025.06.17	01:17:04.371	1.35777				2
2025.06.17	01:17:04.680	1.35778				2
2025.06.17	01:17:05.301	1.35777				2
2025.06.17	01:17:05.605	1.35778				2
2025.06.17	01:17:06.229	1.35777				2
2025.06.17	01:17:07.157	1.35773	1.35777			6
2025.06.17	01:17:07.776	1.35778	1.35781			6
2025.06.17	01:17:08.389	1.35777				2
2025.06.17	01:17:08.696	1.35778				2
2025.06.17	01:17:09.316	1.35777				2
2025.06.17	01:17:09.942	1.35778	1.35782			6
2025.06.17	01:17:10.248	1.35777	1.35781			6
2025.06.17	01:17:10.557	1.35778	1.35782			6
2025.06.17	01:17:11.487		1.35781			4
2025.06.17	01:17:11.798	1.35777				2
2025.06.17	01:17:17.665	1.35772	1.35776			6
2025.06.17	01:17:18.599	1.35777	1.35781			6
2025.06.17	01:17:18.908	1.35772	1.35776			6
2025.06.17	01:17:19.217	1.35776	1.35780			6
2025.06.17	01:17:21.384	1.35777				2
2025.06.17	01:17:24.467		1.35778			4
2025.06.17	01:17:24.779	1.35773	1.35776			6
2025.06.17	01:17:25.082		1.35775			4
2025.06.17	01:17:32.173	1.35772				2
2025.06.17	01:17:32.486		1.35773			4
2025.06.17	01:17:32.793	1.35770				2
2025.06.17	01:17:33.409	1.35769				2
2025.06.17	01:17:35.889	1.35768	1.35772			6
2025.06.17	01:17:36.190	1.35767	1.35771			6
2025.06.17	01:17:37.428	1.35768	1.35772			6
2025.06.17	01:17:38.046	1.35769	1.35773			6
2025.06.17	01:17:38.669		1.35772			4
2025.06.17	01:17:38.976	1.35768				2
2025.06.17	01:17:39.282	1.35769	1.35773			6
2025.06.17	01:17:39.907		1.35772			4
2025.06.17	01:17:40.823	1.35768				2
2025.06.17	01:17:44.847	1.35766	1.35769			6
2025.06.17	01:17:59.063	1.35767				2
2025.06.17	01:17:59.684	1.35766				2
2025.06.17	01:18:00.298	1.35766	1.35770			6
2025.06.17	01:18:00.607	1.35767				2
2025.06.17	01:18:01.538	1.35766				2
2025.06.17	01:18:04.931		1.35769			4
2025.06.17	01:18:15.114	1.35767				2
2025.06.17	01:18:20.365	1.35766				2
2025.06.17	01:18:40.760	1.35767				2
2025.06.17	01:18:41.378	1.35766				2
2025.06.17	01:19:00.252	1.35766				2
2025.06.17	01:19:03.662	1.35769	1.35772			6
2025.06.17	01:19:03.966	1.35768				2
2025.06.17	01:19:05.519	1.35769				2
2025.06.17	01:19:06.126	1.35768				2
2025.06.17	01:19:06.753	1.35769				2
2025.06.17	01:19:07.065	1.35770				2
2025.06.17	01:19:08.302	1.35769				2
2025.06.17	01:19:08.922	1.35764	1.35768			6
2025.06.17	01:19:09.235	1.35769	1.35772			6
2025.06.17	01:19:10.155	1.35764	1.35768			6
2025.06.17	01:19:11.389	1.35768	1.35772			6
2025.06.17	01:19:13.547	1.35764	1.35768			6
2025.06.17	01:19:13.858	1.35768	1.35772			6
2025.06.17	01:19:14.164	1.35769				2
2025.06.17	01:19:17.251	1.35768				2
2025.06.17	01:19:19.111	1.35769				2
2025.06.17	01:19:19.413	1.35764	1.35768			6
2025.06.17	01:19:19.724	1.35769	1.35772			6
2025.06.17	01:19:20.650	1.35764	1.35768			6
2025.06.17	01:19:21.263	1.35768	1.35772			6
2025.06.17	01:19:22.497	1.35769				2
2025.06.17	01:19:22.806	1.35768	1.35771			6
2025.06.17	01:19:23.117	1.35767				2
2025.06.17	01:19:23.424	1.35768				2
2025.06.17	01:19:25.274	1.35767				2
2025.06.17	01:19:25.583	1.35768				2
2025.06.17	01:19:25.886	1.35767				2
2025.06.17	01:19:26.205	1.35768				2
2025.06.17	01:19:37.619	1.35769				2
2025.06.17	01:19:38.544		1.35772			4
2025.06.17	01:19:41.323		1.35771			4
2025.06.17	01:19:41.640	1.35770	1.35772			6
2025.06.17	01:19:41.954	1.35769				2
2025.06.17	01:19:42.576	1.35770				2
2025.06.17	01:19:43.495	1.35769	1.35773			6
2025.06.17	01:19:45.052	1.35770				2
2025.06.17	01:19:45.355	1.35768	1.35772			6
2025.06.17	01:19:46.275	1.35769				2
2025.06.17	01:19:46.578		1.35773			4
2025.06.17	01:19:50.629	1.35768	1.35772			6
2025.06.17	01:19:50.933	1.35769	1.35773			6
2025.06.17	01:19:55.882		1.35772			4
2025.06.17	01:19:56.186		1.35773			4
2025.06.17	01:19:57.420		1.35772			4
2025.06.17	01:19:57.728	1.35768	1.35771			6
2025.06.17	01:19:58.339	1.35769				2
2025.06.17	01:20:00.204	1.35769	1.35772			6
2025.06.17	01:20:00.511		1.35771			4
2025.06.17	01:20:07.299		1.35770			4
2025.06.17	01:20:07.606		1.35771			4
2025.06.17	01:20:07.915		1.35770			4
2025.06.17	01:20:10.396		1.35771			4
2025.06.17	01:20:10.699		1.35770			4
2025.06.17	01:20:13.793		1.35771			4
2025.06.17	01:20:14.096		1.35770			4
2025.06.17	01:20:20.579		1.35771			4
2025.06.17	01:20:20.894		1.35770			4
2025.06.17	01:20:21.509		1.35771			4
2025.06.17	01:20:21.816		1.35770			4
2025.06.17	01:20:24.601		1.35771			4
2025.06.17	01:20:24.906		1.35770			4
2025.06.17	01:20:39.721	1.35767				2
2025.06.17	01:20:40.349	1.35766				2
2025.06.17	01:20:42.820	1.35767				2
2025.06.17	01:20:43.128		1.35769			4
2025.06.17	01:20:43.435	1.35766				2
2025.06.17	01:20:44.675		1.35770			4
2025.06.17	01:20:45.612	1.35767				2
2025.06.17	01:20:45.920	1.35766				2
2025.06.17	01:20:46.539	1.35767				2
2025.06.17	01:20:48.082	1.35766				2
2025.06.17	01:20:48.702	1.35767				2
2025.06.17	01:20:49.012	1.35766				2
2025.06.17	01:20:49.325	1.35767				2
2025.06.17	01:20:51.181		1.35769			4
2025.06.17	01:20:56.127		1.35770			4
2025.06.17	01:20:57.361	1.35768				2
2025.06.17	01:20:58.286	1.35767				2
2025.06.17	01:21:00.138	1.35767				2
2025.06.17	01:21:01.354		1.35771			4
2025.06.17	01:21:02.589		1.35770			4
2025.06.17	01:21:06.286		1.35771			4
2025.06.17	01:21:08.435		1.35770			4
2025.06.17	01:21:09.364	1.35766				2
2025.06.17	01:21:09.669	1.35765	1.35769			6
2025.06.17	01:21:10.595	1.35766	1.35770			6
2025.06.17	01:21:11.510	1.35765	1.35769			6
2025.06.17	01:21:13.374	1.35766	1.35770			6
2025.06.17	01:21:26.963	1.35767	1.35769			6
2025.06.17	01:21:27.271	1.35766				2
2025.06.17	01:21:27.892	1.35767	1.35770			6
2025.06.17	01:21:28.820	1.35766				2
2025.06.17	01:21:30.053	1.35767				2
2025.06.17	01:21:31.288	1.35766				2
2025.06.17	01:21:32.217	1.35767				2
2025.06.17	01:21:32.523	1.35766				2
2025.06.17	01:21:36.538	1.35767				2
2025.06.17	01:21:36.846	1.35768				2
2025.06.17	01:21:48.251	1.35769				2
2025.06.17	01:21:55.962	1.35768				2
2025.06.17	01:21:59.967	1.35767				2
2025.06.17	01:22:00.273	1.35774	1.35778			6
2025.06.17	01:22:00.592	1.35778	1.35779			6
2025.06.17	01:22:09.553	1.35777				2
2025.06.17	01:22:09.860	1.35779	1.35780			6
2025.06.17	01:22:10.168	1.35778	1.35779			6
2025.06.17	01:22:10.469		1.35780			4
2025.06.17	01:22:12.941	1.35777				2
2025.06.17	01:22:14.793	1.35778				2
2025.06.17	01:22:15.100	1.35777				2
2025.06.17	01:22:17.893	1.35776				2
2025.06.17	01:22:18.818	1.35777				2
2025.06.17	01:22:20.975	1.35778				2
2025.06.17	01:22:22.212	1.35779				2
2025.06.17	01:22:25.289	1.35778				2
2025.06.17	01:22:34.563	1.35779				2
2025.06.17	01:22:34.869	1.35778				2
2025.06.17	01:22:39.499	1.35779				2
2025.06.17	01:22:45.678	1.35778				2
2025.06.17	01:22:58.658		1.35779			4
2025.06.17	01:23:00.202	1.35778				2
2025.06.17	01:23:01.437	1.35777	1.35778			6
2025.06.17	01:23:01.745	1.35779	1.35780			6
2025.06.17	01:23:02.046	1.35771	1.35773			6
2025.06.17	01:23:02.370	1.35772				2
2025.06.17	01:23:02.991	1.35773	1.35774			6
2025.06.17	01:23:07.942	1.35774	1.35775			6
2025.06.17	01:23:17.828	1.35773				2
2025.06.17	01:23:19.355	1.35774				2
2025.06.17	01:23:21.220	1.35773				2
2025.06.17	01:23:22.451	1.35772	1.35773			6
2025.06.17	01:23:24.933	1.35771	1.35772			6
2025.06.17	01:23:26.469		1.35774			4
2025.06.17	01:23:29.872		1.35772			4
2025.06.17	01:23:36.676		1.35774			4
2025.06.17	01:23:36.982	1.35773				2
2025.06.17	01:23:37.296	1.35772				2
2025.06.17	01:23:37.917	1.35773				2
2025.06.17	01:23:38.530	1.35772	1.35775			6
2025.06.17	01:23:39.771	1.35773				2
2025.06.17	01:23:43.475		1.35774			4
2025.06.17	01:23:47.194	1.35772	1.35773			6
2025.06.17	01:23:48.731	1.35771	1.35772			6
2025.06.17	01:23:52.437	1.35772	1.35773			6
2025.06.17	01:23:53.666	1.35771	1.35772			6
2025.06.17	01:23:56.449	1.35772	1.35773			6
2025.06.17	01:24:00.167	1.35772				2
2025.06.17	01:24:22.422	1.35771	1.35772			6
2025.06.17	01:24:23.036	1.35772	1.35773			6
2025.06.17	01:24:23.966	1.35773	1.35774			6
2025.06.17	01:24:24.277	1.35772				2
2025.06.17	01:24:25.817	1.35773				2
2025.06.17	01:24:27.991	1.35772				2
2025.06.17	01:24:29.217	1.35773				2
2025.06.17	01:24:29.831	1.35772				2
2025.06.17	01:24:30.445	1.35773				2
2025.06.17	01:24:31.381	1.35772	1.35773			6
2025.06.17	01:24:32.312	1.35771	1.35772			6
2025.06.17	01:24:33.237	1.35772	1.35773			6
2025.06.17	01:24:33.858	1.35771	1.35772			6
2025.06.17	01:24:34.781	1.35772	1.35773			6
2025.06.17	01:24:40.030	1.35771	1.35772			6
2025.06.17	01:24:49.292	1.35770	1.35771			6
2025.06.17	01:24:50.836	1.35771	1.35772			6
2025.06.17	01:24:52.680	1.35770	1.35771			6
2025.06.17	01:24:53.300	1.35771	1.35772			6
2025.06.17	01:24:58.846	1.35770	1.35771			6
2025.06.17	01:25:00.077	1.35770				2
2025.06.17	01:25:01.920	1.35768	1.35769			6
2025.06.17	01:25:28.123	1.35769	1.35770			6
2025.06.17	01:26:00.149	1.35769				2
2025.06.17	01:26:01.689	1.35768	1.35769			6
2025.06.17	01:26:02.000	1.35767	1.35768			6
2025.06.17	01:26:06.614	1.35765	1.35766			6
2025.06.17	01:26:06.921	1.35761	1.35762			6
2025.06.17	01:26:17.690	1.35759	1.35760			6
2025.06.17	01:26:19.235	1.35760	1.35761			6
2025.06.17	01:27:00.222	1.35760				2
2025.06.17	01:27:06.381	1.35758	1.35759			6
2025.06.17	01:27:13.165	1.35759	1.35760			6
2025.06.17	01:27:15.314	1.35757	1.35758			6
2025.06.17	01:27:16.238	1.35758	1.35759			6
2025.06.17	01:27:17.477	1.35759	1.35760			6
2025.06.17	01:27:29.803	1.35758	1.35759			6
2025.06.17	01:27:30.110	1.35757	1.35758			6
2025.06.17	01:27:30.417	1.35758	1.35759			6
2025.06.17	01:27:30.724	1.35757				2
2025.06.17	01:27:31.034	1.35758				2
2025.06.17	01:27:31.955	1.35759	1.35760			6
2025.06.17	01:27:33.495	1.35758	1.35759			6
2025.06.17	01:27:34.422	1.35759	1.35760			6
2025.06.17	01:27:35.652	1.35758	1.35759			6
2025.06.17	01:27:36.573	1.35759	1.35760			6
2025.06.17	01:27:48.299	1.35757	1.35758			6
2025.06.17	01:27:48.605	1.35759	1.35760			6
2025.06.17	01:27:48.909	1.35758	1.35759			6
2025.06.17	01:27:49.836	1.35759	1.35760			6
2025.06.17	01:27:50.763	1.35758	1.35759			6
2025.06.17	01:28:00.032	1.35758				2
2025.06.17	01:28:11.119	1.35759	1.35760			6
2025.06.17	01:28:12.664	1.35758	1.35759			6
2025.06.17	01:28:13.277	1.35759	1.35760			6
2025.06.17	01:28:14.512	1.35758	1.35759			6
2025.06.17	01:28:15.430	1.35759	1.35760			6
2025.06.17	01:28:16.969	1.35758	1.35759			6
2025.06.17	01:28:20.667	1.35757	1.35758			6
2025.06.17	01:29:00.178	1.35757				2
2025.06.17	01:29:20.870		1.35758			4
2025.06.17	01:29:22.109	1.35754	1.35755			6
2025.06.17	01:29:22.410	1.35750	1.35751			6
2025.06.17	01:29:23.340	1.35749	1.35750			6
2025.06.17	01:29:26.747	1.35748				2
2025.06.17	01:29:30.141	1.35749				2
2025.06.17	01:29:30.449	1.35748				2
2025.06.17	01:29:40.324		1.35749			4
2025.06.17	01:29:41.255		1.35750			4
2025.06.17	01:29:41.863	1.35755	1.35759			6
2025.06.17	01:29:42.168	1.35758	1.35760			6
2025.06.17	01:29:44.962		1.35759			4
2025.06.17	01:29:45.266	1.35757	1.35760			6
2025.06.17	01:29:46.204		1.35759			4
2025.06.17	01:29:50.827	1.35755	1.35757			6
2025.06.17	01:29:55.767		1.35756			4
2025.06.17	01:30:00.086	1.35755				2
2025.06.17	01:30:00.706	1.35754				2
2025.06.17	01:30:01.014		1.35757			4
2025.06.17	01:30:01.330		1.35756			4
2025.06.17	01:30:01.637	1.35753				2
2025.06.17	01:30:01.958		1.35757			4
2025.06.17	01:30:02.566	1.35750	1.35754			6
2025.06.17	01:30:02.877	1.35751	1.35755			6
2025.06.17	01:30:03.187	1.35750	1.35754			6
2025.06.17	01:30:04.740		1.35751			4
2025.06.17	01:30:08.441		1.35752			4
2025.06.17	01:30:09.060	1.35749	1.35751			6
2025.06.17	01:30:09.365	1.35750				2
2025.06.17	01:30:10.598	1.35751	1.35752			6
2025.06.17	01:30:10.911		1.35753			4
2025.06.17	01:30:12.762	1.35750	1.35751			6
2025.06.17	01:30:13.077	1.35751	1.35752			6
2025.06.17	01:30:28.199	1.35750				2
2025.06.17	01:30:28.515	1.35751				2
2025.06.17	01:30:30.362	1.35752	1.35753			6
2025.06.17	01:30:31.608	1.35750	1.35752			6
2025.06.17	01:30:34.997	1.35749				2
2025.06.17	01:30:36.232	1.35751	1.35753			6
2025.06.17	01:30:38.397	1.35752	1.35754			6
2025.06.17	01:30:38.701	1.35756	1.35759			6
2025.06.17	01:30:41.781	1.35759	1.35761			6
2025.06.17	01:30:45.183	1.35758	1.35760			6
2025.06.17	01:30:45.806		1.35761			4
2025.06.17	01:30:54.435	1.35759				2
2025.06.17	01:31:00.003	1.35759				2
2025.06.17	01:31:01.244	1.35758				2
2025.06.17	01:31:01.564	1.35759				2
2025.06.17	01:31:04.648	1.35767	1.35769			6
2025.06.17	01:31:05.880	1.35765	1.35767			6
2025.06.17	01:31:06.182	1.35764	1.35766			6
2025.06.17	01:31:09.603	1.35766	1.35769			6
2025.06.17	01:31:13.309		1.35768			4
2025.06.17	01:31:14.234		1.35769			4
2025.06.17	01:31:15.162		1.35767			4
2025.06.17	01:31:19.176	1.35765				2
2025.06.17	01:31:19.478	1.35766				2
2025.06.17	01:31:31.535	1.35763	1.35764			6
2025.06.17	01:31:31.844	1.35758	1.35761			6
2025.06.17	01:31:33.398	1.35759	1.35762			6
2025.06.17	01:31:34.011		1.35761			4
2025.06.17	01:31:34.638		1.35762			4
2025.06.17	01:31:43.279	1.35757	1.35759			6
2025.06.17	01:31:43.583	1.35756	1.35760			6
2025.06.17	01:31:43.903		1.35757			4
2025.06.17	01:31:44.204	1.35751	1.35753			6
2025.06.17	01:31:44.524		1.35752			4
2025.06.17	01:31:46.682	1.35750	1.35751			6
2025.06.17	01:31:47.907		1.35752			4
2025.06.17	01:31:49.450	1.35754	1.35755			6
2025.06.17	01:31:50.075	1.35753				2
2025.06.17	01:31:51.001	1.35752	1.35753			6
2025.06.17	01:31:51.309	1.35751	1.35752			6
2025.06.17	01:31:51.928	1.35753	1.35755			6
2025.06.17	01:31:52.236	1.35752	1.35753			6
2025.06.17	01:31:58.101	1.35750	1.35751			6
2025.06.17	01:31:58.406	1.35749				2
2025.06.17	01:32:00.251	1.35749				2
2025.06.17	01:32:03.041	1.35750	1.35752			6
2025.06.17	01:32:09.209	1.35749				2
2025.06.17	01:32:10.758	1.35750				2
2025.06.17	01:32:11.061	1.35747	1.35750			6
2025.06.17	01:32:16.313	1.35746				2
2025.06.17	01:32:17.547	1.35748				2
2025.06.17	01:32:20.328		1.35751			4
2025.06.17	01:32:22.486	1.35749				2
2025.06.17	01:32:24.340		1.35750			4
2025.06.17	01:32:24.954	1.35751	1.35752			6
2025.06.17	01:32:25.258	1.35750				2
2025.06.17	01:32:26.499	1.35751				2
2025.06.17	01:32:27.741	1.35753	1.35755			6
2025.06.17	01:32:29.288	1.35751	1.35752			6
2025.06.17	01:32:29.905	1.35750				2
2025.06.17	01:32:30.533	1.35749				2
2025.06.17	01:32:30.840	1.35751				2
2025.06.17	01:32:31.148		1.35753			4
2025.06.17	01:32:31.457		1.35752			4
2025.06.17	01:32:32.385	1.35748	1.35751			6
2025.06.17	01:32:34.242		1.35750			4
2025.06.17	01:32:34.857		1.35751			4
2025.06.17	01:32:36.097	1.35747	1.35750			6
2025.06.17	01:32:38.570	1.35744	1.35746			6
2025.06.17	01:32:38.877	1.35743				2
2025.06.17	01:32:39.806	1.35744				2
2025.06.17	01:32:40.427		1.35747			4
2025.06.17	01:32:40.734	1.35746	1.35749			6
2025.06.17	01:32:44.442	1.35754	1.35756			6
2025.06.17	01:32:44.750	1.35757	1.35760			6
2025.06.17	01:32:46.603	1.35759	1.35761			6
2025.06.17	01:32:48.145	1.35762	1.35764			6
2025.06.17	01:32:49.075	1.35760	1.35761			6
2025.06.17	01:32:49.378	1.35759				2
2025.06.17	01:32:50.307	1.35754	1.35756			6
2025.06.17	01:32:51.234		1.35757			4
2025.06.17	01:32:54.019		1.35756			4
2025.06.17	01:32:55.253		1.35758			4
2025.06.17	01:32:57.107		1.35756			4
2025.06.17	01:32:58.970		1.35755			4
2025.06.17	01:33:00.208	1.35754				2
2025.06.17	01:33:02.370	1.35752	1.35753			6
2025.06.17	01:33:03.297	1.35754	1.35755			6
2025.06.17	01:33:04.530	1.35755	1.35756			6
2025.06.17	01:33:04.836	1.35749	1.35751			6
2025.06.17	01:33:07.324		1.35750			4
2025.06.17	01:33:10.118		1.35751			4
2025.06.17	01:33:10.731		1.35750			4
2025.06.17	01:33:11.048	1.35748	1.35749			6
2025.06.17	01:33:11.673		1.35750			4
2025.06.17	01:33:11.976		1.35749			4
2025.06.17	01:33:13.209	1.35749	1.35750			6
2025.06.17	01:33:13.826	1.35748				2
2025.06.17	01:33:14.134	1.35740	1.35741			6
2025.06.17	01:33:14.441	1.35738	1.35740			6
2025.06.17	01:33:14.754	1.35739				2
2025.06.17	01:33:15.373	1.35738				2
2025.06.17	01:33:20.603	1.35735	1.35737			6
2025.06.17	01:33:20.910	1.35736				2
2025.06.17	01:33:21.530	1.35734				2
2025.06.17	01:33:21.840	1.35732	1.35733			6
2025.06.17	01:33:22.457	1.35731	1.35732			6
2025.06.17	01:33:22.770	1.35732	1.35733			6
2025.06.17	01:33:23.077	1.35731	1.35732			6
2025.06.17	01:33:23.383	1.35732	1.35733			6
2025.06.17	01:33:24.612	1.35728	1.35731			6
2025.06.17	01:33:24.918	1.35724	1.35729			6
2025.06.17	01:33:25.542	1.35729	1.35734			6
2025.06.17	01:33:25.844	1.35730	1.35735			6
2025.06.17	01:33:26.165	1.35727	1.35732			6
2025.06.17	01:33:26.471	1.35728	1.35733			6
2025.06.17	01:33:26.776	1.35723	1.35727			6
2025.06.17	01:33:27.083	1.35722				2
2025.06.17	01:33:28.317	1.35723	1.35728			6
2025.06.17	01:33:28.932	1.35724	1.35729			6
2025.06.17	01:33:29.551	1.35723	1.35728			6
2025.06.17	01:33:30.166	1.35724	1.35729			6
2025.06.17	01:33:32.327	1.35725	1.35730			6
2025.06.17	01:33:32.635	1.35724	1.35729			6
2025.06.17	01:33:32.945	1.35725	1.35730			6
2025.06.17	01:33:34.179	1.35724	1.35729			6
2025.06.17	01:33:35.408	1.35722	1.35727			6
2025.06.17	01:33:36.639	1.35724	1.35729			6
2025.06.17	01:33:37.870	1.35722	1.35727			6
2025.06.17	01:33:43.101	1.35712	1.35717			6
2025.06.17	01:33:43.415	1.35713	1.35718			6
2025.06.17	01:33:45.580	1.35716	1.35721			6
2025.06.17	01:33:45.881	1.35715	1.35720			6
2025.06.17	01:33:48.039	1.35718	1.35723			6
2025.06.17	01:33:48.342	1.35719	1.35724			6
2025.06.17	01:33:48.660	1.35715	1.35720			6
2025.06.17	01:33:48.965	1.35713	1.35718			6
2025.06.17	01:33:49.276	1.35716	1.35721			6
2025.06.17	01:33:50.512	1.35719	1.35724			6
2025.06.17	01:33:51.739	1.35720				2
2025.06.17	01:33:52.040		1.35725			4
2025.06.17	01:33:52.353	1.35721	1.35726			6
2025.06.17	01:33:52.659		1.35725			4
2025.06.17	01:33:53.266	1.35720				2
2025.06.17	01:33:54.193	1.35721				2
2025.06.17	01:33:54.499	1.35720				2
2025.06.17	01:33:57.587	1.35721				2
2025.06.17	01:33:57.893	1.35720				2
2025.06.17	01:33:58.819	1.35721				2
2025.06.17	01:33:59.133	1.35720				2
2025.06.17	01:33:59.744	1.35725	1.35730			6
2025.06.17	01:34:00.051	1.35725				2
2025.06.17	01:34:00.365	1.35727	1.35731			6
2025.06.17	01:34:00.671	1.35725	1.35730			6
2025.06.17	01:34:02.212	1.35727	1.35729			6
2025.06.17	01:34:02.525	1.35726	1.35730			6
2025.06.17	01:34:02.831	1.35727				2
2025.06.17	01:34:03.442	1.35726	1.35731			6
2025.06.17	01:34:04.065		1.35729			4
2025.06.17	01:34:04.366	1.35727	1.35730			6
2025.06.17	01:34:04.684	1.35726				2
2025.06.17	01:34:04.990	1.35727	1.35731			6
2025.06.17	01:34:05.602	1.35730	1.35733			6
2025.06.17	01:34:06.206	1.35728	1.35731			6
2025.06.17	01:34:06.526		1.35730			4
2025.06.17	01:34:06.833	1.35727				2
2025.06.17	01:34:07.760	1.35726	1.35729			6
2025.06.17	01:34:08.063	1.35725	1.35730			6
2025.06.17	01:34:09.306		1.35729			4
2025.06.17	01:34:09.916	1.35723	1.35728			6
2025.06.17	01:34:10.538		1.35726			4
2025.06.17	01:34:11.151	1.35722				2
2025.06.17	01:34:13.618		1.35725			4
2025.06.17	01:34:13.927	1.35718	1.35721			6
2025.06.17	01:34:14.236	1.35717				2
2025.06.17	01:34:16.387	1.35722	1.35724			6
2025.06.17	01:34:16.694	1.35721				2
2025.06.17	01:34:17.000	1.35718	1.35721			6
2025.06.17	01:34:18.240	1.35717	1.35720			6
2025.06.17	01:34:18.542		1.35721			4
2025.06.17	01:34:18.858	1.35718	1.35722			6
2025.06.17	01:34:20.094		1.35721			4
2025.06.17	01:34:20.705	1.35719				2
2025.06.17	01:34:21.007	1.35720	1.35723			6
2025.06.17	01:34:21.318		1.35722			4
2025.06.17	01:34:21.629	1.35721	1.35723			6
2025.06.17	01:34:22.548	1.35720	1.35722			6
2025.06.17	01:34:22.862		1.35721			4
2025.06.17	01:34:25.327	1.35712	1.35714			6
2025.06.17	01:34:25.637	1.35713	1.35715			6
2025.06.17	01:34:25.945	1.35711				2
2025.06.17	01:34:26.255	1.35712				2
2025.06.17	01:34:27.179	1.35713	1.35716			6
2025.06.17	01:34:28.097	1.35714				2
2025.06.17	01:34:29.026	1.35713	1.35715			6
2025.06.17	01:34:29.955	1.35712				2
2025.06.17	01:34:30.881	1.35709	1.35710			6
2025.06.17	01:34:31.186	1.35707				2
2025.06.17	01:34:31.489	1.35697	1.35702			6
2025.06.17	01:34:31.805	1.35698	1.35703			6
2025.06.17	01:34:32.112		1.35702			4
2025.06.17	01:34:33.035	1.35699				2
2025.06.17	01:34:33.341	1.35700	1.35701			6
2025.06.17	01:34:34.578	1.35697				2
2025.06.17	01:34:35.196		1.35700			4
2025.06.17	01:34:37.660	1.35696	1.35699			6
2025.06.17	01:34:37.963		1.35700			4
2025.06.17	01:34:38.591	1.35695				2
2025.06.17	01:34:41.671	1.35702	1.35707			6
2025.06.17	01:34:45.380	1.35704	1.35708			6
2025.06.17	01:34:45.702	1.35700	1.35705			6
2025.06.17	01:34:46.008	1.35702	1.35706			6
2025.06.17	01:34:46.928		1.35707			4
2025.06.17	01:34:47.238		1.35706			4
2025.06.17	01:34:47.544	1.35703	1.35707			6
2025.06.17	01:34:47.854	1.35702				2
2025.06.17	01:34:48.164		1.35705			4
2025.06.17	01:34:49.403	1.35701				2
2025.06.17	01:34:49.704	1.35700	1.35704			6
2025.06.17	01:34:50.014		1.35705			4
2025.06.17	01:34:50.327		1.35704			4
2025.06.17	01:34:50.633	1.35699				2
2025.06.17	01:34:51.250	1.35700				2
2025.06.17	01:34:52.171	1.35698	1.35703			6
2025.06.17	01:34:52.477	1.35700	1.35704			6
2025.06.17	01:34:52.790	1.35701				2
2025.06.17	01:34:53.107	1.35702	1.35705			6
2025.06.17	01:34:53.410		1.35706			4
2025.06.17	01:34:53.726	1.35701	1.35705			6
2025.06.17	01:34:54.342		1.35706			4
2025.06.17	01:34:54.651	1.35702				2
2025.06.17	01:34:54.956		1.35705			4
2025.06.17	01:34:57.734		1.35706			4
2025.06.17	01:34:58.665	1.35708	1.35711			6
2025.06.17	01:34:58.984		1.35712			4
2025.06.17	01:34:59.289	1.35706	1.35710			6
2025.06.17	01:35:00.218	1.35706	1.35711			6
2025.06.17	01:35:00.520		1.35710			4
2025.06.17	01:35:02.386	1.35709	1.35711			6
2025.06.17	01:35:02.694	1.35708				2
2025.06.17	01:35:03.000	1.35713	1.35715			6
2025.06.17	01:35:03.314	1.35711	1.35712			6
2025.06.17	01:35:12.569	1.35708				2
2025.06.17	01:35:15.653	1.35707				2
2025.06.17	01:35:16.263	1.35708				2
2025.06.17	01:35:19.963		1.35711			4
2025.06.17	01:35:20.274		1.35710			4
2025.06.17	01:35:21.503	1.35706				2
2025.06.17	01:35:24.932		1.35711			4
2025.06.17	01:35:29.259	1.35713	1.35715			6
2025.06.17	01:35:29.882		1.35716			4
2025.06.17	01:35:33.288	1.35715	1.35718			6
2025.06.17	01:35:33.600	1.35714				2
2025.06.17	01:35:33.911		1.35717			4
2025.06.17	01:35:36.374		1.35718			4
2025.06.17	01:35:36.682	1.35717	1.35719			6
2025.06.17	01:35:36.987	1.35716	1.35720			6
2025.06.17	01:35:37.618	1.35715				2
2025.06.17	01:35:38.232		1.35719			4
2025.06.17	01:35:38.541	1.35713	1.35716			6
2025.06.17	01:35:39.777	1.35714				2
2025.06.17	01:35:40.399	1.35713				2
2025.06.17	01:35:40.701	1.35714				2
2025.06.17	01:35:41.013	1.35713				2
2025.06.17	01:35:44.414	1.35714				2
2025.06.17	01:35:45.031	1.35713				2
2025.06.17	01:35:46.897	1.35712				2
2025.06.17	01:35:49.362	1.35713				2
2025.06.17	01:35:50.287	1.35712				2
2025.06.17	01:35:50.591	1.35713				2
2025.06.17	01:35:51.826		1.35718			4
2025.06.17	01:35:53.680	1.35714	1.35719			6
2025.06.17	01:35:55.532	1.35715				2
2025.06.17	01:35:55.846	1.35722	1.35726			6
2025.06.17	01:35:56.148	1.35719	1.35721			6
2025.06.17	01:36:00.179	1.35719				2
2025.06.17	01:36:02.340		1.35724			4
2025.06.17	01:36:02.642	1.35721	1.35725			6
2025.06.17	01:36:02.955	1.35722	1.35724			6
2025.06.17	01:36:03.266		1.35725			4
2025.06.17	01:36:05.427		1.35724			4
2025.06.17	01:36:05.740	1.35717	1.35721			6
2025.06.17	01:36:13.445	1.35716	1.35720			6
2025.06.17	01:36:13.752		1.35719			4
2025.06.17	01:36:16.238	1.35714	1.35717			6
2025.06.17	01:36:17.163	1.35713				2
2025.06.17	01:36:18.094		1.35716			4
2025.06.17	01:36:18.397		1.35717			4
2025.06.17	01:36:19.327	1.35714				2
2025.06.17	01:36:22.418	1.35715				2
2025.06.17	01:36:22.735	1.35714				2
2025.06.17	01:36:23.662	1.35711	1.35714			6
2025.06.17	01:36:23.965	1.35714	1.35717			6
2025.06.17	01:36:24.284		1.35716			4
2025.06.17	01:36:24.901		1.35717			4
2025.06.17	01:36:27.065		1.35716			4
2025.06.17	01:36:27.687		1.35715			4
2025.06.17	01:36:27.989	1.35701	1.35703			6
2025.06.17	01:36:28.290	1.35700	1.35702			6
2025.06.17	01:36:29.529	1.35699				2
2025.06.17	01:36:31.074	1.35701				2
2025.06.17	01:36:31.699	1.35702	1.35703			6
2025.06.17	01:36:33.559	1.35701	1.35702			6
2025.06.17	01:36:36.034	1.35703	1.35706			6
2025.06.17	01:36:36.343	1.35704				2
2025.06.17	01:36:36.658	1.35703				2
2025.06.17	01:36:37.891		1.35705			4
2025.06.17	01:36:39.125	1.35702				2
2025.06.17	01:36:45.611	1.35703	1.35706			6
2025.06.17	01:36:45.923	1.35704				2
2025.06.17	01:36:46.548	1.35703				2
2025.06.17	01:36:49.318	1.35704	1.35709			6
2025.06.17	01:36:49.619	1.35705				2
2025.06.17	01:36:49.921		1.35708			4
2025.06.17	01:36:50.847		1.35710			4
2025.06.17	01:36:53.013		1.35709			4
2025.06.17	01:36:54.247		1.35710			4
2025.06.17	01:36:54.564		1.35709			4
2025.06.17	01:36:56.116		1.35710			4
2025.06.17	01:36:56.422	1.35706				2
2025.06.17	01:36:57.351		1.35711			4
2025.06.17	01:36:59.529	1.35705	1.35710			6
2025.06.17	01:37:00.151	1.35705	1.35709			6
2025.06.17	01:37:00.460		1.35710			4
2025.06.17	01:37:00.777	1.35706				2
2025.06.17	01:37:01.394	1.35700	1.35703			6
2025.06.17	01:37:02.327	1.35697	1.35700			6
2025.06.17	01:37:03.550		1.35699			4
2025.06.17	01:37:03.866		1.35700			4
2025.06.17	01:37:04.491	1.35695				2
2025.06.17	01:37:05.105	1.35696				2
2025.06.17	01:37:05.725		1.35701			4
2025.06.17	01:37:06.027		1.35700			4
2025.06.17	01:37:06.633	1.35695				2
2025.06.17	01:37:10.967	1.35696				2
2025.06.17	01:37:11.277	1.35695				2
2025.06.17	01:37:14.989	1.35696				2
2025.06.17	01:37:15.302	1.35695				2
2025.06.17	01:37:15.919	1.35697	1.35699			6
2025.06.17	01:37:16.219	1.35696				2
2025.06.17	01:37:16.842	1.35695				2
2025.06.17	01:37:19.002		1.35698			4
2025.06.17	01:37:19.310	1.35696	1.35700			6
2025.06.17	01:37:19.611	1.35702	1.35703			6
2025.06.17	01:37:20.858		1.35704			4
2025.06.17	01:37:21.164		1.35703			4
2025.06.17	01:37:21.473	1.35698	1.35700			6
2025.06.17	01:37:22.094	1.35697				2
2025.06.17	01:37:22.407	1.35696				2
2025.06.17	01:37:23.643	1.35701	1.35702			6
2025.06.17	01:37:23.946	1.35703	1.35708			6
2025.06.17	01:37:24.878	1.35702	1.35707			6
2025.06.17	01:37:26.413	1.35703	1.35706			6
2025.06.17	01:37:27.341		1.35705			4
2025.06.17	01:37:27.644	1.35702				2
2025.06.17	01:37:28.259	1.35701				2
2025.06.17	01:37:30.409	1.35698	1.35701			6
2025.06.17	01:37:31.027	1.35704	1.35709			6
2025.06.17	01:37:32.264	1.35705	1.35708			6
2025.06.17	01:37:32.568		1.35709			4
2025.06.17	01:37:34.125		1.35708			4
2025.06.17	01:37:34.430		1.35709			4
2025.06.17	01:37:35.668		1.35708			4
2025.06.17	01:37:35.975		1.35709			4
2025.06.17	01:37:38.744		1.35708			4
2025.06.17	01:37:39.671		1.35709			4
2025.06.17	01:37:40.595		1.35708			4
2025.06.17	01:37:41.527	1.35704				2
2025.06.17	01:37:42.758		1.35709			4
2025.06.17	01:37:45.846	1.35705				2
2025.06.17	01:37:48.309	1.35706	1.35710			6
2025.06.17	01:37:48.611		1.35709			4
2025.06.17	01:37:49.542	1.35705				2
2025.06.17	01:37:51.394	1.35707	1.35712			6
2025.06.17	01:37:52.309		1.35711			4
2025.06.17	01:37:53.542	1.35706				2
2025.06.17	01:37:53.853	1.35707				2
2025.06.17	01:37:54.780		1.35712			4
2025.06.17	01:37:55.396	1.35708				2
2025.06.17	01:37:56.634	1.35706	1.35711			6
2025.06.17	01:37:56.942	1.35707	1.35712			6
2025.06.17	01:37:57.557		1.35711			4
2025.06.17	01:38:00.019	1.35707				2
2025.06.17	01:38:00.327	1.35715	1.35720			6
