<DATE>	<TIME>	<BID>	<ASK>	<LAST>	<VOLUME>	<FLAGS>
2025.12.16	00:03:31.458	1.33689	1.33765			6
2025.12.16	00:04:00.025	1.33689				2
2025.12.16	00:04:31.558		1.33765			4
2025.12.16	00:05:00.251	1.33689				2
2025.12.16	00:05:01.799	1.33692				2
2025.12.16	00:05:02.111	1.33689				2
2025.12.16	00:05:08.594	1.33698				2
2025.12.16	00:05:10.138	1.33703				2
2025.12.16	00:05:11.066	1.33697				2
2025.12.16	00:05:11.371	1.33689				2
2025.12.16	00:05:21.866	1.33680	1.33748			6
2025.12.16	00:05:22.172	1.33682	1.33750			6
2025.12.16	00:05:22.490	1.33681	1.33749			6
2025.12.16	00:05:24.336	1.33684	1.33752			6
2025.12.16	00:05:27.107	1.33686	1.33754			6
2025.12.16	00:05:28.950	1.33689	1.33757			6
2025.12.16	00:05:29.571		1.33753			4
2025.12.16	00:05:31.109	1.33688				2
2025.12.16	00:05:33.272	1.33689				2
2025.12.16	00:05:34.513		1.33757			4
2025.12.16	00:05:35.134	1.33685	1.33753			6
2025.12.16	00:05:37.293	1.33686	1.33754			6
2025.12.16	00:05:40.072	1.33685	1.33753			6
2025.12.16	00:05:45.034	1.33687	1.33755			6
2025.12.16	00:05:48.472	1.33686	1.33754			6
2025.12.16	00:05:49.403	1.33689	1.33760			6
2025.12.16	00:05:51.257		1.33759			4
2025.12.16	00:06:00.210	1.33689				2
2025.12.16	00:06:00.831		1.33758			4
2025.12.16	00:06:10.709		1.33759			4
2025.12.16	00:06:18.125		1.33760			4
2025.12.16	00:06:18.745		1.33765			4
2025.12.16	00:07:00.125	1.33689				2
2025.12.16	00:07:18.969		1.33765			4
2025.12.16	00:08:00.062	1.33689				2
2025.12.16	00:08:19.241		1.33765			4
2025.12.16	00:09:00.107	1.33689				2
2025.12.16	00:09:19.549		1.33765			4
2025.12.16	00:10:00.012	1.33689				2
2025.12.16	00:10:19.779		1.33765			4
2025.12.16	00:11:00.000	1.33689				2
2025.12.16	00:11:19.829		1.33765			4
2025.12.16	00:12:00.191	1.33689				2
2025.12.16	00:12:20.026		1.33765			4
2025.12.16	00:13:00.230	1.33689				2
2025.12.16	00:13:20.233		1.33765			4
2025.12.16	00:14:00.279	1.33689				2
2025.12.16	00:14:20.309		1.33765			4
2025.12.16	00:14:30.147	1.33693				2
2025.12.16	00:14:31.066	1.33699	1.33767			6
2025.12.16	00:15:00.097	1.33699				2
2025.12.16	00:15:31.145		1.33767			4
2025.12.16	00:16:00.299	1.33699				2
2025.12.16	00:16:31.254		1.33767			4
2025.12.16	00:17:00.052	1.33699				2
2025.12.16	00:17:31.287		1.33767			4
2025.12.16	00:18:00.157	1.33699				2
2025.12.16	00:18:31.485		1.33767			4
2025.12.16	00:19:00.284	1.33699				2
2025.12.16	00:19:31.514		1.33767			4
2025.12.16	00:20:00.038	1.33699				2
2025.12.16	00:20:00.345	1.33685	1.33783			6
2025.12.16	00:20:08.074	1.33686				2
2025.12.16	00:20:17.339	1.33685				2
2025.12.16	00:20:21.668	1.33682				2
2025.12.16	00:20:25.070	1.33683	1.33778			6
2025.12.16	00:20:43.055	1.33681				2
2025.12.16	00:20:43.369	1.33682				2
2025.12.16	00:20:44.296	1.33680				2
2025.12.16	00:20:45.279	1.33679				2
2025.12.16	00:20:45.699	1.33681				2
2025.12.16	00:20:47.554	1.33680				2
2025.12.16	00:20:54.871	1.33679				2
2025.12.16	00:20:56.431	1.33683				2
2025.12.16	00:21:00.142	1.33683				2
2025.12.16	00:21:25.145		1.33778			4
2025.12.16	00:21:56.657	1.33684				2
2025.12.16	00:22:00.053	1.33684				2
2025.12.16	00:22:25.387		1.33778			4
2025.12.16	00:22:33.096	1.33671				2
2025.12.16	00:22:57.150	1.33684	1.33788			6
2025.12.16	00:22:57.462	1.33674	1.33787			6
2025.12.16	00:22:57.778		1.33784			4
2025.12.16	00:22:58.137	1.33678				2
2025.12.16	00:22:59.365	1.33677				2
2025.12.16	00:23:00.879	1.33678				2
2025.12.16	00:23:02.121	1.33676				2
2025.12.16	00:23:32.820		1.33782			4
2025.12.16	00:23:38.737	1.33677				2
2025.12.16	00:23:53.723	1.33691				2
2025.12.16	00:24:02.979	1.33691				2
2025.12.16	00:24:32.830		1.33777			4
2025.12.16	00:24:57.721	1.33686				2
2025.12.16	00:25:00.827	1.33671				2
2025.12.16	00:25:18.384	1.33672				2
2025.12.16	00:25:21.458	1.33673				2
2025.12.16	00:25:23.606	1.33674				2
2025.12.16	00:25:32.814	1.33671				2
2025.12.16	00:25:36.877		1.33777			4
2025.12.16	00:26:00.492	1.33671				2
2025.12.16	00:26:19.799	1.33674				2
2025.12.16	00:26:20.734	1.33675				2
2025.12.16	00:26:27.836	1.33676				2
2025.12.16	00:26:32.465	1.33677				2
2025.12.16	00:26:32.780	1.33676	1.33778			6
2025.12.16	00:26:34.321	1.33677				2
2025.12.16	00:26:37.105		1.33777			4
2025.12.16	00:26:40.204	1.33678				2
2025.12.16	00:26:41.757	1.33679				2
2025.12.16	00:26:43.320	1.33680				2
2025.12.16	00:26:56.924	1.33678				2
2025.12.16	00:27:00.022	1.33678				2
2025.12.16	00:27:04.039	1.33674	1.33779			6
2025.12.16	00:27:20.861	1.33676				2
2025.12.16	00:27:24.870	1.33678	1.33777			6
2025.12.16	00:27:36.935	1.33674				2
2025.12.16	00:27:44.211	1.33675				2
2025.12.16	00:27:46.687	1.33674				2
2025.12.16	00:27:51.149	1.33676				2
2025.12.16	00:27:56.094	1.33678				2
2025.12.16	00:28:00.129	1.33678				2
2025.12.16	00:28:10.635	1.33683				2
2025.12.16	00:28:11.565	1.33685				2
2025.12.16	00:28:12.498	1.33686				2
2025.12.16	00:28:16.825	1.33679				2
2025.12.16	00:28:20.837		1.33763			4
2025.12.16	00:28:21.146	1.33685				2
2025.12.16	00:28:21.454	1.33684				2
2025.12.16	00:28:23.948	1.33685				2
2025.12.16	00:28:27.036	1.33673				2
2025.12.16	00:28:35.090	1.33680				2
2025.12.16	00:28:37.558	1.33674				2
2025.12.16	00:28:41.569	1.33676				2
2025.12.16	00:28:42.189	1.33673				2
2025.12.16	00:28:50.410	1.33676				2
2025.12.16	00:28:51.650	1.33677				2
2025.12.16	00:28:52.270	1.33675				2
2025.12.16	00:28:55.066	1.33676				2
2025.12.16	00:29:00.002	1.33676				2
2025.12.16	00:29:12.713	1.33677				2
2025.12.16	00:29:21.132		1.33763			4
2025.12.16	00:29:22.059	1.33678				2
2025.12.16	00:29:31.056	1.33677				2
2025.12.16	00:29:37.238	1.33675				2
2025.12.16	00:29:47.104	1.33676				2
2025.12.16	00:29:50.209	1.33677				2
2025.12.16	00:29:52.066	1.33675				2
2025.12.16	00:30:00.374	1.33676				2
2025.12.16	00:30:00.695	1.33674				2
2025.12.16	00:30:01.623	1.33681				2
2025.12.16	00:30:13.063	1.33674				2
2025.12.16	00:30:16.179	1.33675				2
2025.12.16	00:30:17.722	1.33682				2
2025.12.16	00:30:21.450		1.33763			4
2025.12.16	00:30:23.001	1.33676				2
2025.12.16	00:30:23.314	1.33678				2
2025.12.16	00:30:23.624	1.33680				2
2025.12.16	00:30:26.097	1.33681				2
2025.12.16	00:30:27.952	1.33682				2
2025.12.16	00:30:28.256	1.33683				2
2025.12.16	00:30:32.032	1.33681	1.33766			6
2025.12.16	00:30:34.211	1.33682				2
2025.12.16	00:30:36.686	1.33683				2
2025.12.16	00:30:38.853	1.33684				2
2025.12.16	00:30:39.478	1.33685				2
2025.12.16	00:30:48.476	1.33684				2
2025.12.16	00:30:49.406	1.33687				2
2025.12.16	00:30:53.134	1.33688				2
2025.12.16	00:30:53.437	1.33687				2
2025.12.16	00:30:57.152	1.33688				2
2025.12.16	00:30:57.453	1.33687				2
2025.12.16	00:31:00.236	1.33689				2
2025.12.16	00:31:00.543	1.33688				2
2025.12.16	00:31:01.779	1.33689				2
2025.12.16	00:31:08.574	1.33688				2
2025.12.16	00:31:09.510	1.33689				2
2025.12.16	00:31:09.818	1.33688				2
2025.12.16	00:31:12.920	1.33687				2
2025.12.16	00:31:17.259	1.33689				2
2025.12.16	00:31:31.774	1.33688				2
2025.12.16	00:31:32.091		1.33766			4
2025.12.16	00:31:32.703	1.33686				2
2025.12.16	00:31:36.410	1.33687				2
2025.12.16	00:31:39.497	1.33688				2
2025.12.16	00:31:44.133	1.33689				2
2025.12.16	00:31:44.443	1.33690				2
2025.12.16	00:31:45.062	1.33691				2
2025.12.16	00:31:45.370	1.33690				2
2025.12.16	00:31:48.780	1.33691				2
2025.12.16	00:31:51.566	1.33690				2
2025.12.16	00:31:52.804	1.33691				2
2025.12.16	00:31:53.113		1.33767			4
2025.12.16	00:31:53.729	1.33692				2
2025.12.16	00:32:00.211	1.33692				2
2025.12.16	00:32:05.783	1.33693				2
2025.12.16	00:32:12.278	1.33691				2
2025.12.16	00:32:19.096	1.33692				2
2025.12.16	00:32:28.977	1.33694				2
2025.12.16	00:32:29.289	1.33693				2
2025.12.16	00:32:31.760	1.33694				2
2025.12.16	00:32:32.066	1.33691				2
2025.12.16	00:32:36.083	1.33693				2
2025.12.16	00:32:36.385	1.33692	1.33765			6
2025.12.16	00:32:36.703	1.33694				2
2025.12.16	00:32:39.486	1.33695				2
2025.12.16	00:32:41.025	1.33696				2
2025.12.16	00:32:46.887	1.33694				2
2025.12.16	00:32:47.803	1.33695				2
2025.12.16	00:32:53.624	1.33696				2
2025.12.16	00:33:00.073	1.33696				2
2025.12.16	00:33:01.611	1.33695				2
2025.12.16	00:33:05.628	1.33696				2
2025.12.16	00:33:17.052	1.33697				2
2025.12.16	00:33:26.285	1.33707				2
2025.12.16	00:33:26.599		1.33770			4
2025.12.16	00:33:29.936	1.33701	1.33769			6
2025.12.16	00:33:30.993	1.33697	1.33768			6
2025.12.16	00:33:31.313	1.33698				2
2025.12.16	00:33:47.633	1.33697				2
2025.12.16	00:34:00.220	1.33697				2
2025.12.16	00:34:14.077	1.33695				2
2025.12.16	00:34:25.460	1.33696				2
2025.12.16	00:34:31.025		1.33768			4
2025.12.16	00:34:40.926	1.33697				2
2025.12.16	00:35:00.023	1.33697				2
2025.12.16	00:35:01.247	1.33700				2
2025.12.16	00:35:01.554	1.33697				2
2025.12.16	00:35:07.729	1.33698				2
2025.12.16	00:35:11.431	1.33697				2
2025.12.16	00:35:21.008	1.33698				2
2025.12.16	00:35:22.553	1.33697				2
2025.12.16	00:35:26.566	1.33698				2
2025.12.16	00:35:31.221		1.33768			4
2025.12.16	00:35:38.017	1.33695				2
2025.12.16	00:35:38.320	1.33704	1.33762			6
2025.12.16	00:35:42.652	1.33695	1.33766			6
2025.12.16	00:35:42.958	1.33704				2
2025.12.16	00:35:45.738	1.33705				2
2025.12.16	00:35:50.677	1.33704				2
2025.12.16	00:35:50.980	1.33705				2
2025.12.16	00:35:52.523	1.33706	1.33773			6
2025.12.16	00:35:58.704		1.33775			4
2025.12.16	00:35:59.011	1.33702				2
2025.12.16	00:35:59.319	1.33704				2
2025.12.16	00:36:00.246	1.33704				2
2025.12.16	00:36:00.551	1.33705				2
2025.12.16	00:36:07.654	1.33694				2
2025.12.16	00:36:07.962	1.33699				2
2025.12.16	00:36:08.270	1.33700				2
2025.12.16	00:36:09.196	1.33701				2
2025.12.16	00:36:10.733	1.33700				2
2025.12.16	00:36:11.349	1.33702				2
2025.12.16	00:36:11.655	1.33706				2
2025.12.16	00:36:13.814	1.33709				2
2025.12.16	00:36:20.931	1.33708				2
2025.12.16	00:36:21.857	1.33707				2
2025.12.16	00:36:22.175	1.33705				2
2025.12.16	00:36:22.480	1.33704				2
2025.12.16	00:36:22.789	1.33706				2
2025.12.16	00:36:23.409	1.33704				2
2025.12.16	00:36:23.716	1.33706				2
2025.12.16	00:36:25.571	1.33709				2
2025.12.16	00:36:30.516	1.33699				2
2025.12.16	00:36:31.446	1.33697				2
2025.12.16	00:36:34.546	1.33699				2
2025.12.16	00:36:35.161	1.33706				2
2025.12.16	00:36:36.090	1.33707				2
2025.12.16	00:36:36.393	1.33705				2
2025.12.16	00:36:37.324	1.33708				2
2025.12.16	00:36:38.867	1.33706				2
2025.12.16	00:36:39.172	1.33704				2
2025.12.16	00:36:39.480	1.33707				2
2025.12.16	00:36:39.788	1.33709				2
2025.12.16	00:36:40.406	1.33708				2
2025.12.16	00:36:44.431	1.33709				2
2025.12.16	00:36:46.292	1.33710				2
2025.12.16	00:36:46.599	1.33708				2
2025.12.16	00:36:50.016	1.33709				2
2025.12.16	00:36:50.972	1.33706				2
2025.12.16	00:36:53.135	1.33708				2
2025.12.16	00:36:56.248	1.33706	1.33778			6
2025.12.16	00:36:59.376	1.33707				2
2025.12.16	00:37:00.002	1.33708				2
2025.12.16	00:37:02.495	1.33709				2
2025.12.16	00:37:19.885	1.33710				2
2025.12.16	00:37:20.500	1.33709				2
2025.12.16	00:37:20.809	1.33710				2
2025.12.16	00:37:22.047	1.33711				2
2025.12.16	00:37:35.690	1.33712				2
2025.12.16	00:37:40.325	1.33710				2
2025.12.16	00:37:40.635	1.33712				2
2025.12.16	00:37:40.941	1.33711				2
2025.12.16	00:37:44.372	1.33715				2
2025.12.16	00:37:45.007	1.33712				2
2025.12.16	00:37:45.314	1.33713				2
2025.12.16	00:37:45.627	1.33712				2
2025.12.16	00:37:53.394	1.33714				2
2025.12.16	00:37:53.713	1.33712				2
2025.12.16	00:37:56.541		1.33778			4
2025.12.16	00:37:56.857	1.33714				2
2025.12.16	00:37:57.163		1.33781			4
2025.12.16	00:38:00.259	1.33714				2
2025.12.16	00:38:00.881	1.33711				2
2025.12.16	00:38:02.441	1.33710				2
2025.12.16	00:38:06.804		1.33782			4
2025.12.16	00:38:07.113		1.33781			4
2025.12.16	00:38:08.051		1.33780			4
2025.12.16	00:38:13.626	1.33711				2
2025.12.16	00:38:19.541	1.33713	1.33781			6
2025.12.16	00:38:19.848	1.33712				2
2025.12.16	00:38:21.398	1.33713				2
2025.12.16	00:38:21.707	1.33714				2
2025.12.16	00:38:28.248	1.33713				2
2025.12.16	00:38:28.872	1.33715				2
2025.12.16	00:38:30.422	1.33716				2
2025.12.16	00:38:33.540	1.33714				2
2025.12.16	00:38:34.158	1.33711				2
2025.12.16	00:38:36.958	1.33713				2
2025.12.16	00:38:37.272	1.33712				2
2025.12.16	00:38:37.575	1.33713				2
2025.12.16	00:38:38.514	1.33710				2
2025.12.16	00:38:38.822	1.33708	1.33780			6
2025.12.16	00:38:40.690	1.33710				2
2025.12.16	00:38:42.859	1.33711				2
2025.12.16	00:38:43.168	1.33712				2
2025.12.16	00:38:45.031	1.33713				2
2025.12.16	00:38:47.200	1.33714				2
2025.12.16	00:38:47.515	1.33713				2
2025.12.16	00:38:47.823	1.33712				2
2025.12.16	00:38:48.449	1.33714				2
2025.12.16	00:38:49.071		1.33782			4
2025.12.16	00:38:49.384	1.33713				2
2025.12.16	00:38:50.935		1.33781			4
2025.12.16	00:38:51.237	1.33714				2
2025.12.16	00:38:56.827	1.33713				2
2025.12.16	00:38:57.140	1.33714				2
2025.12.16	00:39:00.238	1.33714				2
2025.12.16	00:39:04.884		1.33780			4
2025.12.16	00:39:06.129		1.33781			4
2025.12.16	00:39:14.784	1.33716				2
2025.12.16	00:39:15.714	1.33715	1.33782			6
2025.12.16	00:39:16.644	1.33712				2
2025.12.16	00:39:16.949	1.33714				2
2025.12.16	00:39:20.973	1.33713				2
2025.12.16	00:39:21.283		1.33781			4
2025.12.16	00:39:21.592	1.33715				2
2025.12.16	00:39:24.066	1.33714				2
2025.12.16	00:39:24.375	1.33716				2
2025.12.16	00:39:24.688	1.33714	1.33782			6
2025.12.16	00:39:24.994	1.33715				2
2025.12.16	00:39:25.308	1.33714				2
2025.12.16	00:39:25.616	1.33716				2
2025.12.16	00:39:29.017	1.33715				2
2025.12.16	00:39:34.893		1.33781			4
2025.12.16	00:39:37.375	1.33716				2
2025.12.16	00:39:39.231	1.33715				2
2025.12.16	00:39:39.534	1.33712				2
2025.12.16	00:39:39.844	1.33713	1.33780			6
2025.12.16	00:39:40.153	1.33712				2
2025.12.16	00:39:44.520	1.33715				2
2025.12.16	00:39:45.763	1.33713	1.33781			6
2025.12.16	00:39:46.689	1.33711				2
2025.12.16	00:39:47.007	1.33712				2
2025.12.16	00:39:47.312	1.33714				2
2025.12.16	00:39:47.620	1.33715				2
2025.12.16	00:39:50.733	1.33713				2
2025.12.16	00:39:51.046	1.33715				2
2025.12.16	00:39:51.356	1.33713				2
2025.12.16	00:39:51.671	1.33715				2
2025.12.16	00:39:55.072	1.33711				2
2025.12.16	00:39:55.379	1.33713				2
2025.12.16	00:39:55.698	1.33714				2
2025.12.16	00:39:56.314	1.33715				2
2025.12.16	00:40:00.051	1.33716				2
2025.12.16	00:40:00.359	1.33715				2
2025.12.16	00:40:00.674	1.33716				2
2025.12.16	00:40:05.624	1.33717				2
2025.12.16	00:40:07.797	1.33715				2
2025.12.16	00:40:08.719	1.33716				2
2025.12.16	00:40:10.899	1.33715				2
2025.12.16	00:40:16.488	1.33716				2
2025.12.16	00:40:19.575	1.33715				2
2025.12.16	00:40:20.819	1.33717				2
2025.12.16	00:40:25.145	1.33716				2
2025.12.16	00:40:25.454	1.33717				2
2025.12.16	00:40:25.767	1.33716				2
2025.12.16	00:40:27.009	1.33717				2
2025.12.16	00:40:31.028	1.33715				2
2025.12.16	00:40:31.337	1.33717				2
2025.12.16	00:40:34.742	1.33715				2
2025.12.16	00:40:35.055	1.33717				2
2025.12.16	00:40:35.362	1.33715				2
2025.12.16	00:40:35.673	1.33716				2
2025.12.16	00:40:35.983	1.33714				2
2025.12.16	00:40:40.608	1.33718				2
2025.12.16	00:40:40.920	1.33716				2
2025.12.16	00:40:41.535	1.33717				2
2025.12.16	00:40:44.319	1.33719				2
2025.12.16	00:40:44.621	1.33720				2
2025.12.16	00:40:45.252	1.33721				2
2025.12.16	00:40:45.862	1.33720	1.33781			6
2025.12.16	00:40:46.175	1.33721				2
2025.12.16	00:40:46.487	1.33720				2
2025.12.16	00:40:46.796	1.33721				2
2025.12.16	00:40:48.651	1.33720				2
2025.12.16	00:40:56.064	1.33717				2
2025.12.16	00:40:56.376	1.33719				2
2025.12.16	00:40:56.680	1.33720				2
2025.12.16	00:40:57.308	1.33721				2
2025.12.16	00:40:58.538	1.33716				2
2025.12.16	00:40:58.852	1.33717				2
2025.12.16	00:41:00.093	1.33717				2
2025.12.16	00:41:00.399	1.33718				2
2025.12.16	00:41:01.632	1.33716				2
2025.12.16	00:41:01.947	1.33717				2
2025.12.16	00:41:03.800	1.33718				2
2025.12.16	00:41:04.109	1.33719				2
2025.12.16	00:41:04.419	1.33718				2
2025.12.16	00:41:06.883	1.33719				2
2025.12.16	00:41:09.972	1.33718				2
2025.12.16	00:41:10.589	1.33721				2
2025.12.16	00:41:10.899	1.33718				2
2025.12.16	00:41:11.206	1.33722				2
2025.12.16	00:41:16.481	1.33720				2
2025.12.16	00:41:16.789	1.33718				2
2025.12.16	00:41:17.100	1.33720				2
2025.12.16	00:41:17.409	1.33719				2
2025.12.16	00:41:17.718	1.33720				2
2025.12.16	00:41:21.119	1.33722	1.33782			6
2025.12.16	00:41:26.069	1.33724				2
2025.12.16	00:41:26.688	1.33716				2
2025.12.16	00:41:26.990	1.33718				2
2025.12.16	00:41:27.308	1.33719				2
2025.12.16	00:41:27.618	1.33721				2
2025.12.16	00:41:27.923	1.33720				2
2025.12.16	00:41:46.759	1.33717				2
2025.12.16	00:41:47.066	1.33720				2
2025.12.16	00:41:47.370	1.33721				2
2025.12.16	00:41:56.956	1.33724				2
2025.12.16	00:41:57.266	1.33723				2
2025.12.16	00:41:57.890	1.33724				2
2025.12.16	00:41:58.193	1.33721				2
2025.12.16	00:41:58.501	1.33720				2
2025.12.16	00:41:58.806	1.33723				2
2025.12.16	00:41:59.113	1.33720				2
2025.12.16	00:42:00.049	1.33720				2
2025.12.16	00:42:06.868	1.33718				2
2025.12.16	00:42:07.178	1.33720				2
2025.12.16	00:42:11.541	1.33721				2
2025.12.16	00:42:11.851	1.33722				2
2025.12.16	00:42:14.341	1.33721				2
2025.12.16	00:42:14.642	1.33717	1.33785			6
2025.12.16	00:42:14.950	1.33722				2
2025.12.16	00:42:15.259	1.33721				2
2025.12.16	00:42:15.567	1.33722				2
2025.12.16	00:42:16.499	1.33723	1.33786			6
2025.12.16	00:42:17.757	1.33720				2
2025.12.16	00:42:23.626		1.33785			4
2025.12.16	00:42:28.276	1.33719	1.33786			6
2025.12.16	00:42:28.592	1.33720				2
2025.12.16	00:42:31.712	1.33721	1.33787			6
2025.12.16	00:42:33.576	1.33717	1.33786			6
2025.12.16	00:42:34.196	1.33719				2
2025.12.16	00:42:37.279	1.33718				2
2025.12.16	00:42:40.673	1.33717	1.33789			6
2025.12.16	00:42:41.293	1.33718	1.33790			6
2025.12.16	00:42:41.610	1.33717				2
2025.12.16	00:42:42.225	1.33716				2
2025.12.16	00:42:42.533	1.33718				2
2025.12.16	00:42:47.174	1.33717				2
2025.12.16	00:42:47.481	1.33719				2
2025.12.16	00:42:49.649	1.33717				2
2025.12.16	00:42:50.265	1.33718				2
2025.12.16	00:42:50.888	1.33719				2
2025.12.16	00:42:51.814	1.33718				2
2025.12.16	00:42:52.133	1.33707				2
2025.12.16	00:42:53.053	1.33711				2
2025.12.16	00:42:53.986	1.33707				2
2025.12.16	00:42:54.622	1.33708				2
2025.12.16	00:42:55.250	1.33710				2
2025.12.16	00:42:55.568	1.33712				2
2025.12.16	00:42:57.432	1.33707				2
2025.12.16	00:42:58.665	1.33708				2
2025.12.16	00:42:58.977	1.33706				2
2025.12.16	00:43:00.208	1.33706				2
2025.12.16	00:43:00.523	1.33707				2
2025.12.16	00:43:03.621	1.33703				2
2025.12.16	00:43:04.439	1.33708				2
2025.12.16	00:43:06.325	1.33719				2
2025.12.16	00:43:06.632	1.33710				2
2025.12.16	00:43:06.933	1.33705				2
2025.12.16	00:43:07.247	1.33715				2
2025.12.16	00:43:07.554	1.33718				2
2025.12.16	00:43:09.757	1.33719				2
2025.12.16	00:43:10.068	1.33720				2
2025.12.16	00:43:10.386	1.33719				2
2025.12.16	00:43:12.563	1.33720				2
2025.12.16	00:43:17.198	1.33717				2
2025.12.16	00:43:17.506	1.33718				2
2025.12.16	00:43:17.821	1.33715				2
2025.12.16	00:43:18.123	1.33714				2
2025.12.16	00:43:20.615	1.33715				2
2025.12.16	00:43:20.923	1.33716				2
2025.12.16	00:43:23.093	1.33717				2
2025.12.16	00:43:23.394	1.33715				2
2025.12.16	00:43:25.896	1.33716				2
2025.12.16	00:43:26.207	1.33715				2
2025.12.16	00:43:26.524	1.33717				2
2025.12.16	00:43:28.698	1.33711				2
2025.12.16	00:43:29.318	1.33712				2
2025.12.16	00:43:29.626	1.33713				2
2025.12.16	00:43:29.939	1.33714				2
2025.12.16	00:43:30.244	1.33715				2
2025.12.16	00:43:31.484	1.33716				2
2025.12.16	00:43:31.792	1.33717				2
2025.12.16	00:43:32.103	1.33718				2
2025.12.16	00:43:32.411	1.33716				2
2025.12.16	00:43:32.719	1.33718				2
2025.12.16	00:43:33.347	1.33717				2
2025.12.16	00:43:37.357	1.33716				2
2025.12.16	00:43:41.380		1.33790			4
2025.12.16	00:43:43.552	1.33717				2
2025.12.16	00:43:51.946	1.33716				2
2025.12.16	00:43:52.262	1.33715				2
2025.12.16	00:43:58.792	1.33716				2
2025.12.16	00:44:00.036	1.33716				2
2025.12.16	00:44:01.890	1.33715				2
2025.12.16	00:44:17.392	1.33714				2
2025.12.16	00:44:20.484	1.33713				2
2025.12.16	00:44:25.763	1.33714				2
2025.12.16	00:44:26.993		1.33795			4
2025.12.16	00:44:27.300	1.33713				2
2025.12.16	00:44:30.998	1.33714				2
2025.12.16	00:44:31.923	1.33713	1.33792			6
2025.12.16	00:44:32.539	1.33714	1.33791			6
2025.12.16	00:44:32.849		1.33792			4
2025.12.16	00:44:33.158	1.33713	1.33793			6
2025.12.16	00:44:33.472	1.33715				2
2025.12.16	00:44:33.776	1.33713	1.33792			6
2025.12.16	00:44:34.087	1.33714	1.33793			6
2025.12.16	00:44:34.395	1.33716	1.33794			6
2025.12.16	00:44:35.323	1.33715				2
2025.12.16	00:44:36.562		1.33795			4
2025.12.16	00:44:36.869	1.33717				2
2025.12.16	00:44:37.175	1.33718	1.33794			6
2025.12.16	00:44:37.482	1.33720				2
2025.12.16	00:44:37.792		1.33793			4
2025.12.16	00:44:40.884		1.33794			4
2025.12.16	00:44:41.190	1.33719				2
2025.12.16	00:44:47.689	1.33716	1.33793			6
2025.12.16	00:44:47.996	1.33715	1.33795			6
2025.12.16	00:44:48.304	1.33714				2
2025.12.16	00:44:56.038		1.33794			4
2025.12.16	00:44:57.587		1.33796			4
2025.12.16	00:44:57.907	1.33717				2
2025.12.16	00:44:58.219	1.33719				2
2025.12.16	00:44:59.452	1.33716				2
2025.12.16	00:45:00.073	1.33716				2
2025.12.16	00:45:02.843	1.33717				2
2025.12.16	00:45:03.157		1.33801			4
2025.12.16	00:45:03.463		1.33802			4
2025.12.16	00:45:06.264	1.33716				2
2025.12.16	00:45:06.585	1.33713	1.33796			6
2025.12.16	00:45:06.893	1.33712				2
2025.12.16	00:45:07.203	1.33713				2
2025.12.16	00:45:07.512	1.33712				2
2025.12.16	00:45:12.363	1.33728	1.33780			6
2025.12.16	00:45:19.449		1.33781			4
2025.12.16	00:45:27.212	1.33727				2
2025.12.16	00:45:27.831		1.33780			4
2025.12.16	00:45:31.862		1.33779			4
2025.12.16	00:45:32.172		1.33781			4
2025.12.16	00:45:33.713		1.33780			4
2025.12.16	00:45:34.019	1.33728				2
2025.12.16	00:45:34.327	1.33727				2
2025.12.16	00:45:35.573	1.33726	1.33779			6
2025.12.16	00:45:36.498	1.33727	1.33780			6
2025.12.16	00:45:36.813		1.33779			4
2025.12.16	00:45:39.578	1.33728				2
2025.12.16	00:45:42.048	1.33727				2
2025.12.16	00:45:42.364	1.33728				2
2025.12.16	00:45:48.248	1.33727	1.33780			6
2025.12.16	00:45:48.553	1.33728				2
2025.12.16	00:45:48.867	1.33727				2
2025.12.16	00:45:49.485		1.33779			4
2025.12.16	00:45:49.797	1.33726				2
2025.12.16	00:45:50.412	1.33727				2
2025.12.16	00:45:51.644	1.33726	1.33771			6
2025.12.16	00:45:51.958		1.33779			4
2025.12.16	00:45:56.290	1.33727				2
2025.12.16	00:45:56.907	1.33729				2
2025.12.16	00:46:00.300	1.33729				2
2025.12.16	00:46:02.470	1.33728	1.33778			6
2025.12.16	00:46:02.778	1.33729	1.33779			6
2025.12.16	00:46:03.702		1.33778			4
2025.12.16	00:46:08.644	1.33727				2
2025.12.16	00:46:09.570	1.33726				2
2025.12.16	00:46:10.822	1.33728				2
2025.12.16	00:46:11.132	1.33727				2
2025.12.16	00:46:11.439	1.33728				2
2025.12.16	00:46:12.360		1.33781			4
2025.12.16	00:46:12.982	1.33727				2
2025.12.16	00:46:13.286	1.33728				2
2025.12.16	00:46:13.594	1.33729				2
2025.12.16	00:46:13.908	1.33728				2
2025.12.16	00:46:14.831	1.33727				2
2025.12.16	00:46:15.135	1.33728				2
2025.12.16	00:46:16.073	1.33727				2
2025.12.16	00:46:16.381	1.33726				2
2025.12.16	00:46:16.688	1.33728				2
2025.12.16	00:46:17.306		1.33780			4
2025.12.16	00:46:18.238		1.33781			4
2025.12.16	00:46:20.424		1.33782			4
2025.12.16	00:46:24.158	1.33727	1.33779			6
2025.12.16	00:46:24.463	1.33729	1.33780			6
2025.12.16	00:46:26.325		1.33782			4
2025.12.16	00:46:26.628		1.33781			4
2025.12.16	00:46:28.197	1.33732				2
2025.12.16	00:46:28.504	1.33734				2
2025.12.16	00:46:28.818	1.33732	1.33780			6
2025.12.16	00:46:31.607	1.33729	1.33779			6
2025.12.16	00:46:31.916	1.33731				2
2025.12.16	00:46:32.535		1.33778			4
2025.12.16	00:46:33.465	1.33730				2
2025.12.16	00:46:34.700	1.33728				2
2025.12.16	00:46:35.006	1.33729				2
2025.12.16	00:46:36.550	1.33728	1.33777			6
2025.12.16	00:46:36.857	1.33722				2
2025.12.16	00:46:37.164	1.33724	1.33778			6
2025.12.16	00:46:37.476	1.33731				2
2025.12.16	00:46:38.400		1.33779			4
2025.12.16	00:46:38.713	1.33732				2
2025.12.16	00:46:39.019	1.33731				2
2025.12.16	00:46:43.375		1.33781			4
2025.12.16	00:46:43.678		1.33780			4
2025.12.16	00:46:44.612		1.33779			4
2025.12.16	00:46:45.228	1.33729				2
2025.12.16	00:46:46.764		1.33778			4
2025.12.16	00:46:49.546	1.33730	1.33781			6
2025.12.16	00:46:49.862	1.33729	1.33780			6
2025.12.16	00:46:50.169	1.33728				2
2025.12.16	00:46:50.472	1.33727	1.33777			6
2025.12.16	00:46:50.775	1.33729	1.33780			6
2025.12.16	00:46:51.076	1.33731	1.33779			6
2025.12.16	00:46:51.379		1.33783			4
2025.12.16	00:46:51.697		1.33787			4
2025.12.16	00:46:52.004		1.33789			4
2025.12.16	00:46:52.620		1.33783			4
2025.12.16	00:46:52.924	1.33732				2
2025.12.16	00:46:53.227		1.33782			4
2025.12.16	00:46:53.857	1.33733				2
2025.12.16	00:46:54.165	1.33731	1.33780			6
2025.12.16	00:46:54.473	1.33732	1.33779			6
2025.12.16	00:46:54.788		1.33780			4
2025.12.16	00:46:55.409	1.33731				2
2025.12.16	00:46:57.899	1.33730				2
2025.12.16	00:46:58.830	1.33729				2
2025.12.16	00:46:59.450	1.33727				2
2025.12.16	00:46:59.756	1.33721	1.33779			6
2025.12.16	00:47:00.066	1.33728				2
2025.12.16	00:47:00.378	1.33729				2
2025.12.16	00:47:00.685	1.33730				2
2025.12.16	00:47:03.166		1.33788			4
2025.12.16	00:47:06.571		1.33779			4
2025.12.16	00:47:06.886	1.33729				2
2025.12.16	00:47:07.190	1.33726				2
2025.12.16	00:47:07.509	1.33727				2
2025.12.16	00:47:07.813	1.33728				2
2025.12.16	00:47:09.068	1.33729				2
2025.12.16	00:47:11.225	1.33728				2
2025.12.16	00:47:11.848	1.33726				2
2025.12.16	00:47:13.088	1.33728				2
2025.12.16	00:47:13.397	1.33727				2
2025.12.16	00:47:14.021	1.33730				2
2025.12.16	00:47:18.368	1.33728				2
2025.12.16	00:47:18.675	1.33730				2
2025.12.16	00:47:19.298	1.33729				2
2025.12.16	00:47:19.919	1.33730				2
2025.12.16	00:47:20.543	1.33727				2
2025.12.16	00:47:20.854	1.33730				2
2025.12.16	00:47:21.161	1.33728				2
2025.12.16	00:47:26.752	1.33729				2
2025.12.16	00:47:27.687	1.33730				2
2025.12.16	00:47:27.987	1.33732				2
2025.12.16	00:47:28.597	1.33731				2
2025.12.16	00:47:29.224		1.33778			4
2025.12.16	00:47:34.478	1.33733				2
2025.12.16	00:47:34.787	1.33735				2
2025.12.16	00:47:58.398	1.33732				2
2025.12.16	00:47:58.712	1.33731				2
2025.12.16	00:47:59.017	1.33732				2
2025.12.16	00:47:59.334	1.33731				2
2025.12.16	00:47:59.644	1.33729				2
2025.12.16	00:47:59.955	1.33731				2
2025.12.16	00:48:00.263	1.33731				2
2025.12.16	00:48:09.554	1.33730				2
2025.12.16	00:48:11.407	1.33729				2
2025.12.16	00:48:11.713	1.33732				2
2025.12.16	00:48:12.647	1.33731				2
2025.12.16	00:48:13.573	1.33732				2
2025.12.16	00:48:13.881	1.33733				2
2025.12.16	00:48:14.807	1.33731				2
2025.12.16	00:48:16.661	1.33730				2
2025.12.16	00:48:16.971	1.33729				2
2025.12.16	00:48:17.585	1.33724				2
2025.12.16	00:48:17.893	1.33726				2
2025.12.16	00:48:24.691	1.33724				2
2025.12.16	00:48:27.472	1.33725				2
2025.12.16	00:48:29.324		1.33778			4
2025.12.16	00:48:33.947	1.33724				2
2025.12.16	00:48:34.565	1.33723				2
2025.12.16	00:48:34.882	1.33724				2
2025.12.16	00:48:37.954	1.33725				2
2025.12.16	00:48:41.666	1.33726				2
2025.12.16	00:48:58.510	1.33724				2
2025.12.16	00:49:00.054	1.33724				2
2025.12.16	00:49:11.481	1.33725				2
2025.12.16	00:49:16.734	1.33726				2
2025.12.16	00:49:28.457	1.33727				2
2025.12.16	00:49:29.383		1.33778			4
2025.12.16	00:49:35.539	1.33730				2
2025.12.16	00:49:45.661	1.33723				2
2025.12.16	00:49:46.889	1.33724				2
2025.12.16	00:49:47.197	1.33727				2
2025.12.16	00:49:47.505	1.33728				2
2025.12.16	00:49:52.112	1.33727				2
2025.12.16	00:49:53.651		1.33784			4
2025.12.16	00:49:57.654	1.33728				2
2025.12.16	00:50:00.122	1.33728				2
2025.12.16	00:50:06.579	1.33727				2
2025.12.16	00:50:07.198	1.33728				2
2025.12.16	00:50:12.443	1.33726				2
2025.12.16	00:50:12.745	1.33727				2
2025.12.16	00:50:13.982		1.33781			4
2025.12.16	00:50:14.909	1.33726				2
2025.12.16	00:50:21.090	1.33727				2
2025.12.16	00:50:24.190	1.33728				2
2025.12.16	00:50:25.124	1.33729	1.33786			6
2025.12.16	00:50:27.594	1.33730				2
2025.12.16	00:50:35.319	1.33732				2
2025.12.16	00:50:35.629	1.33733				2
2025.12.16	00:50:35.936	1.33734				2
2025.12.16	00:50:37.172	1.33733				2
2025.12.16	00:50:37.488	1.33731				2
2025.12.16	00:50:41.184	1.33729				2
2025.12.16	00:50:41.491	1.33731				2
2025.12.16	00:50:42.414	1.33730				2
2025.12.16	00:50:47.036	1.33728	1.33782			6
2025.12.16	00:50:48.887	1.33727				2
2025.12.16	00:50:51.048	1.33728				2
2025.12.16	00:50:58.429	1.33729				2
2025.12.16	00:51:00.270	1.33729				2
2025.12.16	00:51:01.819	1.33730				2
2025.12.16	00:51:06.451	1.33729				2
2025.12.16	00:51:06.761	1.33730				2
2025.12.16	00:51:11.705	1.33729				2
2025.12.16	00:51:12.633	1.33730				2
2025.12.16	00:51:12.942	1.33729				2
2025.12.16	00:51:20.052	1.33728				2
2025.12.16	00:51:20.674	1.33727				2
2025.12.16	00:51:21.608	1.33729				2
2025.12.16	00:51:35.507	1.33732				2
2025.12.16	00:51:37.677	1.33731				2
2025.12.16	00:51:40.137	1.33730				2
2025.12.16	00:51:41.064	1.33729				2
2025.12.16	00:51:47.188		1.33782			4
2025.12.16	00:51:53.957	1.33727				2
2025.12.16	00:51:56.726	1.33729				2
2025.12.16	00:51:58.583	1.33730	1.33786			6
2025.12.16	00:51:58.896	1.33731				2
2025.12.16	00:52:00.127	1.33731				2
2025.12.16	00:52:10.629	1.33730				2
2025.12.16	00:52:11.250	1.33728				2
2025.12.16	00:52:11.558	1.33727				2
2025.12.16	00:52:11.866	1.33728				2
2025.12.16	00:52:15.267	1.33727				2
2025.12.16	00:52:17.431	1.33728				2
2025.12.16	00:52:23.917	1.33726				2
2025.12.16	00:52:24.224	1.33721				2
2025.12.16	00:52:24.535	1.33720				2
2025.12.16	00:52:24.843	1.33724				2
2025.12.16	00:52:25.153	1.33722				2
2025.12.16	00:52:26.697	1.33721				2
2025.12.16	00:52:27.624	1.33724				2
2025.12.16	00:52:33.503	1.33716	1.33788			6
2025.12.16	00:52:33.812	1.33715				2
2025.12.16	00:52:34.428	1.33716				2
2025.12.16	00:52:34.746	1.33712				2
2025.12.16	00:52:35.370	1.33710				2
2025.12.16	00:52:35.677	1.33714				2
2025.12.16	00:52:40.315	1.33710				2
2025.12.16	00:52:41.256	1.33715				2
2025.12.16	00:52:41.568	1.33716				2
2025.12.16	00:52:49.599	1.33717				2
2025.12.16	00:52:59.478	1.33716				2
2025.12.16	00:53:00.097	1.33716				2
2025.12.16	00:53:01.023		1.33785			4
2025.12.16	00:53:01.644	1.33713				2
2025.12.16	00:53:10.921		1.33788			4
2025.12.16	00:53:11.544	1.33715				2
2025.12.16	00:53:11.852	1.33716				2
2025.12.16	00:53:16.794	1.33713				2
2025.12.16	00:53:20.810	1.33712				2
2025.12.16	00:53:21.126	1.33715				2
2025.12.16	00:53:26.678	1.33713				2
2025.12.16	00:53:38.090	1.33716				2
2025.12.16	00:53:40.564	1.33717				2
2025.12.16	00:53:51.064		1.33785			4
2025.12.16	00:54:00.011	1.33717				2
2025.12.16	00:54:00.935		1.33788			4
2025.12.16	00:54:11.137		1.33785			4
2025.12.16	00:54:16.390		1.33782			4
2025.12.16	00:54:19.179	1.33718				2
2025.12.16	00:54:25.670	1.33717				2
2025.12.16	00:54:29.376	1.33718				2
2025.12.16	00:54:56.856	1.33719				2
2025.12.16	00:55:00.251	1.33718				2
2025.12.16	00:55:04.577	1.33726				2
2025.12.16	00:55:04.889	1.33720				2
2025.12.16	00:55:05.197	1.33719				2
2025.12.16	00:55:06.126	1.33728				2
2025.12.16	00:55:07.672	1.33729	1.33781			6
2025.12.16	00:55:10.750	1.33725	1.33782			6
2025.12.16	00:55:12.603	1.33724				2
2025.12.16	00:55:17.226	1.33723				2
2025.12.16	00:55:18.458		1.33787			4
2025.12.16	00:55:18.766	1.33722	1.33783			6
2025.12.16	00:55:23.714	1.33721				2
2025.12.16	00:55:28.661	1.33724				2
2025.12.16	00:55:29.282		1.33779			4
2025.12.16	00:55:51.217	1.33726				2
2025.12.16	00:55:52.145	1.33727				2
2025.12.16	00:55:53.390	1.33726				2
2025.12.16	00:55:54.320	1.33727				2
2025.12.16	00:55:56.814	1.33728				2
2025.12.16	00:55:58.678	1.33725	1.33785			6
2025.12.16	00:56:00.236	1.33726	1.33784			6
2025.12.16	00:56:01.163	1.33725	1.33785			6
2025.12.16	00:56:04.261	1.33727	1.33783			6
2025.12.16	00:56:07.065	1.33726	1.33784			6
2025.12.16	00:56:16.641	1.33727	1.33783			6
2025.12.16	00:56:18.810	1.33726	1.33784			6
2025.12.16	00:56:21.283	1.33728	1.33782			6
2025.12.16	00:56:22.208	1.33724	1.33786			6
2025.12.16	00:56:24.976	1.33723	1.33782			6
2025.12.16	00:56:28.994	1.33720				2
2025.12.16	00:56:33.324	1.33717				2
2025.12.16	00:56:35.175		1.33780			4
2025.12.16	00:56:35.485	1.33711				2
2025.12.16	00:56:41.346	1.33710				2
2025.12.16	00:56:42.890	1.33719				2
2025.12.16	00:56:44.128		1.33781			4
2025.12.16	00:56:44.749		1.33778			4
2025.12.16	00:56:45.672	1.33720	1.33776			6
2025.12.16	00:56:45.988	1.33719				2
2025.12.16	00:56:49.385	1.33720				2
2025.12.16	00:56:51.236	1.33717				2
2025.12.16	00:56:53.393		1.33775			4
2025.12.16	00:56:53.698		1.33776			4
2025.12.16	00:56:56.790	1.33716	1.33774			6
2025.12.16	00:56:57.100	1.33718	1.33772			6
2025.12.16	00:56:57.720	1.33716	1.33774			6
2025.12.16	00:57:00.192	1.33716				2
2025.12.16	00:57:06.675	1.33715	1.33775			6
2025.12.16	00:57:08.223	1.33719				2
2025.12.16	00:57:16.867	1.33715				2
2025.12.16	00:57:20.269	1.33716	1.33774			6
2025.12.16	00:57:22.740	1.33718	1.33772			6
2025.12.16	00:57:23.359	1.33721				2
2025.12.16	00:57:24.593		1.33773			4
2025.12.16	00:57:24.898	1.33722				2
2025.12.16	00:57:25.517	1.33721				2
2025.12.16	00:57:25.825		1.33772			4
2025.12.16	00:57:26.145		1.33775			4
2025.12.16	00:57:26.765	1.33715				2
2025.12.16	00:57:27.387	1.33723	1.33773			6
2025.12.16	00:57:27.698	1.33724				2
2025.12.16	00:57:28.008	1.33721	1.33775			6
2025.12.16	00:57:28.319		1.33777			4
2025.12.16	00:57:31.100		1.33775			4
2025.12.16	00:57:34.827	1.33720				2
2025.12.16	00:57:36.673	1.33737	1.33782			6
2025.12.16	00:57:36.976	1.33738				2
2025.12.16	00:57:40.676	1.33741				2
2025.12.16	00:57:41.607	1.33739				2
2025.12.16	00:57:47.770	1.33741				2
2025.12.16	00:57:49.937	1.33745				2
2025.12.16	00:57:50.246	1.33742				2
2025.12.16	00:57:50.551	1.33740				2
2025.12.16	00:57:51.174	1.33738				2
2025.12.16	00:57:52.096	1.33741				2
2025.12.16	00:57:54.569	1.33743				2
2025.12.16	00:57:55.188	1.33739				2
2025.12.16	00:57:56.111	1.33741				2
2025.12.16	00:57:58.583	1.33739				2
2025.12.16	00:58:00.128	1.33743				2
2025.12.16	00:58:01.056	1.33739				2
2025.12.16	00:58:01.368	1.33740				2
2025.12.16	00:58:01.676	1.33737				2
2025.12.16	00:58:01.992	1.33738				2
2025.12.16	00:58:02.614	1.33739				2
2025.12.16	00:58:02.920	1.33738				2
2025.12.16	00:58:03.542	1.33739				2
2025.12.16	00:58:03.843	1.33738	1.33777			6
2025.12.16	00:58:04.158	1.33740	1.33775			6
2025.12.16	00:58:04.462	1.33741				2
2025.12.16	00:58:05.075	1.33739	1.33776			6
2025.12.16	00:58:05.382	1.33741				2
2025.12.16	00:58:05.988	1.33739				2
2025.12.16	00:58:06.296	1.33737	1.33777			6
2025.12.16	00:58:06.606	1.33738	1.33776			6
2025.12.16	00:58:07.219	1.33740				2
2025.12.16	00:58:07.527	1.33741				2
2025.12.16	00:58:12.731	1.33742				2
2025.12.16	00:58:17.329	1.33728	1.33782			6
2025.12.16	00:58:17.640	1.33736	1.33775			6
2025.12.16	00:58:18.558	1.33735				2
2025.12.16	00:58:18.869	1.33733	1.33774			6
2025.12.16	00:58:19.787	1.33736				2
2025.12.16	00:58:39.725		1.33773			4
2025.12.16	00:58:49.227	1.33737				2
2025.12.16	00:58:53.829	1.33738				2
2025.12.16	00:58:56.286	1.33737				2
2025.12.16	00:58:56.899	1.33738				2
2025.12.16	00:58:57.208	1.33737	1.33772			6
2025.12.16	00:59:00.268	1.33737				2
2025.12.16	00:59:01.186	1.33739				2
2025.12.16	00:59:01.495	1.33740				2
2025.12.16	00:59:03.645	1.33739	1.33771			6
2025.12.16	00:59:03.956	1.33732				2
2025.12.16	00:59:04.891		1.33770			4
2025.12.16	00:59:05.817	1.33731				2
2025.12.16	00:59:06.437	1.33730				2
2025.12.16	00:59:06.743	1.33731	1.33771			6
2025.12.16	00:59:07.052		1.33772			4
2025.12.16	00:59:07.365		1.33771			4
2025.12.16	00:59:07.678	1.33733				2
2025.12.16	00:59:08.599		1.33772			4
2025.12.16	00:59:10.137	1.33734	1.33771			6
2025.12.16	00:59:11.376		1.33770			4
2025.12.16	00:59:11.684	1.33733				2
2025.12.16	00:59:11.996		1.33772			4
2025.12.16	00:59:13.864		1.33773			4
2025.12.16	00:59:14.793		1.33774			4
2025.12.16	00:59:15.109	1.33735				2
2025.12.16	00:59:17.603	1.33737				2
2025.12.16	00:59:17.910	1.33738	1.33772			6
2025.12.16	00:59:19.128	1.33737	1.33773			6
2025.12.16	00:59:19.436	1.33736				2
2025.12.16	00:59:26.222	1.33726				2
2025.12.16	00:59:26.529	1.33730				2
2025.12.16	00:59:26.843	1.33732				2
2025.12.16	00:59:28.702	1.33735				2
2025.12.16	00:59:30.555	1.33736				2
2025.12.16	00:59:32.712	1.33732				2
2025.12.16	00:59:34.569	1.33727	1.33769			6
2025.12.16	00:59:34.877	1.33729	1.33770			6
2025.12.16	00:59:37.663	1.33730	1.33771			6
2025.12.16	00:59:37.965	1.33717	1.33763			6
2025.12.16	00:59:38.277	1.33718				2
2025.12.16	00:59:38.590	1.33719				2
2025.12.16	00:59:38.899	1.33721	1.33764			6
2025.12.16	00:59:39.207	1.33722				2
2025.12.16	00:59:41.368	1.33723	1.33761			6
2025.12.16	00:59:41.990	1.33722				2
2025.12.16	00:59:42.603	1.33724				2
2025.12.16	00:59:46.929	1.33723				2
2025.12.16	00:59:47.242	1.33727				2
2025.12.16	00:59:47.549	1.33728				2
2025.12.16	00:59:52.791	1.33726				2
2025.12.16	00:59:53.103	1.33725				2
2025.12.16	01:00:00.210	1.33728	1.33763			6
2025.12.16	01:00:00.516	1.33733	1.33775			6
2025.12.16	01:00:00.820	1.33736	1.33776			6
2025.12.16	01:00:01.127		1.33779			4
2025.12.16	01:00:01.428	1.33718	1.33774			6
2025.12.16	01:00:01.736	1.33721	1.33787			6
2025.12.16	01:00:02.041		1.33788			4
2025.12.16	01:00:02.360		1.33787			4
2025.12.16	01:00:02.973	1.33734	1.33790			6
2025.12.16	01:00:03.283	1.33723				2
2025.12.16	01:00:03.589	1.33728	1.33786			6
2025.12.16	01:00:03.904	1.33735	1.33784			6
2025.12.16	01:00:04.219	1.33712	1.33795			6
2025.12.16	01:00:04.530	1.33700	1.33796			6
2025.12.16	01:00:04.833	1.33717				2
2025.12.16	01:00:05.151	1.33701				2
2025.12.16	01:00:05.454	1.33727				2
2025.12.16	01:00:05.768	1.33724	1.33794			6
2025.12.16	01:00:06.073	1.33712				2
2025.12.16	01:00:06.378	1.33714	1.33793			6
2025.12.16	01:00:06.695	1.33715	1.33792			6
2025.12.16	01:00:07.001	1.33724				2
2025.12.16	01:00:07.313	1.33727				2
2025.12.16	01:00:07.619	1.33711	1.33791			6
2025.12.16	01:00:07.940	1.33734	1.33778			6
2025.12.16	01:00:08.245	1.33729				2
2025.12.16	01:00:08.560	1.33730	1.33777			6
2025.12.16	01:00:08.865	1.33739				2
2025.12.16	01:00:09.172	1.33729	1.33778			6
2025.12.16	01:00:09.484		1.33776			4
2025.12.16	01:00:09.800	1.33746	1.33784			6
2025.12.16	01:00:10.107	1.33747				2
2025.12.16	01:00:10.409	1.33744	1.33782			6
2025.12.16	01:00:10.725	1.33739	1.33783			6
2025.12.16	01:00:11.030		1.33784			4
2025.12.16	01:00:11.339	1.33736	1.33783			6
2025.12.16	01:00:11.654	1.33731				2
2025.12.16	01:00:12.273	1.33743				2
2025.12.16	01:00:12.576	1.33746				2
2025.12.16	01:00:13.196	1.33747	1.33786			6
2025.12.16	01:00:13.513	1.33743	1.33784			6
2025.12.16	01:00:13.833	1.33746	1.33788			6
2025.12.16	01:00:14.140		1.33787			4
2025.12.16	01:00:14.780	1.33743	1.33783			6
2025.12.16	01:00:15.084	1.33740	1.33781			6
2025.12.16	01:00:15.395	1.33746	1.33783			6
2025.12.16	01:00:15.700	1.33743				2
2025.12.16	01:00:16.003	1.33731				2
2025.12.16	01:00:16.307	1.33732	1.33781			6
2025.12.16	01:00:16.612	1.33731				2
2025.12.16	01:00:16.924	1.33743	1.33784			6
2025.12.16	01:00:17.226	1.33741	1.33783			6
2025.12.16	01:00:17.533	1.33737	1.33782			6
2025.12.16	01:00:17.844	1.33745	1.33783			6
2025.12.16	01:00:18.148	1.33746	1.33784			6
2025.12.16	01:00:18.455	1.33735	1.33782			6
2025.12.16	01:00:18.760		1.33781			4
2025.12.16	01:00:19.073	1.33743	1.33782			6
2025.12.16	01:00:19.696	1.33739				2
2025.12.16	01:00:20.315	1.33741				2
2025.12.16	01:00:20.621	1.33742	1.33783			6
2025.12.16	01:00:20.923	1.33740				2
2025.12.16	01:00:21.225	1.33741				2
2025.12.16	01:00:21.543	1.33747	1.33785			6
2025.12.16	01:00:21.845	1.33738	1.33782			6
2025.12.16	01:00:22.783	1.33734				2
2025.12.16	01:00:23.084	1.33749	1.33786			6
2025.12.16	01:00:23.393		1.33788			4
2025.12.16	01:00:23.714	1.33747	1.33789			6
2025.12.16	01:00:24.018	1.33731	1.33783			6
2025.12.16	01:00:24.322	1.33738	1.33782			6
2025.12.16	01:00:24.636	1.33740	1.33783			6
2025.12.16	01:00:24.942	1.33733				2
2025.12.16	01:00:25.245	1.33735				2
2025.12.16	01:00:25.547	1.33741				2
2025.12.16	01:00:25.852	1.33740				2
2025.12.16	01:00:26.160	1.33736	1.33784			6
2025.12.16	01:00:26.464	1.33746	1.33783			6
2025.12.16	01:00:26.774	1.33737	1.33781			6
2025.12.16	01:00:27.081	1.33746				2
2025.12.16	01:00:27.387	1.33742	1.33783			6
2025.12.16	01:00:27.698	1.33746	1.33782			6
2025.12.16	01:00:28.625	1.33732	1.33781			6
2025.12.16	01:00:28.928	1.33738				2
2025.12.16	01:00:29.245	1.33746	1.33782			6
2025.12.16	01:00:29.552	1.33736	1.33781			6
2025.12.16	01:00:29.861	1.33746	1.33784			6
2025.12.16	01:00:30.471	1.33739	1.33782			6
2025.12.16	01:00:30.774	1.33735	1.33784			6
2025.12.16	01:00:31.076	1.33741				2
2025.12.16	01:00:31.378	1.33748	1.33785			6
2025.12.16	01:00:31.683	1.33746	1.33784			6
2025.12.16	01:00:31.998	1.33748	1.33785			6
2025.12.16	01:00:32.310	1.33750	1.33790			6
2025.12.16	01:00:32.617	1.33743	1.33782			6
2025.12.16	01:00:32.919	1.33747	1.33783			6
2025.12.16	01:00:33.234	1.33746	1.33784			6
2025.12.16	01:00:33.541	1.33747	1.33783			6
2025.12.16	01:00:33.844	1.33752	1.33788			6
2025.12.16	01:00:34.153	1.33750	1.33794			6
2025.12.16	01:00:34.459	1.33736	1.33783			6
2025.12.16	01:00:35.079	1.33740	1.33782			6
2025.12.16	01:00:35.403	1.33741	1.33781			6
2025.12.16	01:00:36.012	1.33743				2
2025.12.16	01:00:36.322	1.33746	1.33786			6
2025.12.16	01:00:37.268	1.33742	1.33777			6
2025.12.16	01:00:37.575	1.33721	1.33776			6
2025.12.16	01:00:37.888	1.33730				2
2025.12.16	01:00:38.195	1.33733				2
2025.12.16	01:00:38.501	1.33741	1.33781			6
2025.12.16	01:00:38.803	1.33740				2
2025.12.16	01:00:39.107	1.33734	1.33774			6
2025.12.16	01:00:39.413	1.33770	1.33777			6
2025.12.16	01:00:39.720		1.33775			4
2025.12.16	01:00:40.026		1.33774			4
2025.12.16	01:00:40.337		1.33775			4
2025.12.16	01:00:40.950	1.33771				2
2025.12.16	01:00:41.264	1.33770				2
2025.12.16	01:00:42.183	1.33771				2
2025.12.16	01:00:42.492		1.33776			4
2025.12.16	01:00:46.500		1.33777			4
2025.12.16	01:00:46.808		1.33778			4
2025.12.16	01:00:47.126		1.33777			4
2025.12.16	01:00:52.068	1.33770	1.33775			6
2025.12.16	01:00:56.379	1.33771				2
2025.12.16	01:00:57.914	1.33770				2
2025.12.16	01:00:58.525		1.33776			4
2025.12.16	01:00:58.829		1.33775			4
2025.12.16	01:00:59.450	1.33771	1.33776			6
2025.12.16	01:01:00.071	1.33771				2
2025.12.16	01:01:00.377	1.33775				2
2025.12.16	01:01:00.993	1.33777	1.33778			6
2025.12.16	01:01:03.134	1.33778	1.33779			6
2025.12.16	01:01:03.443	1.33779	1.33780			6
2025.12.16	01:01:03.752	1.33780	1.33781			6
2025.12.16	01:01:04.055	1.33782	1.33783			6
2025.12.16	01:01:04.361	1.33786	1.33787			6
2025.12.16	01:01:04.663	1.33787	1.33788			6
2025.12.16	01:01:06.797	1.33788	1.33789			6
2025.12.16	01:01:07.102	1.33790	1.33791			6
2025.12.16	01:01:09.249	1.33788	1.33789			6
2025.12.16	01:01:09.556	1.33787	1.33788			6
2025.12.16	01:01:09.863	1.33788	1.33789			6
2025.12.16	01:01:12.313	1.33787	1.33788			6
2025.12.16	01:01:14.456	1.33789	1.33790			6
2025.12.16	01:01:20.914	1.33788	1.33789			6
2025.12.16	01:01:24.909	1.33789	1.33790			6
2025.12.16	01:01:25.832	1.33788	1.33789			6
2025.12.16	01:01:27.988	1.33789	1.33790			6
2025.12.16	01:01:28.301	1.33788	1.33789			6
2025.12.16	01:01:33.840	1.33789	1.33790			6
2025.12.16	01:01:34.144	1.33788	1.33789			6
2025.12.16	01:01:35.355	1.33787	1.33788			6
2025.12.16	01:01:35.658	1.33786	1.33787			6
2025.12.16	01:01:35.959	1.33788	1.33789			6
2025.12.16	01:01:36.573	1.33786	1.33787			6
2025.12.16	01:01:42.077	1.33789	1.33790			6
2025.12.16	01:01:42.996	1.33786	1.33787			6
2025.12.16	01:01:44.835	1.33787	1.33788			6
2025.12.16	01:01:46.061	1.33788	1.33789			6
2025.12.16	01:01:46.364	1.33789	1.33790			6
2025.12.16	01:01:50.802	1.33790	1.33791			6
2025.12.16	01:01:52.333	1.33791	1.33792			6
2025.12.16	01:01:56.319	1.33792	1.33793			6
2025.12.16	01:01:57.852	1.33791	1.33792			6
2025.12.16	01:01:58.156	1.33792	1.33793			6
2025.12.16	01:01:59.377	1.33791	1.33792			6
2025.12.16	01:01:59.680	1.33792	1.33793			6
2025.12.16	01:01:59.991	1.33791	1.33792			6
2025.12.16	01:02:00.300	1.33791				2
2025.12.16	01:02:00.606	1.33794	1.33795			6
2025.12.16	01:02:05.214	1.33795	1.33796			6
2025.12.16	01:02:05.520	1.33797	1.33798			6
2025.12.16	01:02:08.306	1.33796	1.33797			6
2025.12.16	01:02:08.617	1.33791	1.33792			6
2025.12.16	01:02:08.921	1.33793	1.33794			6
2025.12.16	01:02:09.535	1.33795	1.33796			6
2025.12.16	01:02:14.773	1.33796	1.33797			6
2025.12.16	01:02:15.385	1.33795	1.33796			6
2025.12.16	01:02:18.755	1.33796	1.33797			6
2025.12.16	01:02:19.686	1.33795	1.33796			6
2025.12.16	01:02:24.599	1.33799	1.33800			6
2025.12.16	01:02:24.902	1.33801	1.33802			6
2025.12.16	01:02:25.521	1.33802	1.33803			6
2025.12.16	01:02:26.755	1.33801	1.33802			6
2025.12.16	01:02:27.371	1.33808	1.33809			6
2025.12.16	01:02:39.024	1.33807	1.33808			6
2025.12.16	01:02:41.195	1.33802	1.33803			6
2025.12.16	01:02:41.499	1.33800	1.33801			6
2025.12.16	01:02:42.419	1.33802	1.33803			6
2025.12.16	01:02:43.345	1.33801	1.33802			6
2025.12.16	01:02:48.586	1.33800	1.33801			6
2025.12.16	01:02:51.040	1.33801	1.33802			6
2025.12.16	01:02:51.343	1.33800	1.33801			6
2025.12.16	01:02:51.646	1.33799	1.33800			6
2025.12.16	01:02:52.560	1.33802	1.33803			6
2025.12.16	01:02:54.082	1.33799	1.33800			6
2025.12.16	01:02:54.701	1.33802	1.33803			6
2025.12.16	01:02:56.546	1.33799	1.33800			6
2025.12.16	01:02:57.465	1.33802	1.33803			6
2025.12.16	01:02:59.307	1.33800	1.33801			6
2025.12.16	01:02:59.616	1.33803	1.33804			6
2025.12.16	01:03:00.227	1.33800	1.33801			6
2025.12.16	01:03:01.144	1.33803	1.33804			6
2025.12.16	01:03:01.751	1.33799	1.33800			6
2025.12.16	01:03:02.057	1.33803	1.33804			6
2025.12.16	01:03:02.369	1.33801	1.33802			6
2025.12.16	01:03:02.682	1.33799	1.33800			6
2025.12.16	01:03:02.985	1.33802	1.33803			6
2025.12.16	01:03:03.601	1.33799	1.33800			6
2025.12.16	01:03:04.210	1.33802	1.33803			6
2025.12.16	01:03:04.834	1.33799	1.33800			6
2025.12.16	01:03:05.140	1.33802	1.33803			6
2025.12.16	01:03:05.762	1.33799	1.33800			6
2025.12.16	01:03:06.383	1.33802	1.33803			6
2025.12.16	01:03:07.005	1.33799	1.33800			6
2025.12.16	01:03:07.611	1.33802	1.33803			6
2025.12.16	01:03:08.828	1.33799	1.33800			6
2025.12.16	01:03:11.273	1.33801	1.33802			6
2025.12.16	01:03:11.892	1.33802	1.33803			6
2025.12.16	01:03:12.199	1.33799	1.33800			6
2025.12.16	01:03:13.127	1.33802	1.33803			6
2025.12.16	01:03:13.731	1.33800	1.33801			6
2025.12.16	01:03:14.346	1.33803	1.33804			6
2025.12.16	01:03:15.259	1.33800	1.33801			6
2025.12.16	01:03:15.873	1.33803	1.33804			6
2025.12.16	01:03:16.799	1.33800	1.33801			6
2025.12.16	01:03:18.942	1.33803	1.33804			6
2025.12.16	01:03:19.556	1.33801	1.33802			6
2025.12.16	01:03:19.868	1.33799	1.33800			6
2025.12.16	01:03:20.786	1.33801	1.33802			6
2025.12.16	01:03:21.401	1.33799	1.33800			6
2025.12.16	01:03:22.927	1.33801	1.33802			6
2025.12.16	01:03:23.534	1.33799	1.33800			6
2025.12.16	01:03:24.451	1.33801	1.33802			6
2025.12.16	01:03:25.067	1.33799	1.33800			6
2025.12.16	01:03:25.369	1.33801	1.33802			6
2025.12.16	01:03:26.283	1.33799	1.33800			6
2025.12.16	01:03:26.894	1.33801	1.33802			6
2025.12.16	01:03:27.504	1.33799	1.33800			6
2025.12.16	01:03:28.114	1.33801	1.33802			6
2025.12.16	01:03:28.723	1.33799	1.33800			6
2025.12.16	01:03:29.330	1.33801	1.33802			6
2025.12.16	01:03:30.249	1.33799	1.33800			6
2025.12.16	01:03:31.161	1.33801	1.33802			6
2025.12.16	01:03:32.088	1.33799	1.33800			6
2025.12.16	01:03:40.691	1.33798	1.33799			6
2025.12.16	01:03:43.147	1.33801	1.33802			6
2025.12.16	01:03:44.065	1.33798	1.33799			6
2025.12.16	01:03:48.359	1.33799	1.33800			6
2025.12.16	01:03:48.970	1.33798	1.33799			6
2025.12.16	01:03:50.512	1.33800	1.33801			6
2025.12.16	01:03:51.439	1.33798	1.33799			6
2025.12.16	01:03:51.747	1.33799	1.33800			6
2025.12.16	01:03:52.673	1.33797	1.33798			6
2025.12.16	01:03:53.598	1.33798	1.33799			6
2025.12.16	01:03:54.514	1.33800	1.33801			6
2025.12.16	01:03:55.133	1.33798	1.33799			6
2025.12.16	01:03:56.054	1.33799	1.33800			6
2025.12.16	01:03:56.975	1.33798	1.33799			6
2025.12.16	01:03:57.278	1.33797	1.33798			6
2025.12.16	01:03:57.582	1.33799	1.33800			6
2025.12.16	01:03:58.503	1.33798	1.33799			6
2025.12.16	01:04:00.035	1.33798				2
2025.12.16	01:04:00.336	1.33800	1.33801			6
2025.12.16	01:04:00.954	1.33798	1.33799			6
2025.12.16	01:04:02.184	1.33800	1.33801			6
2025.12.16	01:04:03.103	1.33798	1.33799			6
2025.12.16	01:04:03.711	1.33800	1.33801			6
2025.12.16	01:04:04.328	1.33798	1.33799			6
2025.12.16	01:04:05.552	1.33801	1.33802			6
2025.12.16	01:04:06.477	1.33798	1.33799			6
2025.12.16	01:04:07.080	1.33801	1.33802			6
2025.12.16	01:04:07.694	1.33798	1.33799			6
2025.12.16	01:04:11.368	1.33800	1.33801			6
2025.12.16	01:04:11.985	1.33798	1.33799			6
2025.12.16	01:04:14.129	1.33800	1.33801			6
2025.12.16	01:04:17.815	1.33798	1.33799			6
2025.12.16	01:04:19.042	1.33797	1.33798			6
2025.12.16	01:04:20.881	1.33800	1.33801			6
2025.12.16	01:04:21.495	1.33796	1.33797			6
2025.12.16	01:04:21.802	1.33795	1.33796			6
2025.12.16	01:04:23.044	1.33798	1.33799			6
2025.12.16	01:04:23.961	1.33794	1.33795			6
2025.12.16	01:04:28.864	1.33795	1.33796			6
2025.12.16	01:04:29.783	1.33794	1.33795			6
2025.12.16	01:04:30.089	1.33795	1.33796			6
2025.12.16	01:04:30.399	1.33798	1.33799			6
2025.12.16	01:04:31.013	1.33795	1.33796			6
2025.12.16	01:04:31.940	1.33798	1.33799			6
2025.12.16	01:04:32.551	1.33797	1.33798			6
2025.12.16	01:04:33.469	1.33794	1.33795			6
2025.12.16	01:04:34.383	1.33797	1.33798			6
2025.12.16	01:04:34.996	1.33794	1.33795			6
2025.12.16	01:04:35.923	1.33797	1.33798			6
2025.12.16	01:04:36.843	1.33794	1.33795			6
2025.12.16	01:04:37.454	1.33797	1.33798			6
2025.12.16	01:04:38.075	1.33798	1.33799			6
2025.12.16	01:04:38.382	1.33795	1.33796			6
2025.12.16	01:04:38.998	1.33798	1.33799			6
2025.12.16	01:04:39.304	1.33797	1.33798			6
2025.12.16	01:04:40.538	1.33794	1.33795			6
2025.12.16	01:04:41.774	1.33796	1.33797			6
2025.12.16	01:04:42.081	1.33797	1.33798			6
2025.12.16	01:04:42.686	1.33794	1.33795			6
2025.12.16	01:04:43.302	1.33797	1.33798			6
2025.12.16	01:04:44.220	1.33794	1.33795			6
2025.12.16	01:04:45.145	1.33797	1.33798			6
2025.12.16	01:04:45.765	1.33794	1.33795			6
2025.12.16	01:04:46.067	1.33797	1.33798			6
2025.12.16	01:04:46.676	1.33794	1.33795			6
2025.12.16	01:04:47.596	1.33797	1.33798			6
2025.12.16	01:04:48.819	1.33796	1.33797			6
2025.12.16	01:04:51.094	1.33794	1.33795			6
2025.12.16	01:04:51.399	1.33796	1.33797			6
2025.12.16	01:04:51.709	1.33795	1.33796			6
2025.12.16	01:04:52.014	1.33793	1.33794			6
2025.12.16	01:04:53.247	1.33796	1.33797			6
2025.12.16	01:04:53.862	1.33794	1.33795			6
2025.12.16	01:04:55.087	1.33796	1.33797			6
2025.12.16	01:04:55.701	1.33794	1.33795			6
2025.12.16	01:04:58.458	1.33796	1.33797			6
2025.12.16	01:04:59.074	1.33794	1.33795			6
2025.12.16	01:04:59.998	1.33796	1.33797			6
2025.12.16	01:05:00.304	1.33796				2
2025.12.16	01:05:00.912	1.33794	1.33795			6
2025.12.16	01:05:01.533	1.33796	1.33797			6
2025.12.16	01:05:02.149	1.33794	1.33795			6
2025.12.16	01:05:04.004	1.33796	1.33797			6
2025.12.16	01:05:04.616	1.33794	1.33795			6
2025.12.16	01:05:05.537	1.33796	1.33797			6
2025.12.16	01:05:06.452	1.33794	1.33795			6
2025.12.16	01:05:07.374	1.33796	1.33797			6
2025.12.16	01:05:07.987	1.33794	1.33795			6
2025.12.16	01:05:09.534	1.33796	1.33797			6
2025.12.16	01:05:10.449	1.33794	1.33795			6
2025.12.16	01:05:12.294	1.33793	1.33794			6
2025.12.16	01:05:12.599	1.33792	1.33793			6
2025.12.16	01:05:16.273	1.33794	1.33795			6
2025.12.16	01:05:17.197	1.33792	1.33793			6
2025.12.16	01:05:18.108	1.33794	1.33795			6
2025.12.16	01:05:18.720	1.33792	1.33793			6
2025.12.16	01:05:20.554	1.33793	1.33794			6
2025.12.16	01:05:21.476	1.33791	1.33792			6
2025.12.16	01:05:21.784	1.33792	1.33793			6
2025.12.16	01:05:24.542	1.33791	1.33792			6
2025.12.16	01:05:26.676	1.33790	1.33791			6
2025.12.16	01:05:28.214	1.33792	1.33793			6
2025.12.16	01:05:28.820	1.33790	1.33791			6
2025.12.16	01:05:29.125	1.33792	1.33793			6
2025.12.16	01:05:30.043	1.33790	1.33791			6
2025.12.16	01:05:31.579	1.33791	1.33792			6
2025.12.16	01:05:32.498	1.33790	1.33791			6
2025.12.16	01:05:32.805	1.33791	1.33792			6
2025.12.16	01:05:36.505	1.33793	1.33794			6
2025.12.16	01:05:37.117	1.33791	1.33792			6
2025.12.16	01:05:38.025	1.33793	1.33794			6
2025.12.16	01:05:38.650	1.33791	1.33792			6
2025.12.16	01:05:49.417	1.33790	1.33791			6
2025.12.16	01:05:49.722	1.33791	1.33792			6
2025.12.16	01:05:50.029	1.33794	1.33795			6
2025.12.16	01:05:50.639	1.33792	1.33793			6
2025.12.16	01:05:52.179	1.33795	1.33796			6
2025.12.16	01:05:52.482	1.33794	1.33795			6
2025.12.16	01:05:52.792	1.33792	1.33793			6
2025.12.16	01:05:53.711	1.33794	1.33795			6
2025.12.16	01:05:54.327	1.33793	1.33794			6
2025.12.16	01:05:54.630	1.33791	1.33792			6
2025.12.16	01:05:54.934	1.33790	1.33791			6
2025.12.16	01:05:55.237	1.33793	1.33794			6
2025.12.16	01:05:55.840	1.33790	1.33791			6
2025.12.16	01:05:56.151	1.33793	1.33794			6
2025.12.16	01:05:56.766	1.33790	1.33791			6
2025.12.16	01:05:57.378	1.33793	1.33794			6
2025.12.16	01:05:58.301	1.33790	1.33791			6
2025.12.16	01:06:00.146	1.33790				2
2025.12.16	01:06:00.762	1.33791	1.33792			6
2025.12.16	01:06:01.064	1.33790	1.33791			6
2025.12.16	01:06:01.369	1.33791	1.33792			6
2025.12.16	01:06:11.164	1.33792	1.33793			6
2025.12.16	01:06:14.226	1.33791	1.33792			6
2025.12.16	01:06:22.494	1.33790	1.33791			6
2025.12.16	01:06:23.740	1.33791	1.33792			6
2025.12.16	01:06:43.324	1.33790	1.33791			6
2025.12.16	01:06:44.241	1.33791	1.33792			6
2025.12.16	01:06:45.163	1.33790	1.33791			6
2025.12.16	01:06:49.174	1.33791	1.33792			6
2025.12.16	01:06:50.093	1.33790	1.33791			6
2025.12.16	01:06:53.168	1.33791	1.33792			6
2025.12.16	01:06:54.389	1.33790	1.33791			6
2025.12.16	01:07:00.223	1.33790				2
2025.12.16	01:07:04.803	1.33791	1.33792			6
2025.12.16	01:07:05.108	1.33790	1.33791			6
2025.12.16	01:07:07.577	1.33791	1.33792			6
2025.12.16	01:07:10.333	1.33793	1.33794			6
2025.12.16	01:07:11.249	1.33791	1.33792			6
2025.12.16	01:07:14.013	1.33793	1.33794			6
2025.12.16	01:07:14.628	1.33791	1.33792			6
2025.12.16	01:07:19.848	1.33794	1.33795			6
2025.12.16	01:07:20.152	1.33793	1.33794			6
2025.12.16	01:07:20.760	1.33791	1.33792			6
2025.12.16	01:07:22.299	1.33790	1.33791			6
2025.12.16	01:07:22.604	1.33791	1.33792			6
2025.12.16	01:07:27.190	1.33792	1.33793			6
2025.12.16	01:07:28.412	1.33791	1.33792			6
2025.12.16	01:07:53.292	1.33792	1.33793			6
2025.12.16	01:08:00.038	1.33792				2
2025.12.16	01:08:01.259	1.33791	1.33792			6
2025.12.16	01:08:03.110	1.33790	1.33791			6
2025.12.16	01:08:03.412	1.33791	1.33792			6
2025.12.16	01:08:05.548	1.33790	1.33791			6
2025.12.16	01:08:06.768	1.33791	1.33792			6
2025.12.16	01:08:10.133	1.33792	1.33793			6
2025.12.16	01:08:23.014	1.33791	1.33792			6
2025.12.16	01:08:24.854	1.33792	1.33793			6
2025.12.16	01:08:26.378	1.33791	1.33792			6
2025.12.16	01:08:33.119	1.33792	1.33793			6
2025.12.16	01:08:34.650	1.33793	1.33794			6
2025.12.16	01:08:37.105	1.33792	1.33793			6
2025.12.16	01:08:46.308	1.33791	1.33792			6
2025.12.16	01:08:58.560	1.33792	1.33793			6
2025.12.16	01:08:59.176	1.33791	1.33792			6
2025.12.16	01:09:00.096	1.33791				2
2025.12.16	01:09:15.406	1.33793	1.33794			6
2025.12.16	01:09:16.018	1.33791	1.33792			6
2025.12.16	01:09:20.018	1.33790	1.33791			6
2025.12.16	01:09:37.788	1.33792	1.33793			6
2025.12.16	01:09:38.730	1.33790	1.33791			6
2025.12.16	01:09:53.444	1.33792	1.33793			6
2025.12.16	01:09:54.058	1.33790	1.33791			6
2025.12.16	01:09:56.507	1.33791	1.33792			6
2025.12.16	01:09:56.817	1.33790	1.33791			6
2025.12.16	01:10:00.193	1.33790				2
2025.12.16	01:10:22.270	1.33791	1.33792			6
2025.12.16	01:10:22.572	1.33793	1.33794			6
2025.12.16	01:10:32.389	1.33791	1.33792			6
2025.12.16	01:10:46.497	1.33794	1.33795			6
2025.12.16	01:10:47.709	1.33793	1.33794			6
2025.12.16	01:10:48.323	1.33794	1.33795			6
2025.12.16	01:10:48.626	1.33793	1.33794			6
2025.12.16	01:10:48.933	1.33794	1.33795			6
2025.12.16	01:10:49.543	1.33788	1.33789			6
2025.12.16	01:10:50.153	1.33789	1.33790			6
2025.12.16	01:10:50.456	1.33788	1.33789			6
2025.12.16	01:10:50.764	1.33789	1.33790			6
2025.12.16	01:10:52.610	1.33788	1.33789			6
2025.12.16	01:10:53.224	1.33786	1.33787			6
2025.12.16	01:10:53.526	1.33785	1.33786			6
2025.12.16	01:10:54.745	1.33786	1.33787			6
2025.12.16	01:10:56.884	1.33787	1.33788			6
2025.12.16	01:10:59.024	1.33788	1.33789			6
2025.12.16	01:11:00.254	1.33788				2
2025.12.16	01:11:06.095	1.33789	1.33790			6
2025.12.16	01:11:07.323	1.33788	1.33789			6
2025.12.16	01:11:08.555	1.33787	1.33788			6
2025.12.16	01:11:08.865	1.33788	1.33789			6
2025.12.16	01:11:09.167	1.33787	1.33788			6
2025.12.16	01:11:11.917	1.33786	1.33787			6
2025.12.16	01:11:13.137	1.33787	1.33788			6
2025.12.16	01:11:15.286	1.33788	1.33789			6
2025.12.16	01:11:19.592	1.33787	1.33788			6
2025.12.16	01:11:20.516	1.33788	1.33789			6
2025.12.16	01:11:20.824	1.33789	1.33790			6
2025.12.16	01:11:23.277	1.33788	1.33789			6
2025.12.16	01:11:23.587	1.33789	1.33790			6
2025.12.16	01:11:24.193	1.33788	1.33789			6
2025.12.16	01:11:26.329	1.33789	1.33790			6
2025.12.16	01:11:30.330	1.33784	1.33785			6
2025.12.16	01:11:31.249	1.33783	1.33784			6
2025.12.16	01:11:42.888	1.33784	1.33785			6
2025.12.16	01:11:53.039	1.33789	1.33790			6
2025.12.16	01:11:54.266	1.33788	1.33789			6
2025.12.16	01:11:54.577	1.33789	1.33790			6
2025.12.16	01:11:55.184	1.33788	1.33789			6
2025.12.16	01:11:56.415	1.33789	1.33790			6
2025.12.16	01:11:59.183	1.33790	1.33791			6
2025.12.16	01:11:59.490	1.33789	1.33790			6
2025.12.16	01:12:00.106	1.33789				2
2025.12.16	01:12:02.553	1.33790	1.33791			6
2025.12.16	01:12:03.474	1.33789	1.33790			6
2025.12.16	01:12:05.002	1.33788	1.33789			6
2025.12.16	01:12:14.502	1.33789	1.33790			6
2025.12.16	01:12:23.722	1.33790	1.33791			6
2025.12.16	01:12:24.953	1.33791	1.33792			6
2025.12.16	01:12:25.879	1.33792	1.33793			6
2025.12.16	01:12:26.805	1.33791	1.33792			6
2025.12.16	01:12:27.423	1.33794	1.33795			6
2025.12.16	01:12:27.727	1.33795	1.33796			6
2025.12.16	01:12:38.365	1.33796	1.33797			6
2025.12.16	01:12:38.974	1.33795	1.33796			6
2025.12.16	01:12:46.649	1.33794	1.33795			6
2025.12.16	01:12:57.689	1.33793	1.33794			6
2025.12.16	01:13:00.134	1.33793				2
2025.12.16	01:13:09.344	1.33792	1.33793			6
2025.12.16	01:13:11.782	1.33793	1.33794			6
2025.12.16	01:13:21.593	1.33787	1.33788			6
2025.12.16	01:13:27.722	1.33788	1.33789			6
2025.12.16	01:13:28.965	1.33787	1.33788			6
2025.12.16	01:13:31.726	1.33788	1.33789			6
2025.12.16	01:13:32.338	1.33789	1.33790			6
2025.12.16	01:13:32.644	1.33788	1.33789			6
2025.12.16	01:13:36.324	1.33795	1.33796			6
2025.12.16	01:13:37.252	1.33796	1.33797			6
2025.12.16	01:14:00.288	1.33796				2
2025.12.16	01:14:04.258	1.33790	1.33791			6
2025.12.16	01:14:07.629	1.33789	1.33790			6
2025.12.16	01:14:09.163	1.33790	1.33791			6
2025.12.16	01:14:11.327	1.33789	1.33790			6
2025.12.16	01:14:12.248	1.33790	1.33791			6
2025.12.16	01:14:18.102	1.33789	1.33790			6
2025.12.16	01:14:24.836	1.33787	1.33788			6
2025.12.16	01:14:29.409	1.33788	1.33789			6
2025.12.16	01:14:30.019	1.33787	1.33788			6
2025.12.16	01:14:32.770	1.33788	1.33789			6
2025.12.16	01:14:35.205	1.33787	1.33788			6
2025.12.16	01:14:51.460	1.33788	1.33789			6
2025.12.16	01:14:51.767	1.33786	1.33787			6
2025.12.16	01:14:56.067	1.33787	1.33788			6
2025.12.16	01:15:00.085	1.33786	1.33787			6
2025.12.16	01:15:02.539	1.33785	1.33786			6
2025.12.16	01:15:03.458	1.33786	1.33787			6
2025.12.16	01:15:03.763	1.33787	1.33788			6
2025.12.16	01:15:20.333	1.33788	1.33789			6
2025.12.16	01:15:23.986	1.33787	1.33788			6
2025.12.16	01:15:24.893	1.33788	1.33789			6
2025.12.16	01:15:25.821	1.33787	1.33788			6
2025.12.16	01:15:26.737	1.33788	1.33789			6
2025.12.16	01:15:27.652	1.33787	1.33788			6
2025.12.16	01:15:28.565	1.33788	1.33789			6
2025.12.16	01:15:29.486	1.33787	1.33788			6
2025.12.16	01:15:30.103	1.33788	1.33789			6
2025.12.16	01:15:30.714	1.33787	1.33788			6
2025.12.16	01:15:31.634	1.33788	1.33789			6
2025.12.16	01:15:32.552	1.33787	1.33788			6
2025.12.16	01:15:39.293	1.33788	1.33789			6
2025.12.16	01:15:39.601	1.33787	1.33788			6
2025.12.16	01:15:44.488	1.33789	1.33790			6
2025.12.16	01:15:44.798	1.33788	1.33789			6
2025.12.16	01:15:45.107	1.33787	1.33788			6
2025.12.16	01:15:46.334	1.33788	1.33789			6
2025.12.16	01:15:46.948	1.33787	1.33788			6
2025.12.16	01:15:47.873	1.33788	1.33789			6
2025.12.16	01:15:48.495	1.33787	1.33788			6
2025.12.16	01:15:49.419	1.33788	1.33789			6
2025.12.16	01:15:50.334	1.33787	1.33788			6
2025.12.16	01:15:50.944	1.33788	1.33789			6
2025.12.16	01:15:51.858	1.33787	1.33788			6
2025.12.16	01:15:52.777	1.33788	1.33789			6
2025.12.16	01:15:57.077	1.33787	1.33788			6
2025.12.16	01:15:58.613	1.33788	1.33789			6
2025.12.16	01:16:00.148	1.33788				2
2025.12.16	01:16:00.452	1.33787	1.33788			6
2025.12.16	01:16:01.980	1.33788	1.33789			6
2025.12.16	01:16:50.356	1.33787	1.33788			6
2025.12.16	01:16:50.662	1.33788	1.33789			6
2025.12.16	01:16:55.883	1.33787	1.33788			6
2025.12.16	01:17:00.193	1.33787				2
2025.12.16	01:17:00.806	1.33788	1.33789			6
2025.12.16	01:17:01.114	1.33787	1.33788			6
2025.12.16	01:17:04.489	1.33788	1.33789			6
2025.12.16	01:17:05.099	1.33787	1.33788			6
2025.12.16	01:17:06.013	1.33788	1.33789			6
2025.12.16	01:17:06.320	1.33787	1.33788			6
2025.12.16	01:17:06.625	1.33788	1.33789			6
2025.12.16	01:17:06.929	1.33787	1.33788			6
2025.12.16	01:17:07.548	1.33788	1.33789			6
2025.12.16	01:17:23.776	1.33787	1.33788			6
2025.12.16	01:17:28.683	1.33786	1.33787			6
2025.12.16	01:17:30.509	1.33787	1.33788			6
2025.12.16	01:17:30.817	1.33786	1.33787			6
2025.12.16	01:17:33.568	1.33785	1.33786			6
2025.12.16	01:17:39.387	1.33784	1.33785			6
2025.12.16	01:17:39.689	1.33785	1.33786			6
2025.12.16	01:17:40.605	1.33787	1.33788			6
2025.12.16	01:17:40.913	1.33788	1.33789			6
2025.12.16	01:17:41.218	1.33786	1.33787			6
2025.12.16	01:17:41.521	1.33782	1.33783			6
2025.12.16	01:17:42.139	1.33781	1.33782			6
2025.12.16	01:18:00.283	1.33781				2
2025.12.16	01:18:14.093	1.33782	1.33783			6
2025.12.16	01:18:25.146	1.33781	1.33782			6
2025.12.16	01:18:29.130	1.33782	1.33783			6
2025.12.16	01:18:41.712	1.33781	1.33782			6
2025.12.16	01:18:46.607	1.33782	1.33783			6
2025.12.16	01:18:46.910	1.33780	1.33781			6
2025.12.16	01:18:47.217	1.33781	1.33782			6
2025.12.16	01:19:00.103	1.33781				2
2025.12.16	01:19:00.717	1.33782	1.33783			6
2025.12.16	01:19:04.387	1.33783	1.33784			6
2025.12.16	01:19:05.001	1.33782	1.33783			6
2025.12.16	01:19:08.682	1.33783	1.33784			6
2025.12.16	01:19:17.895	1.33786	1.33787			6
2025.12.16	01:19:18.507	1.33783	1.33784			6
2025.12.16	01:19:32.329	1.33784	1.33785			6
2025.12.16	01:19:36.293	1.33783	1.33784			6
2025.12.16	01:19:38.147	1.33782	1.33783			6
2025.12.16	01:19:42.153	1.33780	1.33781			6
2025.12.16	01:19:42.462	1.33777	1.33778			6
2025.12.16	01:19:43.072	1.33776	1.33777			6
2025.12.16	01:19:51.989	1.33775	1.33776			6
2025.12.16	01:19:52.602	1.33776	1.33777			6
2025.12.16	01:19:55.374	1.33775	1.33776			6
2025.12.16	01:20:00.272	1.33775				2
2025.12.16	01:20:08.242	1.33778	1.33779			6
2025.12.16	01:20:09.459	1.33779	1.33780			6
2025.12.16	01:20:15.610	1.33778	1.33779			6
2025.12.16	01:20:35.261	1.33779	1.33780			6
2025.12.16	01:20:36.188	1.33778	1.33779			6
2025.12.16	01:20:36.497	1.33779	1.33780			6
2025.12.16	01:20:37.410	1.33778	1.33779			6
2025.12.16	01:20:38.323	1.33779	1.33780			6
2025.12.16	01:20:40.158	1.33778	1.33779			6
2025.12.16	01:20:40.460	1.33779	1.33780			6
2025.12.16	01:20:42.609	1.33778	1.33779			6
2025.12.16	01:20:44.440	1.33779	1.33780			6
2025.12.16	01:20:44.749	1.33778	1.33779			6
2025.12.16	01:20:47.491	1.33779	1.33780			6
2025.12.16	01:20:47.798	1.33778	1.33779			6
2025.12.16	01:20:49.646	1.33779	1.33780			6
2025.12.16	01:20:49.954	1.33778	1.33779			6
2025.12.16	01:20:50.866	1.33779	1.33780			6
2025.12.16	01:20:51.174	1.33778	1.33779			6
2025.12.16	01:20:51.786	1.33779	1.33780			6
2025.12.16	01:20:52.098	1.33778	1.33779			6
2025.12.16	01:20:52.708	1.33779	1.33780			6
2025.12.16	01:20:53.637	1.33778	1.33779			6
2025.12.16	01:20:53.941	1.33779	1.33780			6
2025.12.16	01:20:55.173	1.33778	1.33779			6
2025.12.16	01:20:57.019	1.33779	1.33780			6
2025.12.16	01:20:58.257	1.33778	1.33779			6
2025.12.16	01:20:58.873	1.33779	1.33780			6
2025.12.16	01:20:59.181	1.33778	1.33779			6
2025.12.16	01:21:00.101	1.33778				2
2025.12.16	01:21:00.715	1.33779	1.33780			6
2025.12.16	01:21:05.611	1.33780	1.33781			6
2025.12.16	01:21:07.773	1.33779	1.33780			6
2025.12.16	01:21:10.228	1.33778	1.33779			6
2025.12.16	01:21:20.365	1.33777	1.33778			6
2025.12.16	01:21:22.806	1.33778	1.33779			6
2025.12.16	01:21:36.001	1.33777	1.33778			6
2025.12.16	01:21:36.919	1.33778	1.33779			6
2025.12.16	01:21:37.225	1.33777	1.33778			6
2025.12.16	01:21:38.451	1.33778	1.33779			6
2025.12.16	01:21:38.762	1.33777	1.33778			6
2025.12.16	01:21:54.691	1.33779	1.33780			6
2025.12.16	01:22:00.233	1.33779				2
2025.12.16	01:22:01.148	1.33778	1.33779			6
2025.12.16	01:22:01.453	1.33777	1.33778			6
2025.12.16	01:22:02.686	1.33776	1.33777			6
2025.12.16	01:22:02.995	1.33777	1.33778			6
2025.12.16	01:22:04.535	1.33776	1.33777			6
2025.12.16	01:22:05.152	1.33777	1.33778			6
2025.12.16	01:22:05.458	1.33776	1.33777			6
2025.12.16	01:22:07.298	1.33777	1.33778			6
2025.12.16	01:22:08.525	1.33776	1.33777			6
2025.12.16	01:22:08.832	1.33777	1.33778			6
2025.12.16	01:22:11.904	1.33778	1.33779			6
2025.12.16	01:22:13.736	1.33777	1.33778			6
2025.12.16	01:22:14.046	1.33778	1.33779			6
2025.12.16	01:22:16.804	1.33777	1.33778			6
2025.12.16	01:22:17.112	1.33778	1.33779			6
2025.12.16	01:22:20.477	1.33774	1.33775			6
2025.12.16	01:22:20.781	1.33773	1.33774			6
2025.12.16	01:22:21.086	1.33772	1.33773			6
2025.12.16	01:22:25.405	1.33773	1.33774			6
2025.12.16	01:22:25.712	1.33772	1.33773			6
2025.12.16	01:22:33.770	1.33773	1.33774			6
2025.12.16	01:22:34.710	1.33772	1.33773			6
2025.12.16	01:22:40.309	1.33773	1.33774			6
2025.12.16	01:22:47.967	1.33772	1.33773			6
2025.12.16	01:22:50.738	1.33773	1.33774			6
2025.12.16	01:22:55.354	1.33770	1.33771			6
2025.12.16	01:22:55.659	1.33769	1.33770			6
2025.12.16	01:22:58.449	1.33770	1.33771			6
2025.12.16	01:23:00.012	1.33770				2
2025.12.16	01:23:00.320	1.33769	1.33770			6
2025.12.16	01:23:00.623	1.33770	1.33771			6
2025.12.16	01:23:01.264	1.33769	1.33770			6
2025.12.16	01:23:01.580	1.33770	1.33771			6
2025.12.16	01:23:02.207	1.33769	1.33770			6
2025.12.16	01:23:02.525	1.33770	1.33771			6
2025.12.16	01:23:03.470	1.33768	1.33769			6
2025.12.16	01:23:04.396	1.33769	1.33770			6
2025.12.16	01:23:04.699	1.33770	1.33771			6
2025.12.16	01:23:05.016	1.33772	1.33773			6
2025.12.16	01:23:06.242		1.33774			4
2025.12.16	01:23:11.175		1.33773			4
2025.12.16	01:23:20.215	1.33773	1.33774			6
2025.12.16	01:23:33.290	1.33774	1.33775			6
2025.12.16	01:23:39.147	1.33773	1.33774			6
2025.12.16	01:23:59.076	1.33774	1.33775			6
2025.12.16	01:24:00.304	1.33774				2
2025.12.16	01:24:02.147	1.33773	1.33774			6
2025.12.16	01:24:10.138	1.33774	1.33775			6
2025.12.16	01:24:10.441	1.33773	1.33774			6
2025.12.16	01:24:11.375	1.33774	1.33775			6
2025.12.16	01:24:14.760	1.33773	1.33774			6
2025.12.16	01:24:25.206	1.33774	1.33775			6
2025.12.16	01:24:33.193	1.33773	1.33774			6
2025.12.16	01:24:37.160	1.33774	1.33775			6
2025.12.16	01:24:44.528	1.33773	1.33774			6
2025.12.16	01:24:48.200	1.33771	1.33772			6
2025.12.16	01:25:00.155	1.33771				2
2025.12.16	01:25:14.230	1.33772	1.33773			6
2025.12.16	01:25:26.775	1.33771	1.33772			6
2025.12.16	01:25:32.012	1.33772	1.33773			6
2025.12.16	01:25:32.320	1.33771	1.33772			6
2025.12.16	01:25:34.786	1.33770	1.33771			6
2025.12.16	01:25:35.096	1.33771	1.33772			6
2025.12.16	01:25:43.064	1.33765	1.33766			6
2025.12.16	01:25:43.367	1.33764				2
2025.12.16	01:25:43.689	1.33765	1.33767			6
2025.12.16	01:25:53.358		1.33766			4
2025.12.16	01:26:00.193	1.33765				2
2025.12.16	01:26:02.078	1.33764	1.33765			6
2025.12.16	01:26:02.384	1.33761	1.33762			6
2025.12.16	01:26:03.319		1.33763			4
2025.12.16	01:26:09.164	1.33762				2
2025.12.16	01:26:15.386	1.33761	1.33762			6
2025.12.16	01:26:15.702	1.33762	1.33763			6
2025.12.16	01:26:44.698	1.33763	1.33764			6
2025.12.16	01:26:45.627	1.33764	1.33765			6
2025.12.16	01:26:56.680	1.33765	1.33766			6
2025.12.16	01:26:56.991	1.33764	1.33765			6
2025.12.16	01:27:00.061	1.33764				2
2025.12.16	01:27:05.910	1.33765	1.33766			6
2025.12.16	01:27:06.213	1.33767	1.33768			6
2025.12.16	01:27:12.985	1.33766	1.33767			6
2025.12.16	01:27:27.071	1.33767	1.33768			6
2025.12.16	01:27:27.680	1.33766	1.33767			6
2025.12.16	01:27:40.576	1.33767	1.33768			6
2025.12.16	01:27:40.877	1.33766	1.33767			6
2025.12.16	01:27:44.845	1.33767	1.33768			6
2025.12.16	01:28:00.169	1.33767				2
2025.12.16	01:28:00.477	1.33768	1.33769			6
2025.12.16	01:28:00.781	1.33769	1.33770			6
2025.12.16	01:28:10.886	1.33770	1.33771			6
2025.12.16	01:28:17.004	1.33769	1.33770			6
2025.12.16	01:28:21.912	1.33770	1.33771			6
2025.12.16	01:28:22.221	1.33769	1.33770			6
2025.12.16	01:28:24.984	1.33770	1.33771			6
2025.12.16	01:28:36.318	1.33771	1.33772			6
2025.12.16	01:28:38.157	1.33770	1.33771			6
2025.12.16	01:28:38.466	1.33771	1.33772			6
2025.12.16	01:28:38.772	1.33770	1.33771			6
2025.12.16	01:28:39.079	1.33771	1.33772			6
2025.12.16	01:28:43.656	1.33770	1.33771			6
2025.12.16	01:28:46.425	1.33771	1.33772			6
2025.12.16	01:29:00.245	1.33771				2
2025.12.16	01:29:02.695	1.33772	1.33773			6
2025.12.16	01:29:02.999	1.33771	1.33772			6
2025.12.16	01:29:06.353	1.33770	1.33771			6
2025.12.16	01:29:06.657	1.33771	1.33772			6
2025.12.16	01:29:09.415	1.33770	1.33771			6
2025.12.16	01:29:09.720	1.33771	1.33772			6
2025.12.16	01:29:11.265	1.33770	1.33771			6
2025.12.16	01:29:13.413	1.33771	1.33772			6
2025.12.16	01:29:14.328	1.33770	1.33771			6
2025.12.16	01:29:17.085	1.33771	1.33772			6
2025.12.16	01:29:19.538	1.33770	1.33771			6
2025.12.16	01:29:19.846	1.33771	1.33772			6
2025.12.16	01:29:22.615	1.33770	1.33771			6
2025.12.16	01:29:23.533	1.33771	1.33772			6
2025.12.16	01:29:23.841	1.33774	1.33775			6
2025.12.16	01:29:24.145	1.33777	1.33778			6
2025.12.16	01:29:25.370	1.33776				2
2025.12.16	01:29:45.217		1.33779			4
2025.12.16	01:29:46.141	1.33777				2
2025.12.16	01:29:46.463	1.33776				2
2025.12.16	01:29:47.399		1.33778			4
2025.12.16	01:29:50.792		1.33777			4
2025.12.16	01:29:54.526		1.33778			4
2025.12.16	01:29:56.712	1.33777				2
2025.12.16	01:30:00.100	1.33777				2
2025.12.16	01:30:00.417		1.33779			4
2025.12.16	01:30:01.029	1.33788	1.33790			6
2025.12.16	01:30:01.333		1.33789			4
2025.12.16	01:30:02.262		1.33791			4
2025.12.16	01:30:03.201	1.33785	1.33793			6
2025.12.16	01:30:03.504	1.33784	1.33792			6
2025.12.16	01:30:05.085	1.33785	1.33793			6
2025.12.16	01:30:06.630	1.33788	1.33791			6
2025.12.16	01:30:12.232	1.33784	1.33790			6
2025.12.16	01:30:15.339	1.33787	1.33791			6
2025.12.16	01:30:15.643		1.33790			4
2025.12.16	01:30:16.265		1.33791			4
2025.12.16	01:30:18.109		1.33790			4
2025.12.16	01:30:19.033	1.33786	1.33791			6
2025.12.16	01:30:19.957	1.33787				2
2025.12.16	01:30:21.809	1.33789	1.33793			6
2025.12.16	01:30:34.529	1.33793	1.33798			6
2025.12.16	01:30:34.834	1.33792	1.33797			6
2025.12.16	01:30:41.340		1.33796			4
2025.12.16	01:30:43.810		1.33798			4
2025.12.16	01:30:48.151	1.33791	1.33794			6
2025.12.16	01:30:48.466		1.33793			4
2025.12.16	01:30:49.394		1.33794			4
2025.12.16	01:30:53.731	1.33788	1.33792			6
2025.12.16	01:30:56.221		1.33791			4
2025.12.16	01:31:00.268	1.33788				2
2025.12.16	01:31:00.883		1.33792			4
2025.12.16	01:31:01.811		1.33791			4
2025.12.16	01:31:02.117		1.33792			4
2025.12.16	01:31:03.360		1.33791			4
2025.12.16	01:31:15.437	1.33787	1.33789			6
2025.12.16	01:31:17.939		1.33790			4
2025.12.16	01:31:19.477		1.33789			4
2025.12.16	01:31:19.783		1.33790			4
2025.12.16	01:31:20.731	1.33786	1.33789			6
2025.12.16	01:31:22.278	1.33787	1.33791			6
2025.12.16	01:31:28.136		1.33790			4
2025.12.16	01:31:44.457	1.33788	1.33791			6
2025.12.16	01:31:46.290	1.33787	1.33790			6
2025.12.16	01:31:53.320		1.33789			4
2025.12.16	01:32:00.054	1.33787				2
2025.12.16	01:32:00.355		1.33788			4
2025.12.16	01:32:11.714	1.33782	1.33783			6
2025.12.16	01:32:12.016	1.33781	1.33782			6
2025.12.16	01:32:12.325		1.33783			4
2025.12.16	01:32:14.816		1.33784			4
2025.12.16	01:32:16.660		1.33783			4
2025.12.16	01:32:19.759		1.33782			4
2025.12.16	01:32:20.676		1.33783			4
2025.12.16	01:32:23.148		1.33782			4
2025.12.16	01:32:30.309	1.33780				2
2025.12.16	01:32:33.383		1.33781			4
2025.12.16	01:32:33.994	1.33779				2
2025.12.16	01:32:36.446	1.33780	1.33782			6
2025.12.16	01:32:41.346	1.33781	1.33783			6
2025.12.16	01:32:42.267	1.33782	1.33784			6
2025.12.16	01:32:44.398	1.33781	1.33783			6
2025.12.16	01:32:44.703	1.33782	1.33784			6
2025.12.16	01:32:47.161		1.33783			4
2025.12.16	01:32:50.249	1.33781	1.33782			6
2025.12.16	01:32:50.562	1.33782	1.33783			6
2025.12.16	01:32:56.407	1.33783	1.33784			6
2025.12.16	01:32:56.713	1.33782	1.33783			6
2025.12.16	01:33:00.086	1.33782				2
2025.12.16	01:33:01.010	1.33781	1.33782			6
2025.12.16	01:33:01.316	1.33782	1.33783			6
2025.12.16	01:33:02.860	1.33781	1.33782			6
2025.12.16	01:33:03.165	1.33782	1.33783			6
2025.12.16	01:33:05.007	1.33781	1.33782			6
2025.12.16	01:33:13.916	1.33787	1.33788			6
2025.12.16	01:33:14.218	1.33786	1.33790			6
2025.12.16	01:33:14.824		1.33789			4
2025.12.16	01:33:27.214		1.33788			4
2025.12.16	01:33:31.261	1.33785				2
2025.12.16	01:33:31.568	1.33791	1.33794			6
2025.12.16	01:33:33.114		1.33796			4
2025.12.16	01:33:40.319		1.33794			4
2025.12.16	01:33:42.206	1.33790				2
2025.12.16	01:33:47.502		1.33795			4
2025.12.16	01:33:49.052		1.33794			4
2025.12.16	01:33:49.358		1.33795			4
2025.12.16	01:33:51.213		1.33794			4
2025.12.16	01:34:00.211	1.33791				2
2025.12.16	01:34:09.185		1.33793			4
2025.12.16	01:34:12.258	1.33794	1.33796			6
2025.12.16	01:34:12.569	1.33795	1.33797			6
2025.12.16	01:34:14.097	1.33794				2
2025.12.16	01:34:15.340	1.33795				2
2025.12.16	01:34:15.645	1.33796	1.33798			6
2025.12.16	01:34:17.490	1.33797	1.33799			6
2025.12.16	01:34:24.544	1.33798	1.33800			6
2025.12.16	01:34:25.154	1.33799				2
2025.12.16	01:34:25.769	1.33798	1.33799			6
2025.12.16	01:34:26.380		1.33800			4
2025.12.16	01:34:28.235		1.33799			4
2025.12.16	01:34:37.448	1.33799	1.33800			6
2025.12.16	01:34:38.978	1.33798	1.33799			6
2025.12.16	01:34:41.421	1.33799	1.33800			6
2025.12.16	01:34:46.350	1.33798	1.33799			6
2025.12.16	01:34:50.963	1.33799	1.33800			6
2025.12.16	01:34:54.944	1.33798	1.33799			6
2025.12.16	01:34:57.092	1.33799	1.33800			6
2025.12.16	01:35:00.146	1.33799				2
2025.12.16	01:35:09.048	1.33798	1.33799			6
2025.12.16	01:35:11.795	1.33795	1.33796			6
2025.12.16	01:35:12.099	1.33792	1.33793			6
2025.12.16	01:35:13.327	1.33790	1.33794			6
2025.12.16	01:35:17.354		1.33793			4
2025.12.16	01:35:18.897	1.33791	1.33794			6
2025.12.16	01:35:26.326		1.33793			4
2025.12.16	01:35:32.211	1.33792	1.33794			6
2025.12.16	01:35:32.529	1.33791	1.33793			6
2025.12.16	01:35:33.145	1.33792				2
2025.12.16	01:35:46.023	1.33793	1.33794			6
2025.12.16	01:35:46.329	1.33792	1.33793			6
2025.12.16	01:35:58.928	1.33793	1.33794			6
2025.12.16	01:36:00.157	1.33793				2
2025.12.16	01:36:00.467	1.33792	1.33793			6
2025.12.16	01:36:09.052	1.33793	1.33794			6
2025.12.16	01:36:18.231	1.33792	1.33793			6
2025.12.16	01:36:18.538	1.33793	1.33794			6
2025.12.16	01:36:28.973	1.33795	1.33796			6
2025.12.16	01:36:29.277	1.33794	1.33795			6
2025.12.16	01:37:00.241	1.33794				2
2025.12.16	01:37:29.369		1.33795			4
2025.12.16	01:38:00.037	1.33794				2
2025.12.16	01:38:17.800	1.33790	1.33791			6
2025.12.16	01:38:18.101	1.33791	1.33792			6
2025.12.16	01:38:18.406	1.33790	1.33791			6
2025.12.16	01:38:25.168	1.33789	1.33790			6
2025.12.16	01:38:32.202	1.33788	1.33789			6
2025.12.16	01:38:37.115	1.33787	1.33788			6
2025.12.16	01:38:47.236	1.33788	1.33789			6
2025.12.16	01:38:50.282	1.33787	1.33788			6
2025.12.16	01:39:00.090	1.33787				2
2025.12.16	01:39:32.238	1.33788	1.33789			6
2025.12.16	01:39:34.389	1.33787	1.33788			6
2025.12.16	01:39:42.075	1.33788	1.33789			6
2025.12.16	01:39:46.355	1.33789	1.33790			6
2025.12.16	01:39:47.274	1.33788	1.33789			6
2025.12.16	01:39:49.415	1.33789	1.33790			6
2025.12.16	01:39:51.258	1.33788	1.33789			6
2025.12.16	01:39:59.548	1.33789	1.33790			6
2025.12.16	01:40:00.167	1.33789				2
2025.12.16	01:40:04.171	1.33788	1.33789			6
2025.12.16	01:40:06.320	1.33787	1.33788			6
2025.12.16	01:40:17.971	1.33788	1.33789			6
2025.12.16	01:40:19.805	1.33787	1.33788			6
2025.12.16	01:40:38.838	1.33781	1.33782			6
2025.12.16	01:40:39.141	1.33782	1.33783			6
2025.12.16	01:40:39.760	1.33781	1.33782			6
2025.12.16	01:40:42.819	1.33779	1.33780			6
2025.12.16	01:40:43.428	1.33780	1.33781			6
2025.12.16	01:40:43.733	1.33781	1.33782			6
2025.12.16	01:40:44.036	1.33780	1.33781			6
2025.12.16	01:40:44.339	1.33779	1.33780			6
2025.12.16	01:40:46.487	1.33778	1.33779			6
2025.12.16	01:40:50.180	1.33777	1.33778			6
2025.12.16	01:40:51.105	1.33776	1.33777			6
2025.12.16	01:40:56.625	1.33777	1.33778			6
2025.12.16	01:41:00.022	1.33777				2
2025.12.16	01:41:10.744	1.33781	1.33782			6
2025.12.16	01:41:11.662	1.33782	1.33783			6
2025.12.16	01:41:12.267	1.33781				2
2025.12.16	01:41:13.207		1.33784			4
2025.12.16	01:41:14.135		1.33783			4
2025.12.16	01:41:23.131	1.33782				2
2025.12.16	01:41:31.176	1.33783	1.33784			6
2025.12.16	01:41:32.708	1.33782	1.33783			6
2025.12.16	01:41:35.467	1.33783	1.33784			6
2025.12.16	01:41:36.687	1.33782	1.33783			6
2025.12.16	01:41:42.508	1.33783	1.33784			6
2025.12.16	01:41:51.425	1.33782	1.33783			6
2025.12.16	01:41:52.651	1.33783	1.33784			6
2025.12.16	01:42:00.294	1.33783				2
2025.12.16	01:42:00.607	1.33782	1.33783			6
2025.12.16	01:42:06.419	1.33780	1.33781			6
2025.12.16	01:42:06.727	1.33779	1.33780			6
2025.12.16	01:42:12.850	1.33780	1.33781			6
2025.12.16	01:42:16.839	1.33779	1.33780			6
2025.12.16	01:42:18.069	1.33780	1.33781			6
2025.12.16	01:42:18.682	1.33779	1.33780			6
2025.12.16	01:42:21.748	1.33780	1.33781			6
2025.12.16	01:42:23.902	1.33778	1.33779			6
2025.12.16	01:42:30.646	1.33775	1.33776			6
2025.12.16	01:42:30.948	1.33777	1.33778			6
2025.12.16	01:42:35.871	1.33778	1.33779			6
2025.12.16	01:42:45.075	1.33777	1.33778			6
2025.12.16	01:42:46.906	1.33778	1.33779			6
2025.12.16	01:42:55.806	1.33777	1.33778			6
2025.12.16	01:43:00.085	1.33777				2
2025.12.16	01:43:00.396	1.33778	1.33779			6
2025.12.16	01:43:01.317	1.33777	1.33778			6
2025.12.16	01:43:07.147	1.33778	1.33779			6
2025.12.16	01:43:12.049	1.33777	1.33778			6
2025.12.16	01:43:12.968	1.33778	1.33779			6
2025.12.16	01:43:14.817	1.33779	1.33780			6
2025.12.16	01:43:15.433	1.33780	1.33781			6
2025.12.16	01:43:31.675	1.33781	1.33782			6
2025.12.16	01:43:31.981	1.33783	1.33784			6
2025.12.16	01:43:57.459	1.33782	1.33783			6
2025.12.16	01:43:57.765	1.33783	1.33784			6
2025.12.16	01:44:00.216	1.33783				2
2025.12.16	01:44:02.366	1.33782	1.33783			6
2025.12.16	01:44:06.653	1.33783	1.33784			6
2025.12.16	01:44:07.866	1.33784	1.33785			6
2025.12.16	01:44:17.682	1.33787	1.33788			6
2025.12.16	01:44:18.297	1.33786	1.33787			6
2025.12.16	01:44:20.450	1.33787	1.33788			6
2025.12.16	01:44:20.751	1.33786	1.33787			6
2025.12.16	01:44:24.423	1.33792	1.33793			6
2025.12.16	01:44:25.031	1.33793	1.33794			6
2025.12.16	01:44:25.334	1.33790	1.33797			6
2025.12.16	01:44:27.194		1.33796			4
2025.12.16	01:44:38.302	1.33791				2
2025.12.16	01:44:40.146		1.33795			4
2025.12.16	01:44:43.526	1.33796	1.33799			6
2025.12.16	01:44:43.831		1.33800			4
2025.12.16	01:44:44.143		1.33802			4
2025.12.16	01:44:44.452		1.33801			4
2025.12.16	01:44:45.366		1.33802			4
2025.12.16	01:44:47.232		1.33801			4
2025.12.16	01:44:48.459	1.33798	1.33802			6
2025.12.16	01:44:48.766		1.33801			4
2025.12.16	01:44:58.348		1.33800			4
2025.12.16	01:45:00.201	1.33798				2
2025.12.16	01:45:02.056	1.33796	1.33801			6
2025.12.16	01:45:03.909		1.33800			4
2025.12.16	01:45:04.851		1.33801			4
2025.12.16	01:45:08.282		1.33800			4
2025.12.16	01:45:18.221		1.33799			4
2025.12.16	01:45:33.158		1.33798			4
2025.12.16	01:45:40.186	1.33797				2
2025.12.16	01:45:45.367	1.33798	1.33799			6
2025.12.16	01:45:47.214	1.33797	1.33798			6
2025.12.16	01:45:53.033	1.33796	1.33797			6
2025.12.16	01:45:53.338	1.33797	1.33798			6
2025.12.16	01:46:00.097	1.33797				2
2025.12.16	01:46:08.072	1.33798	1.33799			6
2025.12.16	01:46:08.375	1.33808	1.33809			6
2025.12.16	01:46:09.299	1.33806	1.33812			6
2025.12.16	01:46:12.113		1.33813			4
2025.12.16	01:46:13.658		1.33812			4
2025.12.16	01:46:17.677		1.33813			4
2025.12.16	01:46:19.250		1.33812			4
2025.12.16	01:46:27.035	1.33808				2
2025.12.16	01:46:27.339		1.33813			4
2025.12.16	01:46:28.254		1.33810			4
2025.12.16	01:46:28.561	1.33807	1.33812			6
2025.12.16	01:46:32.913	1.33806				2
2025.12.16	01:46:36.663	1.33799	1.33802			6
2025.12.16	01:46:40.708		1.33803			4
2025.12.16	01:46:42.273	1.33797				2
2025.12.16	01:46:43.214		1.33802			4
2025.12.16	01:46:57.514		1.33803			4
2025.12.16	01:47:00.005	1.33797				2
2025.12.16	01:47:00.635	1.33796	1.33801			6
2025.12.16	01:47:00.940	1.33795				2
2025.12.16	01:47:13.408		1.33800			4
2025.12.16	01:47:13.719		1.33801			4
2025.12.16	01:47:18.346		1.33800			4
2025.12.16	01:47:18.653		1.33801			4
2025.12.16	01:47:21.439	1.33796				2
2025.12.16	01:47:28.271		1.33800			4
2025.12.16	01:47:29.195		1.33801			4
2025.12.16	01:47:34.197	1.33797	1.33802			6
2025.12.16	01:47:37.003		1.33803			4
2025.12.16	01:47:39.192		1.33802			4
2025.12.16	01:47:39.495	1.33798	1.33803			6
2025.12.16	01:47:39.796		1.33801			4
2025.12.16	01:47:45.655	1.33797				2
2025.12.16	01:47:48.421		1.33802			4
2025.12.16	01:47:49.352		1.33801			4
2025.12.16	01:47:57.909	1.33798	1.33802			6
2025.12.16	01:47:59.125		1.33801			4
2025.12.16	01:48:00.045	1.33798				2
2025.12.16	01:48:08.336	1.33799				2
2025.12.16	01:48:13.253	1.33805	1.33807			6
2025.12.16	01:48:13.559	1.33806	1.33808			6
2025.12.16	01:48:14.175	1.33804	1.33809			6
2025.12.16	01:48:14.780		1.33810			4
2025.12.16	01:48:17.250		1.33809			4
2025.12.16	01:48:20.326	1.33805				2
2025.12.16	01:48:20.629		1.33810			4
2025.12.16	01:48:27.146		1.33809			4
2025.12.16	01:48:37.281	1.33806				2
2025.12.16	01:48:46.205		1.33808			4
2025.12.16	01:48:54.178	1.33807				2
2025.12.16	01:48:59.718	1.33806	1.33807			6
2025.12.16	01:49:00.020	1.33806				2
2025.12.16	01:49:01.545	1.33807	1.33808			6
2025.12.16	01:49:03.684	1.33808	1.33809			6
2025.12.16	01:49:10.123	1.33807	1.33808			6
2025.12.16	01:49:15.944	1.33803	1.33804			6
2025.12.16	01:49:17.176	1.33802				2
2025.12.16	01:49:22.374	1.33803				2
2025.12.16	01:49:23.902	1.33802	1.33803			6
2025.12.16	01:49:30.350	1.33803	1.33804			6
2025.12.16	01:49:30.652	1.33800	1.33801			6
2025.12.16	01:49:32.185	1.33799				2
2025.12.16	01:49:34.347	1.33800				2
2025.12.16	01:49:41.999	1.33799	1.33800			6
2025.12.16	01:49:50.275	1.33800	1.33801			6
2025.12.16	01:49:53.034	1.33799	1.33800			6
2025.12.16	01:49:53.963	1.33800	1.33801			6
2025.12.16	01:49:55.519	1.33801	1.33802			6
2025.12.16	01:49:56.438	1.33800	1.33801			6
2025.12.16	01:49:58.885	1.33801	1.33802			6
2025.12.16	01:50:00.124	1.33801				2
2025.12.16	01:50:27.439	1.33800	1.33801			6
2025.12.16	01:50:28.668	1.33801	1.33802			6
2025.12.16	01:50:28.974	1.33800	1.33801			6
2025.12.16	01:50:31.441	1.33801	1.33802			6
2025.12.16	01:50:31.746	1.33800	1.33801			6
2025.12.16	01:50:54.157	1.33798	1.33799			6
2025.12.16	01:50:54.771	1.33799	1.33800			6
2025.12.16	01:50:55.995	1.33798	1.33799			6
2025.12.16	01:51:00.275	1.33798				2
2025.12.16	01:51:00.578	1.33799	1.33800			6
2025.12.16	01:51:03.944	1.33800	1.33801			6
2025.12.16	01:51:12.221	1.33799	1.33800			6
2025.12.16	01:51:13.456	1.33800	1.33801			6
2025.12.16	01:51:23.261	1.33802	1.33803			6
2025.12.16	01:51:23.564	1.33803	1.33804			6
2025.12.16	01:51:24.171	1.33806	1.33807			6
2025.12.16	01:51:29.677	1.33807	1.33808			6
2025.12.16	01:51:30.292	1.33808	1.33809			6
2025.12.16	01:51:38.591	1.33809	1.33810			6
2025.12.16	01:51:45.646	1.33808	1.33809			6
2025.12.16	01:51:48.095	1.33809	1.33810			6
2025.12.16	01:51:49.937	1.33808	1.33809			6
2025.12.16	01:51:52.385	1.33809	1.33810			6
2025.12.16	01:51:54.233	1.33808	1.33809			6
2025.12.16	01:51:59.744	1.33809	1.33810			6
2025.12.16	01:52:00.048	1.33809				2
2025.12.16	01:52:02.195	1.33808	1.33809			6
2025.12.16	01:52:42.305	1.33807	1.33808			6
2025.12.16	01:52:56.977	1.33806	1.33807			6
2025.12.16	01:52:57.602	1.33807	1.33808			6
2025.12.16	01:53:00.057	1.33807				2
2025.12.16	01:53:00.970	1.33808	1.33809			6
2025.12.16	01:53:04.039	1.33807	1.33808			6
2025.12.16	01:53:10.479	1.33808	1.33809			6
2025.12.16	01:53:25.216	1.33807	1.33808			6
2025.12.16	01:53:31.047	1.33808	1.33809			6
2025.12.16	01:53:43.039	1.33807	1.33808			6
2025.12.16	01:53:46.406	1.33808	1.33809			6
2025.12.16	01:54:00.219	1.33808				2
2025.12.16	01:54:32.148	1.33807	1.33808			6
2025.12.16	01:54:33.069	1.33802	1.33803			6
2025.12.16	01:54:47.185	1.33803	1.33804			6
2025.12.16	01:55:00.056	1.33803				2
2025.12.16	01:55:02.511	1.33804	1.33805			6
2025.12.16	01:55:03.119	1.33803	1.33804			6
2025.12.16	01:56:00.163	1.33803				2
2025.12.16	01:56:03.255		1.33804			4
2025.12.16	01:56:22.313	1.33804	1.33805			6
2025.12.16	01:56:23.227	1.33805	1.33806			6
2025.12.16	01:56:30.592	1.33804	1.33805			6
2025.12.16	01:56:30.899	1.33803	1.33804			6
2025.12.16	01:56:33.970	1.33804	1.33805			6
2025.12.16	01:56:36.421	1.33803	1.33804			6
2025.12.16	01:56:41.341	1.33804	1.33805			6
2025.12.16	01:56:42.589	1.33803	1.33804			6
2025.12.16	01:57:00.071	1.33803				2
2025.12.16	01:57:07.119	1.33802	1.33803			6
2025.12.16	01:57:07.420	1.33803	1.33804			6
2025.12.16	01:57:07.731	1.33802	1.33803			6
2025.12.16	01:57:12.320	1.33801	1.33802			6
2025.12.16	01:57:13.241	1.33800	1.33801			6
2025.12.16	01:57:15.386	1.33799	1.33800			6
2025.12.16	01:57:20.917	1.33797	1.33798			6
2025.12.16	01:57:21.220	1.33796	1.33797			6
2025.12.16	01:57:22.142	1.33797	1.33798			6
2025.12.16	01:57:27.681	1.33796	1.33797			6
2025.12.16	01:57:41.757	1.33797	1.33798			6
2025.12.16	01:57:54.938	1.33796	1.33797			6
2025.12.16	01:58:00.154	1.33796				2
2025.12.16	01:58:34.245	1.33797	1.33798			6
2025.12.16	01:58:34.853	1.33798	1.33799			6
2025.12.16	01:58:53.881	1.33797	1.33798			6
2025.12.16	01:59:00.002	1.33797				2
2025.12.16	01:59:00.308	1.33794	1.33795			6
2025.12.16	01:59:01.238	1.33795	1.33796			6
2025.12.16	01:59:02.165	1.33796	1.33797			6
2025.12.16	01:59:07.374	1.33795	1.33796			6
2025.12.16	01:59:10.434	1.33796	1.33797			6
2025.12.16	01:59:23.905	1.33793	1.33794			6
2025.12.16	01:59:24.210	1.33794	1.33795			6
2025.12.16	01:59:26.977	1.33793	1.33794			6
2025.12.16	01:59:36.177	1.33791	1.33792			6
2025.12.16	01:59:39.239	1.33790	1.33791			6
2025.12.16	01:59:40.464	1.33787	1.33788			6
2025.12.16	01:59:40.772	1.33788	1.33789			6
2025.12.16	01:59:50.368	1.33790	1.33791			6
2025.12.16	01:59:50.678	1.33791	1.33792			6
2025.12.16	01:59:52.211	1.33790				2
2025.12.16	02:00:00.011	1.33790				2
2025.12.16	02:00:00.316		1.33791			4
2025.12.16	02:00:01.250	1.33792	1.33793			6
2025.12.16	02:00:01.556	1.33794	1.33795			6
2025.12.16	02:00:03.100	1.33792	1.33796			6
2025.12.16	02:00:04.966		1.33797			4
2025.12.16	02:00:05.580	1.33793	1.33798			6
2025.12.16	02:00:06.509	1.33792	1.33797			6
2025.12.16	02:00:07.118	1.33793	1.33798			6
2025.12.16	02:00:08.362	1.33792	1.33797			6
2025.12.16	02:00:10.231	1.33793	1.33798			6
2025.12.16	02:00:15.170	1.33794				2
2025.12.16	02:00:17.015	1.33803	1.33807			6
2025.12.16	02:00:17.639	1.33802	1.33806			6
2025.12.16	02:00:17.954	1.33803	1.33807			6
2025.12.16	02:00:18.260	1.33801				2
2025.12.16	02:00:20.122	1.33800				2
2025.12.16	02:00:20.428	1.33801				2
2025.12.16	02:00:22.614	1.33800	1.33805			6
2025.12.16	02:00:23.860		1.33804			4
2025.12.16	02:00:24.800		1.33806			4
2025.12.16	02:00:25.423		1.33804			4
2025.12.16	02:00:27.916		1.33807			4
2025.12.16	02:00:28.229	1.33801				2
2025.12.16	02:00:29.173	1.33800				2
2025.12.16	02:00:29.483	1.33801	1.33808			6
2025.12.16	02:00:29.801	1.33802				2
2025.12.16	02:00:30.120		1.33807			4
2025.12.16	02:00:30.428	1.33801	1.33806			6
2025.12.16	02:00:30.740		1.33807			4
2025.12.16	02:00:31.991		1.33808			4
2025.12.16	02:00:32.308		1.33807			4
2025.12.16	02:00:39.777		1.33808			4
2025.12.16	02:00:40.697		1.33807			4
2025.12.16	02:00:41.942	1.33802				2
2025.12.16	02:00:42.557	1.33801				2
2025.12.16	02:00:44.410	1.33803	1.33808			6
2025.12.16	02:00:44.714	1.33805	1.33809			6
2025.12.16	02:00:45.656		1.33810			4
2025.12.16	02:00:46.905	1.33806	1.33811			6
2025.12.16	02:00:47.850	1.33807				2
2025.12.16	02:00:49.722	1.33805	1.33810			6
2025.12.16	02:00:57.809	1.33803	1.33809			6
2025.12.16	02:00:58.435	1.33804				2
2025.12.16	02:01:00.308	1.33803				2
2025.12.16	02:01:01.542	1.33804				2
2025.12.16	02:01:02.164	1.33803				2
2025.12.16	02:01:02.470	1.33804				2
2025.12.16	02:01:03.410	1.33805	1.33810			6
2025.12.16	02:01:04.961	1.33804				2
2025.12.16	02:01:05.883	1.33805				2
2025.12.16	02:01:08.056	1.33806	1.33811			6
2025.12.16	02:01:10.233	1.33807	1.33812			6
2025.12.16	02:01:12.419	1.33806				2
2025.12.16	02:01:16.159	1.33808	1.33813			6
2025.12.16	02:01:17.086		1.33814			4
2025.12.16	02:01:20.519	1.33809				2
2025.12.16	02:01:21.779	1.33808				2
2025.12.16	02:01:24.916	1.33809				2
2025.12.16	02:01:26.161		1.33813			4
2025.12.16	02:01:26.477	1.33814	1.33817			6
2025.12.16	02:01:26.781	1.33815	1.33820			6
2025.12.16	02:01:27.399	1.33816	1.33821			6
2025.12.16	02:01:28.313		1.33820			4
2025.12.16	02:01:31.438		1.33821			4
2025.12.16	02:01:32.680		1.33820			4
2025.12.16	02:01:32.988		1.33821			4
2025.12.16	02:01:33.604	1.33815	1.33819			6
2025.12.16	02:01:33.912		1.33820			4
2025.12.16	02:01:34.859	1.33808	1.33813			6
2025.12.16	02:01:48.289	1.33810				2
2025.12.16	02:01:48.604	1.33813	1.33816			6
2025.12.16	02:01:52.318	1.33811				2
2025.12.16	02:01:58.195	1.33810				2
2025.12.16	02:01:58.501	1.33811				2
2025.12.16	02:02:00.047	1.33811				2
2025.12.16	02:02:01.293	1.33810	1.33815			6
2025.12.16	02:02:02.533	1.33811	1.33816			6
2025.12.16	02:02:05.669	1.33810	1.33815			6
2025.12.16	02:02:06.916	1.33811	1.33816			6
2025.12.16	02:02:07.540	1.33810	1.33815			6
2025.12.16	02:02:10.983	1.33811	1.33816			6
2025.12.16	02:02:12.212	1.33809	1.33813			6
2025.12.16	02:02:12.513	1.33808				2
2025.12.16	02:02:18.438	1.33806	1.33811			6
2025.12.16	02:02:21.561	1.33808	1.33813			6
2025.12.16	02:02:21.868	1.33807				2
2025.12.16	02:02:26.890	1.33809	1.33814			6
2025.12.16	02:02:29.374	1.33810				2
2025.12.16	02:02:30.639	1.33815	1.33821			6
2025.12.16	02:02:30.949	1.33816				2
2025.12.16	02:02:34.696	1.33817	1.33823			6
2025.12.16	02:02:35.323		1.33822			4
2025.12.16	02:02:36.263	1.33818	1.33823			6
2025.12.16	02:02:38.129	1.33817	1.33822			6
2025.12.16	02:02:39.680	1.33819	1.33824			6
2025.12.16	02:02:40.312	1.33818	1.33823			6
2025.12.16	02:02:41.559		1.33821			4
2025.12.16	02:02:47.156		1.33822			4
2025.12.16	02:02:49.010		1.33823			4
2025.12.16	02:02:49.328		1.33822			4
2025.12.16	02:02:50.255		1.33823			4
2025.12.16	02:02:53.081	1.33819				2
2025.12.16	02:02:53.388	1.33818				2
2025.12.16	02:02:55.268		1.33822			4
2025.12.16	02:02:56.537		1.33823			4
2025.12.16	02:02:56.841	1.33819	1.33824			6
2025.12.16	02:02:58.086		1.33822			4
2025.12.16	02:02:58.396	1.33818	1.33823			6
2025.12.16	02:02:59.026	1.33819				2
2025.12.16	02:02:59.647	1.33818	1.33822			6
2025.12.16	02:03:00.272	1.33818				2
2025.12.16	02:03:01.215	1.33819	1.33823			6
2025.12.16	02:03:01.523	1.33818				2
2025.12.16	02:03:02.143	1.33819				2
2025.12.16	02:03:03.982		1.33822			4
2025.12.16	02:03:05.820	1.33818	1.33821			6
2025.12.16	02:03:06.130		1.33822			4
2025.12.16	02:03:16.839		1.33821			4
2025.12.16	02:03:24.191	1.33820	1.33824			6
2025.12.16	02:03:25.417	1.33819	1.33823			6
2025.12.16	02:03:26.034	1.33820				2
2025.12.16	02:03:26.339	1.33819				2
2025.12.16	02:03:26.949	1.33822	1.33826			6
2025.12.16	02:03:27.257		1.33825			4
2025.12.16	02:03:27.564	1.33821				2
2025.12.16	02:03:27.867		1.33824			4
2025.12.16	02:03:29.705	1.33822	1.33825			6
2025.12.16	02:03:30.616	1.33821	1.33824			6
2025.12.16	02:03:30.927		1.33825			4
2025.12.16	02:03:31.544		1.33824			4
2025.12.16	02:03:31.850	1.33820				2
2025.12.16	02:03:33.387		1.33823			4
2025.12.16	02:03:34.310	1.33821				2
2025.12.16	02:03:34.922	1.33817	1.33820			6
2025.12.16	02:03:35.225	1.33818	1.33821			6
2025.12.16	02:03:36.144	1.33819				2
2025.12.16	02:03:40.131	1.33820	1.33823			6
2025.12.16	02:03:45.341	1.33821	1.33824			6
2025.12.16	02:03:47.485	1.33818	1.33821			6
2025.12.16	02:03:49.011	1.33817	1.33820			6
2025.12.16	02:03:52.075		1.33819			4
2025.12.16	02:03:56.384	1.33818				2
2025.12.16	02:03:56.691	1.33817				2
2025.12.16	02:03:57.602	1.33818				2
2025.12.16	02:04:00.049	1.33818	1.33820			6
2025.12.16	02:04:00.361	1.33817	1.33819			6
2025.12.16	02:04:02.196	1.33816	1.33818			6
2025.12.16	02:04:03.117	1.33817	1.33819			6
2025.12.16	02:04:04.649	1.33815	1.33817			6
2025.12.16	02:04:05.866	1.33816	1.33818			6
2025.12.16	02:04:06.172	1.33817	1.33819			6
2025.12.16	02:04:06.788	1.33818	1.33820			6
2025.12.16	02:04:11.063	1.33819	1.33821			6
2025.12.16	02:04:11.985		1.33820			4
2025.12.16	02:04:13.214		1.33821			4
2025.12.16	02:04:17.197		1.33820			4
2025.12.16	02:04:21.156	1.33821	1.33822			6
2025.12.16	02:04:22.381	1.33822	1.33823			6
2025.12.16	02:04:23.305	1.33821	1.33822			6
2025.12.16	02:04:24.537	1.33822	1.33823			6
2025.12.16	02:04:31.271	1.33823	1.33824			6
2025.12.16	02:04:31.573	1.33822	1.33823			6
2025.12.16	02:04:36.779	1.33824	1.33825			6
2025.12.16	02:04:37.086	1.33825	1.33826			6
2025.12.16	02:04:37.392	1.33824	1.33825			6
2025.12.16	02:04:39.220	1.33825	1.33826			6
2025.12.16	02:04:46.268	1.33824	1.33825			6
2025.12.16	02:04:47.492	1.33825	1.33826			6
2025.12.16	02:04:49.031	1.33826	1.33827			6
2025.12.16	02:04:51.469	1.33828	1.33829			6
2025.12.16	02:04:54.840	1.33829	1.33830			6
2025.12.16	02:05:00.041	1.33829				2
2025.12.16	02:05:00.346	1.33828	1.33829			6
2025.12.16	02:05:01.872	1.33829	1.33830			6
2025.12.16	02:05:05.537	1.33832	1.33833			6
2025.12.16	02:05:09.202	1.33835	1.33836			6
2025.12.16	02:05:10.123	1.33833	1.33834			6
2025.12.16	02:05:10.427	1.33831	1.33832			6
2025.12.16	02:05:10.732	1.33830	1.33831			6
2025.12.16	02:05:11.349	1.33829				2
2025.12.16	02:05:13.223	1.33830	1.33832			6
2025.12.16	02:05:13.536	1.33829	1.33831			6
2025.12.16	02:05:13.857	1.33831	1.33833			6
2025.12.16	02:05:14.481	1.33830	1.33832			6
2025.12.16	02:05:15.096	1.33831	1.33833			6
2025.12.16	02:05:15.404	1.33830	1.33831			6
2025.12.16	02:05:17.901		1.33832			4
2025.12.16	02:05:18.219	1.33829	1.33831			6
2025.12.16	02:05:19.162	1.33830	1.33832			6
2025.12.16	02:05:20.410	1.33829	1.33831			6
2025.12.16	02:05:20.712	1.33830	1.33832			6
2025.12.16	02:05:23.229	1.33831				2
2025.12.16	02:05:26.582	1.33830	1.33831			6
2025.12.16	02:05:41.359	1.33829	1.33830			6
2025.12.16	02:05:51.470	1.33832	1.33833			6
2025.12.16	02:05:52.402	1.33831	1.33832			6
2025.12.16	02:05:52.710	1.33826	1.33827			6
2025.12.16	02:05:53.319	1.33824	1.33826			6
2025.12.16	02:05:53.938	1.33825	1.33827			6
2025.12.16	02:05:54.255		1.33829			4
2025.12.16	02:05:55.176	1.33826				2
2025.12.16	02:05:55.485	1.33824	1.33826			6
2025.12.16	02:05:55.789	1.33823				2
2025.12.16	02:05:56.105	1.33821	1.33824			6
2025.12.16	02:05:56.421	1.33820				2
2025.12.16	02:05:57.347	1.33821	1.33823			6
2025.12.16	02:05:57.663		1.33824			4
2025.12.16	02:05:58.572		1.33823			4
2025.12.16	02:06:00.119	1.33821				2
2025.12.16	02:06:01.656	1.33820				2
2025.12.16	02:06:07.216	1.33821				2
2025.12.16	02:06:12.199		1.33822			4
2025.12.16	02:06:18.361	1.33822	1.33823			6
2025.12.16	02:06:19.285	1.33821	1.33822			6
2025.12.16	02:06:22.373	1.33820	1.33821			6
2025.12.16	02:06:24.219		1.33822			4
2025.12.16	02:06:25.446		1.33821			4
2025.12.16	02:06:27.295	1.33821	1.33822			6
2025.12.16	02:06:28.209	1.33822	1.33823			6
2025.12.16	02:06:42.022	1.33823	1.33824			6
2025.12.16	02:06:42.632	1.33822	1.33823			6
2025.12.16	02:06:54.588	1.33821	1.33822			6
2025.12.16	02:06:54.893	1.33820	1.33821			6
2025.12.16	02:06:55.820	1.33821	1.33822			6
2025.12.16	02:07:00.116	1.33821				2
2025.12.16	02:07:16.703	1.33822	1.33823			6
2025.12.16	02:07:17.016	1.33821	1.33822			6
2025.12.16	02:07:17.633	1.33823	1.33824			6
2025.12.16	02:07:21.910	1.33830	1.33831			6
2025.12.16	02:07:22.521	1.33831	1.33832			6
2025.12.16	02:07:22.824	1.33830	1.33831			6
2025.12.16	02:07:23.132	1.33829	1.33832			6
2025.12.16	02:07:25.312	1.33830				2
2025.12.16	02:07:25.932	1.33829				2
2025.12.16	02:07:26.237	1.33830				2
2025.12.16	02:07:27.168	1.33828	1.33830			6
2025.12.16	02:07:28.094	1.33827				2
2025.12.16	02:07:31.205	1.33828	1.33831			6
2025.12.16	02:07:31.516	1.33829				2
2025.12.16	02:07:31.826	1.33828	1.33830			6
2025.12.16	02:07:32.458		1.33831			4
2025.12.16	02:07:33.077	1.33829	1.33832			6
2025.12.16	02:07:34.001	1.33830				2
2025.12.16	02:07:35.240	1.33829				2
2025.12.16	02:07:36.478	1.33830				2
2025.12.16	02:07:40.187	1.33829				2
2025.12.16	02:07:40.492	1.33830	1.33833			6
2025.12.16	02:07:40.800	1.33829	1.33832			6
2025.12.16	02:07:41.728	1.33830	1.33833			6
2025.12.16	02:07:42.348		1.33832			4
2025.12.16	02:07:45.752	1.33831	1.33833			6
2025.12.16	02:07:46.362	1.33832	1.33834			6
2025.12.16	02:07:46.664	1.33831	1.33833			6
2025.12.16	02:07:48.211	1.33832				2
2025.12.16	02:07:48.529	1.33831				2
2025.12.16	02:07:50.376		1.33832			4
2025.12.16	02:07:50.687	1.33830	1.33831			6
2025.12.16	02:07:51.295	1.33831	1.33832			6
2025.12.16	02:07:51.602	1.33830	1.33831			6
2025.12.16	02:07:54.681	1.33831	1.33832			6
2025.12.16	02:07:54.986	1.33830	1.33831			6
2025.12.16	02:07:57.741	1.33831	1.33832			6
2025.12.16	02:08:00.207	1.33831				2
2025.12.16	02:08:03.911	1.33832	1.33833			6
2025.12.16	02:08:08.484	1.33831	1.33832			6
2025.12.16	02:08:09.102	1.33832	1.33833			6
