<DATE>	<TIME>	<BID>	<ASK>	<LAST>	<VOLUME>	<FLAGS>
2025.04.28	00:03:30.976	1.32994	1.33160			6
2025.04.28	00:04:15.168	1.32994				2
2025.04.28	00:04:40.934		1.33160			4
2025.04.28	00:05:05.499	1.32994				2
2025.04.28	00:05:50.938		1.33160			4
2025.04.28	00:06:00.536	1.32994				2
2025.04.28	00:06:15.171	1.33009	1.33124			6
2025.04.28	00:07:10.935	1.33009				2
2025.04.28	00:07:35.161		1.33124			4
2025.04.28	00:08:00.524	1.33009				2
2025.04.28	00:08:50.525		1.33124			4
2025.04.28	00:09:11.936	1.33009				2
2025.04.28	00:10:00.474	1.33009	1.33124			6
2025.04.28	00:11:00.882	1.33009	1.33124			6
2025.04.28	00:12:00.526	1.33009				2
2025.04.28	00:12:02.088		1.33124			4
2025.04.28	00:13:01.483	1.33009				2
2025.04.28	00:13:02.682		1.33124			4
2025.04.28	00:14:00.939	1.33009				2
2025.04.28	00:14:02.683		1.33124			4
2025.04.28	00:15:05.381	1.33009	1.33124			6
2025.04.28	00:16:00.935	1.33009				2
2025.04.28	00:16:05.979		1.33124			4
2025.04.28	00:16:15.527	1.33005				2
2025.04.28	00:16:17.081	1.33006				2
2025.04.28	00:16:36.880		1.33164			4
2025.04.28	00:16:38.081	1.33007				2
2025.04.28	00:17:00.581	1.33008				2
2025.04.28	00:17:37.180		1.33164			4
2025.04.28	00:18:00.580	1.33008				2
2025.04.28	00:18:37.780		1.33164			4
2025.04.28	00:18:52.481		1.33166			4
2025.04.28	00:19:00.462	1.33008				2
2025.04.28	00:19:53.387		1.33166			4
2025.04.28	00:20:02.604	1.33008				2
2025.04.28	00:20:39.579	1.33009				2
2025.04.28	00:20:53.686		1.33166			4
2025.04.28	00:21:00.885	1.33009				2
2025.04.28	00:21:26.484	1.33010				2
2025.04.28	00:21:36.881	1.33009				2
2025.04.28	00:21:52.663	1.32994	1.33180			6
2025.04.28	00:21:54.815	1.33009	1.33166			6
2025.04.28	00:22:00.885	1.33009				2
2025.04.28	00:22:56.979		1.33166			4
2025.04.28	00:23:00.523	1.33009				2
2025.04.28	00:23:11.854	1.33007				2
2025.04.28	00:23:59.683		1.33166			4
2025.04.28	00:24:03.884	1.33007				2
2025.04.28	00:24:16.479	1.33008				2
2025.04.28	00:24:22.327	1.33009				2
2025.04.28	00:24:22.779	1.33010				2
2025.04.28	00:25:01.482	1.33010	1.33166			6
2025.04.28	00:26:01.783	1.33010	1.33166			6
2025.04.28	00:26:17.619	1.32994	1.33180			6
2025.04.28	00:26:19.780	1.33010	1.33166			6
2025.04.28	00:26:29.380	1.33011				2
2025.04.28	00:27:00.579	1.33011				2
2025.04.28	00:27:20.981		1.33166			4
2025.04.28	00:27:35.828	1.32997				2
2025.04.28	00:27:47.035	1.32996				2
2025.04.28	00:28:03.588	1.32996				2
2025.04.28	00:28:25.480		1.33166			4
2025.04.28	00:28:28.482	1.32995				2
2025.04.28	00:28:43.896	1.32996				2
2025.04.28	00:29:00.537	1.32996				2
2025.04.28	00:29:08.548	1.32995				2
2025.04.28	00:29:28.179		1.33166			4
2025.04.28	00:29:30.834	1.32994				2
2025.04.28	00:30:00.286	1.33010				2
2025.04.28	00:30:14.080	1.33011				2
2025.04.28	00:30:19.179	1.33014				2
2025.04.28	00:30:29.084		1.33166			4
2025.04.28	00:30:30.178	1.33016				2
2025.04.28	00:30:30.783	1.33011				2
2025.04.28	00:30:33.282	1.33020				2
2025.04.28	00:30:34.169	1.33023				2
2025.04.28	00:30:35.118	1.33022				2
2025.04.28	00:30:36.410	1.33021				2
2025.04.28	00:30:37.785	1.33020				2
2025.04.28	00:30:38.442	1.33022				2
2025.04.28	00:30:38.917	1.33021				2
2025.04.28	00:30:39.709	1.33020				2
2025.04.28	00:30:41.507	1.33022				2
2025.04.28	00:30:42.153	1.33020				2
2025.04.28	00:30:43.370	1.33021				2
2025.04.28	00:30:44.632	1.33020				2
2025.04.28	00:30:48.286	1.33024				2
2025.04.28	00:30:59.980	1.33025				2
2025.04.28	00:31:01.480	1.33024				2
2025.04.28	00:31:07.182	1.33025				2
2025.04.28	00:31:22.780	1.33026				2
2025.04.28	00:31:29.092		1.33166			4
2025.04.28	00:31:40.480	1.33027				2
2025.04.28	00:31:40.870	1.33024				2
2025.04.28	00:31:41.310	1.33026				2
2025.04.28	00:31:42.571	1.33020				2
2025.04.28	00:31:42.879	1.33025				2
2025.04.28	00:31:43.186	1.33027				2
2025.04.28	00:31:43.566	1.33026				2
2025.04.28	00:31:43.922	1.33027				2
2025.04.28	00:31:44.240	1.33026				2
2025.04.28	00:31:44.557	1.33022				2
2025.04.28	00:31:44.861	1.33027				2
2025.04.28	00:31:51.883	1.33028				2
2025.04.28	00:32:01.394	1.33024				2
2025.04.28	00:32:17.716	1.33022				2
2025.04.28	00:32:21.882	1.33023				2
2025.04.28	00:32:29.680		1.33166			4
2025.04.28	00:32:35.417	1.33022				2
2025.04.28	00:32:36.421	1.33023				2
2025.04.28	00:32:40.420	1.33022				2
2025.04.28	00:32:41.418	1.33023				2
2025.04.28	00:32:41.815	1.33022				2
2025.04.28	00:32:42.818	1.33023				2
2025.04.28	00:32:45.413	1.33024				2
2025.04.28	00:32:46.416	1.33023				2
2025.04.28	00:32:47.415	1.33024				2
2025.04.28	00:32:48.581	1.33023				2
2025.04.28	00:32:49.812	1.33024				2
2025.04.28	00:32:54.797	1.33023				2
2025.04.28	00:32:57.597	1.33024				2
2025.04.28	00:32:59.786	1.33023				2
2025.04.28	00:33:00.784	1.33024				2
2025.04.28	00:33:02.680	1.33023				2
2025.04.28	00:33:04.820	1.33025				2
2025.04.28	00:33:07.792	1.33023				2
2025.04.28	00:33:08.790	1.33025				2
2025.04.28	00:33:10.801	1.33023				2
2025.04.28	00:33:12.818	1.33025				2
2025.04.28	00:33:14.803	1.33023				2
2025.04.28	00:33:15.796	1.33025				2
2025.04.28	00:33:17.818	1.33023				2
2025.04.28	00:33:18.812	1.33025				2
2025.04.28	00:33:20.523	1.33023				2
2025.04.28	00:33:21.812	1.33025				2
2025.04.28	00:33:23.825	1.33023				2
2025.04.28	00:33:24.824	1.33025				2
2025.04.28	00:33:26.816	1.33023				2
2025.04.28	00:33:28.823	1.33025				2
2025.04.28	00:33:30.814	1.33023	1.33166			6
2025.04.28	00:33:31.814	1.33025				2
2025.04.28	00:33:33.513	1.33023				2
2025.04.28	00:33:34.499	1.33025				2
2025.04.28	00:33:36.817	1.33023				2
2025.04.28	00:33:37.812	1.33025				2
2025.04.28	00:33:39.829	1.33023				2
2025.04.28	00:33:40.833	1.33024				2
2025.04.28	00:33:42.812	1.33021				2
2025.04.28	00:33:44.824	1.33024				2
2025.04.28	00:33:46.320	1.33025				2
2025.04.28	00:33:46.832	1.33022				2
2025.04.28	00:33:47.554	1.33024				2
2025.04.28	00:33:51.805	1.33021				2
2025.04.28	00:33:52.807	1.33024				2
2025.04.28	00:33:54.961	1.33011	1.33127			6
2025.04.28	00:33:58.628	1.32994				2
2025.04.28	00:34:00.893	1.32994				2
2025.04.28	00:34:21.282	1.32995				2
2025.04.28	00:34:37.487	1.32996				2
2025.04.28	00:34:52.486	1.33001				2
2025.04.28	00:34:55.488		1.33127			4
2025.04.28	00:35:00.279	1.33001				2
2025.04.28	00:35:14.791		1.33126			4
2025.04.28	00:36:01.783	1.33001				2
2025.04.28	00:36:17.680		1.33126			4
2025.04.28	00:36:48.594	1.33002				2
2025.04.28	00:36:49.835	1.33001				2
2025.04.28	00:37:01.482	1.33002				2
2025.04.28	00:37:17.829		1.33126			4
2025.04.28	00:37:33.581	1.33003				2
2025.04.28	00:38:03.585	1.33003				2
2025.04.28	00:38:18.283		1.33126			4
2025.04.28	00:38:20.984	1.33004				2
2025.04.28	00:39:00.280	1.33004				2
2025.04.28	00:39:18.881		1.33126			4
2025.04.28	00:39:33.280	1.33005				2
2025.04.28	00:40:00.523	1.33005				2
2025.04.28	00:40:20.079		1.33126			4
2025.04.28	00:41:04.479	1.33005				2
2025.04.28	00:41:20.380		1.33126			4
2025.04.28	00:41:39.798		1.33127			4
2025.04.28	00:42:00.581	1.33005				2
2025.04.28	00:42:15.762	1.33000				2
2025.04.28	00:42:16.752	1.33002				2
2025.04.28	00:42:42.584		1.33127			4
2025.04.28	00:42:48.451	1.32989	1.33117			6
2025.04.28	00:43:00.590	1.32989				2
2025.04.28	00:43:49.180		1.33117			4
2025.04.28	00:44:01.780	1.32989				2
2025.04.28	00:44:52.185		1.33117			4
2025.04.28	00:45:00.480	1.32989				2
2025.04.28	00:45:02.131	1.32974	1.33132			6
2025.04.28	00:45:04.273	1.32989	1.33117			6
2025.04.28	00:45:08.364	1.33005	1.33101			6
2025.04.28	00:46:00.082	1.33005				2
2025.04.28	00:46:08.420		1.33101			4
2025.04.28	00:46:22.612	1.33017	1.33117			6
2025.04.28	00:46:22.927		1.33126			4
2025.04.28	00:46:28.787		1.33132			4
2025.04.28	00:47:00.197	1.33017				2
2025.04.28	00:47:02.052	1.33008	1.33168			6
2025.04.28	00:47:04.196	1.33017	1.33132			6
2025.04.28	00:47:11.864		1.33146			4
2025.04.28	00:47:22.638		1.33132			4
2025.04.28	00:47:32.725		1.33149			4
2025.04.28	00:48:00.235	1.33017				2
2025.04.28	00:48:02.700		1.33132			4
2025.04.28	00:48:20.845		1.33149			4
2025.04.28	00:48:23.614	1.33014				2
2025.04.28	00:48:29.454	1.33013				2
2025.04.28	00:48:30.378	1.33015				2
2025.04.28	00:48:41.686		1.33132			4
2025.04.28	00:49:00.027	1.33015				2
2025.04.28	00:49:00.330	1.33016				2
2025.04.28	00:49:02.794		1.33149			4
2025.04.28	00:49:07.722		1.33132			4
2025.04.28	00:49:17.589		1.33149			4
2025.04.28	00:49:37.585	1.33014				2
2025.04.28	00:49:46.522		1.33132			4
2025.04.28	00:49:54.215	1.33016				2
2025.04.28	00:49:55.750	1.33014				2
2025.04.28	00:49:58.830	1.33016				2
2025.04.28	00:50:00.049	1.33015				2
2025.04.28	00:50:46.181	1.33016				2
2025.04.28	00:50:46.796		1.33132			4
2025.04.28	00:51:00.299	1.33016				2
2025.04.28	00:51:42.580	1.33017				2
2025.04.28	00:51:46.851		1.33132			4
2025.04.28	00:51:47.154		1.33135			4
2025.04.28	00:52:00.104	1.33017				2
2025.04.28	00:52:19.547		1.33134			4
2025.04.28	00:52:41.781		1.33136			4
2025.04.28	00:53:00.295	1.33017				2
2025.04.28	00:53:41.846		1.33136			4
2025.04.28	00:53:53.533		1.33134			4
2025.04.28	00:53:58.773		1.33133			4
2025.04.28	00:54:00.011	1.33017				2
2025.04.28	00:54:02.168	1.33018				2
2025.04.28	00:54:48.660		1.33132			4
2025.04.28	00:55:00.032	1.33018				2
2025.04.28	00:55:08.662		1.33131			4
2025.04.28	00:55:16.350	1.33017				2
2025.04.28	00:56:00.007	1.33017				2
2025.04.28	00:56:08.937		1.33131			4
2025.04.28	00:56:58.870		1.33132			4
2025.04.28	00:57:00.103	1.33017				2
2025.04.28	00:57:30.320	1.33015				2
2025.04.28	00:57:59.006		1.33132			4
2025.04.28	00:58:00.236	1.33015				2
2025.04.28	00:58:28.882	1.33016	1.33131			6
2025.04.28	00:58:30.432	1.33017				2
2025.04.28	00:58:33.212		1.33132			4
2025.04.28	00:59:00.053	1.33017				2
2025.04.28	00:59:17.021	1.33016				2
2025.04.28	00:59:28.752		1.33133			4
2025.04.28	00:59:30.607	1.33017				2
2025.04.28	00:59:38.938		1.33134			4
2025.04.28	01:00:00.214	1.33017	1.33093			6
2025.04.28	01:00:00.583	1.33032				2
2025.04.28	01:00:01.841	1.33025				2
2025.04.28	01:00:02.148		1.33135			4
2025.04.28	01:00:02.466	1.33035	1.33145			6
2025.04.28	01:00:02.774	1.33032	1.33142			6
2025.04.28	01:00:03.095	1.33027	1.33137			6
2025.04.28	01:00:04.021	1.33026	1.33136			6
2025.04.28	01:00:04.639	1.33022	1.33093			6
2025.04.28	01:00:05.871	1.33023				2
2025.04.28	01:00:07.564	1.33024				2
2025.04.28	01:00:14.040	1.33025				2
2025.04.28	01:00:15.270	1.33043				2
2025.04.28	01:00:20.821	1.33046				2
2025.04.28	01:00:21.747	1.33059				2
2025.04.28	01:00:25.162		1.33097			4
2025.04.28	01:00:25.786		1.33101			4
2025.04.28	01:00:31.044	1.33040				2
2025.04.28	01:00:31.353	1.33041				2
2025.04.28	01:00:31.669	1.33098	1.33118			6
2025.04.28	01:00:49.399	1.33089	1.33106			6
2025.04.28	01:00:50.631	1.33086	1.33100			6
2025.04.28	01:00:51.242	1.33088	1.33107			6
2025.04.28	01:00:51.861	1.33090	1.33110			6
2025.04.28	01:00:56.143	1.33096				2
2025.04.28	01:00:57.370	1.33110	1.33128			6
2025.04.28	01:01:00.136	1.33116	1.33122			6
2025.04.28	01:01:00.444	1.33115	1.33121			6
2025.04.28	01:01:01.060	1.33117	1.33123			6
2025.04.28	01:01:02.668	1.33108	1.33114			6
2025.04.28	01:01:03.277	1.33103	1.33109			6
2025.04.28	01:01:03.886	1.33102	1.33108			6
2025.04.28	01:01:04.807	1.33101	1.33107			6
2025.04.28	01:01:10.320	1.33096	1.33102			6
2025.04.28	01:01:11.242	1.33095	1.33101			6
2025.04.28	01:01:12.169	1.33093	1.33099			6
2025.04.28	01:01:14.312	1.33094				2
2025.04.28	01:01:19.181	1.33096	1.33101			6
2025.04.28	01:01:44.275		1.33100			4
2025.04.28	01:02:00.187	1.33096				2
2025.04.28	01:02:14.241	1.33105	1.33109			6
2025.04.28	01:02:16.675	1.33109	1.33113			6
2025.04.28	01:02:16.980	1.33112	1.33116			6
2025.04.28	01:02:19.420	1.33111	1.33115			6
2025.04.28	01:02:29.806	1.33112	1.33116			6
2025.04.28	01:02:53.363	1.33110	1.33114			6
2025.04.28	01:02:59.166	1.33112	1.33116			6
2025.04.28	01:03:00.082	1.33112				2
2025.04.28	01:03:03.148	1.33114	1.33118			6
2025.04.28	01:03:04.981	1.33112	1.33116			6
2025.04.28	01:03:05.293	1.33111	1.33115			6
2025.04.28	01:03:11.734	1.33110	1.33114			6
2025.04.28	01:03:19.086	1.33112	1.33116			6
2025.04.28	01:03:31.323	1.33113	1.33117			6
2025.04.28	01:03:38.356	1.33110	1.33114			6
2025.04.28	01:03:55.172	1.33103	1.33107			6
2025.04.28	01:03:55.477	1.33100	1.33104			6
2025.04.28	01:03:55.782	1.33087	1.33091			6
2025.04.28	01:03:56.388	1.33086	1.33092			6
2025.04.28	01:04:00.056	1.33086				2
2025.04.28	01:04:13.511	1.33081	1.33087			6
2025.04.28	01:04:19.922	1.33084	1.33090			6
2025.04.28	01:04:21.154	1.33083	1.33089			6
2025.04.28	01:04:21.455	1.33084	1.33090			6
2025.04.28	01:04:22.069	1.33083	1.33089			6
2025.04.28	01:04:22.674	1.33086	1.33092			6
2025.04.28	01:04:26.342	1.33087				2
2025.04.28	01:05:00.270	1.33087				2
2025.04.28	01:05:01.181	1.33084	1.33089			6
2025.04.28	01:05:01.792	1.33085	1.33090			6
2025.04.28	01:05:04.233		1.33089			4
2025.04.28	01:05:12.505	1.33079	1.33083			6
2025.04.28	01:05:13.114		1.33084			4
2025.04.28	01:05:13.418	1.33077	1.33082			6
2025.04.28	01:05:14.335	1.33074	1.33079			6
2025.04.28	01:05:15.562	1.33080	1.33085			6
2025.04.28	01:05:25.388		1.33084			4
2025.04.28	01:05:30.896	1.33086	1.33090			6
2025.04.28	01:05:31.208		1.33091			4
2025.04.28	01:05:36.131		1.33090			4
2025.04.28	01:05:43.491	1.33085	1.33089			6
2025.04.28	01:06:00.078	1.33085				2
2025.04.28	01:06:40.537	1.33084	1.33088			6
2025.04.28	01:06:41.152	1.33083	1.33086			6
2025.04.28	01:06:42.374	1.33082				2
2025.04.28	01:06:48.207	1.33083				2
2025.04.28	01:06:50.356	1.33071	1.33074			6
2025.04.28	01:06:50.963	1.33065	1.33068			6
2025.04.28	01:06:51.268	1.33064				2
2025.04.28	01:06:51.570	1.33065	1.33069			6
2025.04.28	01:06:52.184		1.33070			4
2025.04.28	01:06:54.952	1.33063	1.33068			6
2025.04.28	01:06:56.172		1.33067			4
2025.04.28	01:06:58.016	1.33064	1.33068			6
2025.04.28	01:06:58.630	1.33063	1.33067			6
2025.04.28	01:06:59.548	1.33064	1.33068			6
2025.04.28	01:06:59.861	1.33065	1.33069			6
2025.04.28	01:07:00.172	1.33065				2
2025.04.28	01:07:07.217	1.33064	1.33068			6
2025.04.28	01:07:10.278	1.33071	1.33075			6
2025.04.28	01:07:12.138		1.33076			4
2025.04.28	01:07:14.292		1.33075			4
2025.04.28	01:07:14.912	1.33066	1.33070			6
2025.04.28	01:07:16.147		1.33071			4
2025.04.28	01:07:22.315		1.33070			4
2025.04.28	01:07:27.557	1.33067	1.33071			6
2025.04.28	01:07:32.483	1.33066	1.33070			6
2025.04.28	01:07:35.557	1.33067	1.33071			6
2025.04.28	01:07:37.396	1.33068	1.33072			6
2025.04.28	01:08:00.168	1.33068				2
2025.04.28	01:08:02.299	1.33062	1.33066			6
2025.04.28	01:08:02.923	1.33066	1.33070			6
2025.04.28	01:08:03.234	1.33067	1.33071			6
2025.04.28	01:08:30.124	1.33071	1.33075			6
2025.04.28	01:08:30.747	1.33073	1.33077			6
2025.04.28	01:08:36.913	1.33077	1.33081			6
2025.04.28	01:08:37.221	1.33078	1.33082			6
2025.04.28	01:09:00.059	1.33078				2
2025.04.28	01:09:25.363	1.33079				2
2025.04.28	01:09:37.281		1.33082			4
2025.04.28	01:09:40.664	1.33074	1.33077			6
2025.04.28	01:09:42.186	1.33073				2
2025.04.28	01:09:57.303	1.33074				2
2025.04.28	01:10:00.072	1.33074				2
2025.04.28	01:10:02.839	1.33067	1.33070			6
2025.04.28	01:10:03.143	1.33064	1.33067			6
2025.04.28	01:10:04.060	1.33063	1.33066			6
2025.04.28	01:10:04.369	1.33062				2
2025.04.28	01:10:05.596	1.33055	1.33059			6
2025.04.28	01:10:07.138		1.33060			4
2025.04.28	01:10:11.271	1.33056	1.33061			6
2025.04.28	01:10:12.195	1.33057	1.33062			6
2025.04.28	01:10:23.252		1.33061			4
2025.04.28	01:10:24.177	1.33064	1.33068			6
2025.04.28	01:10:24.789	1.33065	1.33069			6
2025.04.28	01:10:25.096	1.33072	1.33076			6
2025.04.28	01:10:25.402	1.33071				2
2025.04.28	01:10:26.024	1.33073	1.33078			6
2025.04.28	01:10:26.328	1.33072				2
2025.04.28	01:10:27.260	1.33070	1.33076			6
2025.04.28	01:10:33.397	1.33071				2
2025.04.28	01:10:42.918	1.33073	1.33078			6
2025.04.28	01:10:49.365	1.33077	1.33082			6
2025.04.28	01:10:49.678	1.33078	1.33083			6
2025.04.28	01:10:55.510	1.33080	1.33085			6
2025.04.28	01:10:59.511	1.33082	1.33087			6
2025.04.28	01:11:00.128	1.33082				2
2025.04.28	01:11:01.364	1.33081	1.33086			6
2025.04.28	01:11:03.838	1.33082	1.33087			6
2025.04.28	01:11:18.056	1.33081	1.33086			6
2025.04.28	01:11:20.219		1.33085			4
2025.04.28	01:11:25.167	1.33080	1.33084			6
2025.04.28	01:11:33.816	1.33082	1.33086			6
2025.04.28	01:11:34.439	1.33081	1.33085			6
2025.04.28	01:12:00.129	1.33081				2
2025.04.28	01:12:01.976	1.33074	1.33078			6
2025.04.28	01:12:02.904	1.33076	1.33080			6
2025.04.28	01:12:20.817	1.33074	1.33078			6
2025.04.28	01:12:22.046	1.33072	1.33076			6
2025.04.28	01:12:22.354	1.33071	1.33075			6
2025.04.28	01:12:34.694	1.33073	1.33077			6
2025.04.28	01:12:43.956	1.33066	1.33070			6
2025.04.28	01:12:44.577	1.33067	1.33071			6
2025.04.28	01:12:45.809	1.33072	1.33076			6
2025.04.28	01:12:46.116	1.33073	1.33077			6
2025.04.28	01:12:46.434	1.33072	1.33076			6
2025.04.28	01:12:46.737	1.33070	1.33074			6
2025.04.28	01:12:50.143	1.33068	1.33072			6
2025.04.28	01:12:52.615	1.33069	1.33073			6
2025.04.28	01:12:53.229	1.33073	1.33077			6
2025.04.28	01:12:55.708	1.33069	1.33073			6
2025.04.28	01:12:56.017	1.33073	1.33077			6
2025.04.28	01:12:56.321	1.33075	1.33079			6
2025.04.28	01:13:00.037	1.33075				2
2025.04.28	01:13:02.508	1.33081	1.33085			6
2025.04.28	01:13:03.121		1.33086			4
2025.04.28	01:13:15.203		1.33085			4
2025.04.28	01:13:16.427	1.33084	1.33088			6
2025.04.28	01:13:17.058	1.33085	1.33089			6
2025.04.28	01:13:17.359	1.33083	1.33088			6
2025.04.28	01:13:20.146		1.33087			4
2025.04.28	01:13:22.009	1.33084	1.33088			6
2025.04.28	01:13:27.279	1.33082	1.33086			6
2025.04.28	01:13:34.700	1.33081	1.33085			6
2025.04.28	01:13:36.561	1.33079	1.33083			6
2025.04.28	01:13:43.043	1.33082	1.33086			6
2025.04.28	01:14:00.001	1.33082				2
2025.04.28	01:14:05.869	1.33079	1.33083			6
2025.04.28	01:14:06.179	1.33080	1.33084			6
2025.04.28	01:14:10.517	1.33091	1.33095			6
2025.04.28	01:14:11.132	1.33090	1.33096			6
2025.04.28	01:14:12.366	1.33091	1.33097			6
2025.04.28	01:14:15.150	1.33093	1.33099			6
2025.04.28	01:14:16.388	1.33092	1.33098			6
2025.04.28	01:14:23.801	1.33091	1.33097			6
2025.04.28	01:14:26.276	1.33092				2
2025.04.28	01:14:33.388	1.33089	1.33094			6
2025.04.28	01:14:35.229	1.33090	1.33095			6
2025.04.28	01:14:35.542	1.33091	1.33096			6
2025.04.28	01:14:39.871	1.33089	1.33094			6
2025.04.28	01:14:40.181	1.33081	1.33086			6
2025.04.28	01:14:41.105	1.33080				2
2025.04.28	01:14:42.652	1.33081	1.33087			6
2025.04.28	01:14:50.085	1.33084	1.33090			6
2025.04.28	01:14:52.248	1.33083	1.33089			6
2025.04.28	01:14:58.131	1.33080	1.33086			6
2025.04.28	01:14:59.686	1.33078	1.33084			6
2025.04.28	01:15:00.309	1.33076	1.33082			6
2025.04.28	01:15:02.457	1.33078	1.33084			6
2025.04.28	01:15:02.761	1.33083	1.33089			6
2025.04.28	01:15:03.996	1.33078	1.33084			6
2025.04.28	01:15:04.313		1.33085			4
2025.04.28	01:15:05.243		1.33084			4
2025.04.28	01:15:05.868	1.33077	1.33083			6
2025.04.28	01:15:07.106	1.33079	1.33085			6
2025.04.28	01:15:07.414	1.33077	1.33083			6
2025.04.28	01:15:11.726	1.33076	1.33082			6
2025.04.28	01:15:12.355	1.33077	1.33083			6
2025.04.28	01:15:13.585	1.33076	1.33082			6
2025.04.28	01:15:15.446	1.33077	1.33083			6
2025.04.28	01:15:15.748	1.33076	1.33082			6
2025.04.28	01:15:16.068	1.33077	1.33083			6
2025.04.28	01:15:16.373	1.33078	1.33084			6
2025.04.28	01:15:31.512	1.33066	1.33072			6
2025.04.28	01:15:32.122		1.33073			4
2025.04.28	01:15:35.833	1.33071	1.33078			6
2025.04.28	01:15:36.746	1.33062	1.33069			6
2025.04.28	01:15:38.910	1.33061	1.33068			6
2025.04.28	01:15:39.228	1.33062	1.33069			6
2025.04.28	01:15:39.537		1.33068			4
2025.04.28	01:15:41.697	1.33056	1.33063			6
2025.04.28	01:15:42.000	1.33057	1.33064			6
2025.04.28	01:15:42.318	1.33058				2
2025.04.28	01:15:42.635	1.33057				2
2025.04.28	01:15:43.875	1.33056	1.33063			6
2025.04.28	01:15:44.183	1.33057	1.33064			6
2025.04.28	01:15:44.800		1.33058			4
2025.04.28	01:15:45.103	1.33047	1.33054			6
2025.04.28	01:15:45.424	1.33043	1.33050			6
2025.04.28	01:15:46.039	1.33042	1.33049			6
2025.04.28	01:15:50.691	1.33041	1.33046			6
2025.04.28	01:15:51.004	1.33040	1.33047			6
2025.04.28	01:15:51.317	1.33041	1.33048			6
2025.04.28	01:15:51.945	1.33042	1.33049			6
2025.04.28	01:15:52.888	1.33041	1.33048			6
2025.04.28	01:15:53.195	1.33042	1.33049			6
2025.04.28	01:15:53.498	1.33041	1.33048			6
2025.04.28	01:15:54.132	1.33042	1.33049			6
2025.04.28	01:15:54.445	1.33041	1.33048			6
2025.04.28	01:15:54.750	1.33046				2
2025.04.28	01:15:55.061	1.33051	1.33058			6
2025.04.28	01:15:55.985	1.33050	1.33057			6
2025.04.28	01:15:56.294	1.33051	1.33058			6
2025.04.28	01:15:58.457	1.33047	1.33054			6
2025.04.28	01:15:59.387	1.33048				2
2025.04.28	01:15:59.697	1.33047				2
2025.04.28	01:16:00.002	1.33047				2
2025.04.28	01:16:00.623	1.33050	1.33057			6
2025.04.28	01:16:00.928	1.33051	1.33058			6
2025.04.28	01:16:02.792	1.33052	1.33059			6
2025.04.28	01:16:03.098	1.33051	1.33058			6
2025.04.28	01:16:03.720	1.33052	1.33059			6
2025.04.28	01:16:07.135		1.33058			4
2025.04.28	01:16:08.059	1.33051				2
2025.04.28	01:16:10.538	1.33052	1.33059			6
2025.04.28	01:16:15.810	1.33051	1.33058			6
2025.04.28	01:16:16.430	1.33052	1.33059			6
2025.04.28	01:16:18.283	1.33051	1.33058			6
2025.04.28	01:16:19.516	1.33052	1.33059			6
2025.04.28	01:16:25.069	1.33051	1.33058			6
2025.04.28	01:16:25.381	1.33052	1.33059			6
2025.04.28	01:16:30.021	1.33051	1.33058			6
2025.04.28	01:16:32.819	1.33050	1.33056			6
2025.04.28	01:16:33.120	1.33049	1.33055			6
2025.04.28	01:16:35.579	1.33051	1.33057			6
2025.04.28	01:16:36.513		1.33058			4
2025.04.28	01:16:42.397	1.33052	1.33059			6
2025.04.28	01:16:47.349		1.33058			4
2025.04.28	01:16:51.075	1.33051	1.33057			6
2025.04.28	01:16:51.690	1.33052	1.33058			6
2025.04.28	01:16:52.308	1.33051	1.33057			6
2025.04.28	01:16:54.771	1.33052	1.33058			6
2025.04.28	01:16:58.789	1.33053	1.33059			6
2025.04.28	01:17:00.024	1.33053				2
2025.04.28	01:17:00.646	1.33052	1.33058			6
2025.04.28	01:17:03.441	1.33057	1.33063			6
2025.04.28	01:17:05.301	1.33060	1.33066			6
2025.04.28	01:17:05.608	1.33062	1.33068			6
2025.04.28	01:17:06.227	1.33064	1.33070			6
2025.04.28	01:17:06.537	1.33063	1.33069			6
2025.04.28	01:17:06.856	1.33062	1.33068			6
2025.04.28	01:17:07.159	1.33063	1.33069			6
2025.04.28	01:17:10.879	1.33050	1.33056			6
2025.04.28	01:17:11.187	1.33043	1.33049			6
2025.04.28	01:17:11.503	1.33042	1.33048			6
2025.04.28	01:17:12.121		1.33049			4
2025.04.28	01:17:13.046	1.33043	1.33050			6
2025.04.28	01:17:13.973		1.33049			4
2025.04.28	01:17:14.283	1.33032	1.33039			6
2025.04.28	01:17:15.209	1.33031	1.33037			6
2025.04.28	01:17:15.514	1.33028	1.33035			6
2025.04.28	01:17:16.431	1.33023	1.33030			6
2025.04.28	01:17:16.732	1.33031	1.33038			6
2025.04.28	01:17:18.894	1.33032	1.33039			6
2025.04.28	01:17:22.590	1.33033	1.33040			6
2025.04.28	01:17:28.137	1.33032	1.33039			6
2025.04.28	01:17:28.756	1.33030	1.33037			6
2025.04.28	01:17:29.060	1.33031	1.33038			6
2025.04.28	01:17:29.366	1.33033	1.33040			6
2025.04.28	01:17:33.689	1.33032	1.33039			6
2025.04.28	01:17:36.461	1.33033	1.33040			6
2025.04.28	01:17:39.539	1.33032	1.33039			6
2025.04.28	01:17:40.462	1.33033	1.33040			6
2025.04.28	01:17:40.769	1.33031	1.33038			6
2025.04.28	01:17:41.077	1.33032	1.33039			6
2025.04.28	01:17:44.158	1.33031	1.33038			6
2025.04.28	01:17:45.084	1.33032	1.33039			6
2025.04.28	01:17:45.705	1.33033	1.33040			6
2025.04.28	01:17:46.939	1.33032	1.33039			6
2025.04.28	01:17:48.789	1.33033	1.33040			6
2025.04.28	01:17:49.094	1.33032	1.33039			6
2025.04.28	01:17:49.402	1.33042	1.33049			6
2025.04.28	01:17:50.636	1.33034	1.33041			6
2025.04.28	01:17:54.023	1.33035	1.33042			6
2025.04.28	01:17:54.640	1.33034	1.33041			6
2025.04.28	01:17:54.949	1.33033	1.33040			6
2025.04.28	01:17:55.254	1.33032	1.33039			6
2025.04.28	01:17:55.564	1.33033	1.33040			6
2025.04.28	01:17:57.719	1.33034	1.33041			6
2025.04.28	01:18:00.185	1.33034				2
2025.04.28	01:18:00.801	1.33035	1.33042			6
2025.04.28	01:18:02.653	1.33034	1.33041			6
2025.04.28	01:18:03.261	1.33032	1.33039			6
2025.04.28	01:18:03.880	1.33045	1.33052			6
2025.04.28	01:18:04.192	1.33044	1.33051			6
2025.04.28	01:18:05.436	1.33045	1.33052			6
2025.04.28	01:18:07.896	1.33044	1.33051			6
2025.04.28	01:18:08.204	1.33046	1.33053			6
2025.04.28	01:18:08.504	1.33045	1.33052			6
2025.04.28	01:18:09.746	1.33044	1.33051			6
2025.04.28	01:18:10.359	1.33042	1.33049			6
2025.04.28	01:18:16.200	1.33038	1.33045			6
2025.04.28	01:18:16.505	1.33039	1.33046			6
2025.04.28	01:18:16.817	1.33037	1.33044			6
2025.04.28	01:18:19.284	1.33038	1.33045			6
2025.04.28	01:18:22.677	1.33040	1.33047			6
2025.04.28	01:18:25.752	1.33039	1.33046			6
2025.04.28	01:18:26.683	1.33038	1.33045			6
2025.04.28	01:18:27.299	1.33043	1.33050			6
2025.04.28	01:18:27.612	1.33049	1.33056			6
2025.04.28	01:18:27.917	1.33051	1.33058			6
2025.04.28	01:18:28.846	1.33052	1.33059			6
2025.04.28	01:18:29.153	1.33051	1.33058			6
2025.04.28	01:18:30.705	1.33052	1.33059			6
2025.04.28	01:18:31.941	1.33051	1.33058			6
2025.04.28	01:18:32.246	1.33050	1.33057			6
2025.04.28	01:18:35.013	1.33046	1.33053			6
2025.04.28	01:18:35.939	1.33050	1.33057			6
2025.04.28	01:18:36.246	1.33051	1.33058			6
2025.04.28	01:18:37.482	1.33053	1.33060			6
2025.04.28	01:18:38.731	1.33054	1.33061			6
2025.04.28	01:18:39.960	1.33045	1.33052			6
2025.04.28	01:18:40.887	1.33044	1.33051			6
2025.04.28	01:18:41.195	1.33048	1.33055			6
2025.04.28	01:18:44.269	1.33049	1.33056			6
2025.04.28	01:18:55.060	1.33054	1.33061			6
2025.04.28	01:18:55.680	1.33053	1.33060			6
2025.04.28	01:18:55.989	1.33055	1.33062			6
2025.04.28	01:18:56.296	1.33054	1.33061			6
2025.04.28	01:18:56.605	1.33055	1.33062			6
2025.04.28	01:18:57.531	1.33057	1.33064			6
2025.04.28	01:18:57.839	1.33055	1.33062			6
2025.04.28	01:19:00.008	1.33055				2
2025.04.28	01:19:00.315	1.33054	1.33061			6
2025.04.28	01:19:04.640	1.33053	1.33060			6
2025.04.28	01:19:04.950	1.33054	1.33061			6
2025.04.28	01:19:05.567	1.33053	1.33060			6
2025.04.28	01:19:06.181	1.33052	1.33059			6
2025.04.28	01:19:09.896	1.33053	1.33060			6
2025.04.28	01:19:10.812	1.33050	1.33057			6
2025.04.28	01:19:11.743	1.33051	1.33058			6
2025.04.28	01:19:12.045	1.33050	1.33057			6
2025.04.28	01:19:12.972	1.33051	1.33058			6
2025.04.28	01:19:16.981	1.33049	1.33056			6
2025.04.28	01:19:17.286	1.33048	1.33054			6
2025.04.28	01:19:18.214		1.33055			4
2025.04.28	01:19:19.136		1.33054			4
2025.04.28	01:19:23.157	1.33041	1.33047			6
2025.04.28	01:19:23.465	1.33042	1.33048			6
2025.04.28	01:19:24.094	1.33041	1.33047			6
2025.04.28	01:19:33.047	1.33043	1.33049			6
2025.04.28	01:19:33.664	1.33041	1.33047			6
2025.04.28	01:19:35.837	1.33043	1.33049			6
2025.04.28	01:19:36.145	1.33042	1.33048			6
2025.04.28	01:19:45.710	1.33043	1.33049			6
2025.04.28	01:19:46.014	1.33045	1.33051			6
2025.04.28	01:19:46.324	1.33044	1.33050			6
2025.04.28	01:19:47.865	1.33042	1.33048			6
2025.04.28	01:19:48.175	1.33043				2
2025.04.28	01:19:58.571	1.33042	1.33045			6
2025.04.28	01:19:59.481	1.33041	1.33044			6
2025.04.28	01:20:00.084	1.33041				2
2025.04.28	01:20:01.926	1.33042				2
2025.04.28	01:20:02.851	1.33041	1.33043			6
2025.04.28	01:20:03.778	1.33042	1.33044			6
2025.04.28	01:20:04.081	1.33041	1.33043			6
2025.04.28	01:20:04.388		1.33044			4
2025.04.28	01:20:19.417	1.33042				2
2025.04.28	01:20:20.638	1.33041				2
2025.04.28	01:20:21.567	1.33042				2
2025.04.28	01:20:23.093	1.33032	1.33035			6
2025.04.28	01:20:43.685	1.33033				2
2025.04.28	01:20:45.524	1.33034	1.33038			6
2025.04.28	01:20:45.825	1.33031	1.33035			6
2025.04.28	01:20:51.034	1.33029	1.33032			6
2025.04.28	01:20:51.647	1.33031	1.33034			6
2025.04.28	01:20:51.950	1.33041	1.33045			6
2025.04.28	01:20:52.261	1.33042				2
2025.04.28	01:20:52.564	1.33041	1.33043			6
2025.04.28	01:20:55.641	1.33034	1.33038			6
2025.04.28	01:20:55.950		1.33039			4
2025.04.28	01:20:56.255	1.33033				2
2025.04.28	01:20:57.474	1.33030	1.33035			6
2025.04.28	01:20:57.784	1.33032	1.33038			6
2025.04.28	01:20:59.316	1.33033	1.33039			6
2025.04.28	01:21:00.241	1.33034				2
2025.04.28	01:21:00.859	1.33033	1.33038			6
2025.04.28	01:21:01.778	1.33032	1.33037			6
2025.04.28	01:21:02.088	1.33033	1.33038			6
2025.04.28	01:21:03.002		1.33035			4
2025.04.28	01:21:03.315		1.33038			4
2025.04.28	01:21:03.622	1.33032	1.33035			6
2025.04.28	01:21:06.684	1.33033				2
2025.04.28	01:21:07.294		1.33038			4
2025.04.28	01:21:08.205	1.33032	1.33037			6
2025.04.28	01:21:09.128	1.33033	1.33038			6
2025.04.28	01:21:09.743	1.33032	1.33037			6
2025.04.28	01:21:10.046	1.33033	1.33038			6
2025.04.28	01:21:12.192		1.33035			4
2025.04.28	01:21:12.498		1.33038			4
2025.04.28	01:21:12.799	1.33034	1.33039			6
2025.04.28	01:21:13.728	1.33033	1.33038			6
2025.04.28	01:21:14.946	1.33034	1.33039			6
2025.04.28	01:21:17.396	1.33035				2
2025.04.28	01:21:18.609	1.33034	1.33038			6
2025.04.28	01:21:20.440	1.33032	1.33036			6
2025.04.28	01:21:20.742	1.33034	1.33038			6
2025.04.28	01:21:21.043	1.33032	1.33036			6
2025.04.28	01:21:22.571	1.33034	1.33038			6
2025.04.28	01:21:23.485	1.33033	1.33037			6
2025.04.28	01:21:23.788	1.33032	1.33036			6
2025.04.28	01:21:24.095	1.33033	1.33037			6
2025.04.28	01:21:24.399	1.33035	1.33039			6
2025.04.28	01:21:25.326	1.33032	1.33036			6
2025.04.28	01:21:25.938	1.33034	1.33038			6
2025.04.28	01:21:27.782	1.33033	1.33037			6
2025.04.28	01:21:28.088	1.33032	1.33036			6
2025.04.28	01:21:28.704	1.33033	1.33037			6
2025.04.28	01:21:30.233	1.33034	1.33038			6
2025.04.28	01:21:31.157	1.33033	1.33037			6
2025.04.28	01:21:31.468	1.33032	1.33036			6
2025.04.28	01:21:32.388	1.33033	1.33037			6
2025.04.28	01:21:33.611	1.33032	1.33036			6
2025.04.28	01:21:35.143	1.33033	1.33037			6
2025.04.28	01:21:40.373	1.33034	1.33038			6
2025.04.28	01:21:40.687	1.33035	1.33039			6
2025.04.28	01:21:40.988	1.33036				2
2025.04.28	01:21:41.604	1.33035				2
2025.04.28	01:21:41.909	1.33036	1.33040			6
2025.04.28	01:21:42.832	1.33035	1.33039			6
2025.04.28	01:21:44.681	1.33036	1.33040			6
2025.04.28	01:21:44.990	1.33039	1.33042			6
2025.04.28	01:21:45.293	1.33036	1.33039			6
2025.04.28	01:21:45.602	1.33035				2
2025.04.28	01:21:46.226	1.33036				2
2025.04.28	01:21:46.534	1.33035				2
2025.04.28	01:21:47.766	1.33036				2
2025.04.28	01:21:49.303	1.33037				2
2025.04.28	01:21:49.607	1.33041	1.33042			6
2025.04.28	01:21:50.215	1.33040				2
2025.04.28	01:21:51.139	1.33031	1.33033			6
2025.04.28	01:21:51.441	1.33030	1.33032			6
2025.04.28	01:21:52.990	1.33029				2
2025.04.28	01:21:53.607	1.33031	1.33036			6
2025.04.28	01:21:53.920	1.33034	1.33039			6
2025.04.28	01:21:54.224	1.33035				2
2025.04.28	01:21:54.537	1.33034				2
2025.04.28	01:21:56.686	1.33035				2
2025.04.28	01:21:56.988	1.33034				2
2025.04.28	01:22:00.080	1.33034				2
2025.04.28	01:22:00.390	1.33036				2
2025.04.28	01:22:01.320	1.33035				2
2025.04.28	01:22:02.558	1.33034				2
2025.04.28	01:22:02.871	1.33035				2
2025.04.28	01:22:03.179	1.33034				2
2025.04.28	01:22:03.487	1.33035				2
2025.04.28	01:22:03.794	1.33036				2
2025.04.28	01:22:04.410	1.33035				2
2025.04.28	01:22:05.346	1.33034				2
2025.04.28	01:22:05.648	1.33035				2
2025.04.28	01:22:05.957	1.33037	1.33041			6
2025.04.28	01:22:06.266	1.33036				2
2025.04.28	01:22:11.205	1.33038				2
2025.04.28	01:22:11.513	1.33034	1.33037			6
2025.04.28	01:22:11.822	1.33031	1.33032			6
2025.04.28	01:22:12.125	1.33023	1.33026			6
2025.04.28	01:22:12.442	1.33022				2
2025.04.28	01:22:13.387	1.33021				2
2025.04.28	01:22:13.696	1.33026	1.33029			6
2025.04.28	01:22:14.013	1.33025	1.33031			6
2025.04.28	01:22:14.323	1.33027	1.33032			6
2025.04.28	01:22:14.939	1.33026				2
2025.04.28	01:22:15.561	1.33025	1.33031			6
2025.04.28	01:22:16.175	1.33026	1.33032			6
2025.04.28	01:22:16.800	1.33025	1.33031			6
2025.04.28	01:22:17.112	1.33026	1.33032			6
2025.04.28	01:22:17.416	1.33025	1.33031			6
2025.04.28	01:22:17.734	1.33024	1.33030			6
2025.04.28	01:22:18.659	1.33021	1.33025			6
2025.04.28	01:22:18.967	1.33022	1.33028			6
2025.04.28	01:22:19.896	1.33021	1.33027			6
2025.04.28	01:22:20.817	1.33023	1.33029			6
2025.04.28	01:22:22.355	1.33022	1.33028			6
2025.04.28	01:22:22.970	1.33023	1.33029			6
2025.04.28	01:22:26.063	1.33021	1.33027			6
2025.04.28	01:22:26.683	1.33019	1.33024			6
2025.04.28	01:22:26.985	1.33020				2
2025.04.28	01:22:30.094	1.33021	1.33026			6
2025.04.28	01:22:30.403	1.33022				2
2025.04.28	01:22:31.017		1.33028			4
2025.04.28	01:22:31.332		1.33027			4
2025.04.28	01:22:32.267	1.33023				2
2025.04.28	01:22:35.976	1.33025	1.33028			6
2025.04.28	01:22:36.283	1.33026	1.33029			6
2025.04.28	01:22:36.593	1.33025				2
2025.04.28	01:22:37.211	1.33027				2
2025.04.28	01:22:37.518	1.33025				2
2025.04.28	01:22:37.827	1.33026				2
2025.04.28	01:22:39.998	1.33024				2
2025.04.28	01:22:40.301	1.33023	1.33028			6
2025.04.28	01:22:42.460	1.33024	1.33029			6
2025.04.28	01:22:42.764	1.33023	1.33028			6
2025.04.28	01:22:43.077	1.33024	1.33029			6
2025.04.28	01:22:44.623	1.33022	1.33027			6
2025.04.28	01:22:44.928	1.33024	1.33029			6
2025.04.28	01:22:45.246	1.33025				2
2025.04.28	01:22:46.171	1.33024				2
2025.04.28	01:22:47.405	1.33023	1.33028			6
2025.04.28	01:22:47.716	1.33022	1.33027			6
2025.04.28	01:22:50.183		1.33026			4
2025.04.28	01:22:52.322	1.33023	1.33027			6
2025.04.28	01:22:52.934	1.33024	1.33028			6
2025.04.28	01:22:53.237	1.33023	1.33027			6
2025.04.28	01:22:54.156	1.33024	1.33028			6
2025.04.28	01:22:54.782	1.33023	1.33027			6
2025.04.28	01:22:56.007	1.33022	1.33026			6
2025.04.28	01:22:56.622	1.33023	1.33025			6
2025.04.28	01:22:58.470	1.33024	1.33028			6
2025.04.28	01:22:58.780	1.33023	1.33027			6
2025.04.28	01:23:00.023	1.33023				2
2025.04.28	01:23:00.330	1.33024	1.33028			6
2025.04.28	01:23:01.261	1.33025	1.33029			6
2025.04.28	01:23:02.184	1.33024	1.33028			6
2025.04.28	01:23:02.492	1.33025	1.33029			6
2025.04.28	01:23:07.731	1.33023	1.33024			6
2025.04.28	01:23:10.189		1.33025			4
2025.04.28	01:23:13.284	1.33024				2
2025.04.28	01:23:21.238	1.33023	1.33024			6
2025.04.28	01:23:21.847	1.33021	1.33023			6
2025.04.28	01:23:26.437		1.33024			4
2025.04.28	01:23:31.318		1.33023			4
2025.04.28	01:23:32.541		1.33024			4
2025.04.28	01:23:35.592		1.33023			4
2025.04.28	01:23:37.745		1.33024			4
2025.04.28	01:23:43.232		1.33023			4
2025.04.28	01:23:45.355		1.33024			4
2025.04.28	01:23:45.663		1.33023			4
2025.04.28	01:23:50.577		1.33024			4
2025.04.28	01:23:53.010	1.33024	1.33025			6
2025.04.28	01:23:53.625	1.33023	1.33024			6
2025.04.28	01:23:57.593	1.33020	1.33021			6
2025.04.28	01:23:57.900		1.33023			4
2025.04.28	01:23:59.126	1.33021				2
2025.04.28	01:24:00.047	1.33021				2
2025.04.28	01:24:02.804	1.33020				2
2025.04.28	01:24:03.110	1.33021	1.33024			6
2025.04.28	01:24:03.414	1.33023	1.33026			6
2025.04.28	01:24:04.335	1.33024	1.33027			6
2025.04.28	01:24:04.642	1.33025	1.33028			6
2025.04.28	01:24:09.596	1.33023	1.33026			6
2025.04.28	01:24:11.767	1.33022	1.33025			6
2025.04.28	01:24:12.085		1.33023			4
2025.04.28	01:24:12.709	1.33021				2
2025.04.28	01:24:16.111		1.33024			4
2025.04.28	01:24:16.427	1.33023				2
2025.04.28	01:24:16.732	1.33024	1.33025			6
2025.04.28	01:24:19.488	1.33023	1.33024			6
2025.04.28	01:24:19.790	1.33021	1.33023			6
2025.04.28	01:24:24.111	1.33018	1.33021			6
2025.04.28	01:24:24.729	1.33022	1.33024			6
2025.04.28	01:24:25.971	1.33021				2
2025.04.28	01:24:29.661	1.33019	1.33022			6
2025.04.28	01:24:32.146	1.33022	1.33025			6
2025.04.28	01:24:34.306	1.33021	1.33024			6
2025.04.28	01:24:40.773		1.33023			4
2025.04.28	01:24:41.080	1.33020				2
2025.04.28	01:24:42.010	1.33019	1.33022			6
2025.04.28	01:24:42.320	1.33021	1.33024			6
2025.04.28	01:24:42.936	1.33019	1.33022			6
2025.04.28	01:24:46.327	1.33022	1.33025			6
2025.04.28	01:24:48.490	1.33021	1.33024			6
2025.04.28	01:24:53.447	1.33014	1.33017			6
2025.04.28	01:24:53.752	1.33016	1.33019			6
2025.04.28	01:25:00.215	1.33016				2
2025.04.28	01:25:01.141	1.33019	1.33022			6
2025.04.28	01:25:02.692	1.33022	1.33023			6
2025.04.28	01:25:03.316	1.33021				2
2025.04.28	01:25:10.724	1.33023	1.33024			6
2025.04.28	01:25:11.346	1.33024	1.33025			6
2025.04.28	01:25:15.043	1.33037	1.33039			6
2025.04.28	01:25:15.350	1.33039	1.33042			6
2025.04.28	01:25:15.661	1.33032	1.33034			6
2025.04.28	01:25:15.971	1.33031	1.33033			6
2025.04.28	01:25:16.281	1.33029				2
2025.04.28	01:25:16.896	1.33027	1.33032			6
2025.04.28	01:25:17.200	1.33028	1.33034			6
2025.04.28	01:25:17.508	1.33027	1.33031			6
2025.04.28	01:25:17.819	1.33025				2
2025.04.28	01:25:19.672	1.33028	1.33033			6
2025.04.28	01:25:20.592	1.33029				2
2025.04.28	01:25:21.517	1.33032	1.33035			6
2025.04.28	01:25:23.977	1.33029	1.33033			6
2025.04.28	01:25:24.280		1.33032			4
2025.04.28	01:25:25.211	1.33027				2
2025.04.28	01:25:25.515		1.33031			4
2025.04.28	01:25:26.447	1.33022	1.33024			6
2025.04.28	01:25:27.067	1.33023				2
2025.04.28	01:25:30.472	1.33022				2
2025.04.28	01:25:36.345	1.33023	1.33029			6
2025.04.28	01:25:36.651	1.33025	1.33031			6
2025.04.28	01:25:36.958	1.33024	1.33030			6
2025.04.28	01:25:45.893	1.33034	1.33040			6
2025.04.28	01:25:46.201	1.33035				2
2025.04.28	01:25:47.135	1.33034				2
2025.04.28	01:25:48.671	1.33033	1.33035			6
2025.04.28	01:25:48.980	1.33035	1.33042			6
2025.04.28	01:25:49.907	1.33034	1.33041			6
2025.04.28	01:25:51.760	1.33032	1.33036			6
2025.04.28	01:25:53.307	1.33033				2
2025.04.28	01:25:54.532	1.33032	1.33035			6
2025.04.28	01:25:58.224	1.33033				2
2025.04.28	01:25:59.760	1.33036	1.33041			6
2025.04.28	01:26:00.067	1.33032	1.33035			6
2025.04.28	01:26:00.373	1.33033				2
2025.04.28	01:26:00.994		1.33034			4
2025.04.28	01:26:01.301	1.33030	1.33035			6
2025.04.28	01:26:01.601	1.33031				2
2025.04.28	01:26:02.534	1.33033				2
2025.04.28	01:26:03.145	1.33031	1.33036			6
2025.04.28	01:26:04.386	1.33033				2
2025.04.28	01:26:04.999	1.33032				2
2025.04.28	01:26:10.550		1.33035			4
2025.04.28	01:26:10.858	1.33029				2
2025.04.28	01:26:12.088	1.33026	1.33032			6
2025.04.28	01:26:16.110	1.33022	1.33026			6
2025.04.28	01:26:17.341	1.33023				2
2025.04.28	01:26:19.505	1.33022				2
2025.04.28	01:26:20.737		1.33028			4
2025.04.28	01:26:21.358	1.33023	1.33029			6
2025.04.28	01:26:21.668		1.33027			4
2025.04.28	01:26:21.978		1.33029			4
2025.04.28	01:26:23.217	1.33025	1.33030			6
2025.04.28	01:26:27.843	1.33023	1.33026			6
2025.04.28	01:26:29.696	1.33024				2
2025.04.28	01:26:34.012	1.33025	1.33029			6
2025.04.28	01:26:34.319		1.33030			4
2025.04.28	01:26:38.338		1.33029			4
2025.04.28	01:26:45.048	1.33027	1.33031			6
2025.04.28	01:26:45.974	1.33028	1.33032			6
2025.04.28	01:26:46.584	1.33023	1.33027			6
2025.04.28	01:26:48.290	1.33025	1.33029			6
2025.04.28	01:27:00.035	1.33025				2
2025.04.28	01:27:04.964	1.33024	1.33028			6
2025.04.28	01:27:05.268	1.33025				2
2025.04.28	01:27:06.178	1.33026	1.33029			6
2025.04.28	01:27:12.014	1.33023	1.33026			6
2025.04.28	01:27:12.934	1.33024				2
2025.04.28	01:27:14.471	1.33023				2
2025.04.28	01:27:33.168	1.33024				2
2025.04.28	01:27:36.840	1.33023				2
2025.04.28	01:27:38.672	1.33024				2
2025.04.28	01:27:39.582	1.33025				2
2025.04.28	01:27:42.953	1.33024				2
2025.04.28	01:27:58.201	1.33025				2
2025.04.28	01:28:00.055	1.33025				2
2025.04.28	01:28:00.976	1.33024				2
2025.04.28	01:28:07.438	1.33030	1.33031			6
2025.04.28	01:28:07.743	1.33031	1.33034			6
2025.04.28	01:28:08.972	1.33024	1.33025			6
2025.04.28	01:28:09.283	1.33022				2
2025.04.28	01:28:09.593	1.33020	1.33023			6
2025.04.28	01:28:09.900	1.33019	1.33022			6
2025.04.28	01:28:10.210	1.33018	1.33023			6
2025.04.28	01:28:10.517	1.33019	1.33024			6
2025.04.28	01:28:11.139	1.33020	1.33025			6
2025.04.28	01:28:16.360	1.33022	1.33026			6
2025.04.28	01:28:16.663	1.33023				2
2025.04.28	01:28:16.979	1.33024				2
2025.04.28	01:28:17.286	1.33022	1.33025			6
2025.04.28	01:28:18.523	1.33023				2
2025.04.28	01:28:23.459	1.33020	1.33024			6
2025.04.28	01:28:24.700	1.33024	1.33025			6
2025.04.28	01:28:25.014	1.33021				2
2025.04.28	01:28:26.244	1.33020				2
2025.04.28	01:28:27.160	1.33023	1.33028			6
2025.04.28	01:28:27.469	1.33024	1.33029			6
2025.04.28	01:28:28.703	1.33025	1.33030			6
2025.04.28	01:28:29.010	1.33023	1.33026			6
2025.04.28	01:28:29.619	1.33024	1.33027			6
2025.04.28	01:28:30.239	1.33023	1.33025			6
2025.04.28	01:28:30.553	1.33022				2
2025.04.28	01:28:31.476	1.33021				2
2025.04.28	01:28:31.785	1.33024	1.33026			6
2025.04.28	01:28:33.009	1.33023				2
2025.04.28	01:28:42.865	1.33022	1.33025			6
2025.04.28	01:28:43.176	1.33021				2
2025.04.28	01:28:44.409	1.33020	1.33024			6
2025.04.28	01:28:47.794	1.33023	1.33027			6
2025.04.28	01:28:48.100	1.33024	1.33028			6
2025.04.28	01:28:48.418	1.33023	1.33027			6
2025.04.28	01:28:53.346	1.33024	1.33028			6
2025.04.28	01:28:53.660	1.33025	1.33029			6
2025.04.28	01:29:00.134	1.33025				2
2025.04.28	01:29:01.367	1.33024	1.33026			6
2025.04.28	01:29:01.674	1.33025				2
2025.04.28	01:29:03.515	1.33030	1.33034			6
2025.04.28	01:29:03.815	1.33029	1.33033			6
2025.04.28	01:29:05.046	1.33028	1.33032			6
2025.04.28	01:29:05.965	1.33029	1.33033			6
2025.04.28	01:29:07.200	1.33028	1.33032			6
2025.04.28	01:29:07.821	1.33025	1.33029			6
2025.04.28	01:29:08.739	1.33023	1.33027			6
2025.04.28	01:29:23.257	1.33024				2
2025.04.28	01:29:28.142	1.33017	1.33020			6
2025.04.28	01:29:29.366	1.33015	1.33019			6
2025.04.28	01:29:29.683	1.33017	1.33021			6
2025.04.28	01:29:29.986	1.33016	1.33020			6
2025.04.28	01:29:30.304	1.33015	1.33019			6
2025.04.28	01:29:35.554	1.33013	1.33017			6
2025.04.28	01:29:35.864	1.33012	1.33016			6
2025.04.28	01:29:36.487	1.33013	1.33017			6
2025.04.28	01:29:42.973	1.33010	1.33014			6
2025.04.28	01:29:46.368	1.33011				2
2025.04.28	01:29:53.096	1.33014	1.33017			6
2025.04.28	01:30:00.132	1.33014				2
2025.04.28	01:30:00.437	1.33012	1.33015			6
2025.04.28	01:30:01.056	1.33011	1.33014			6
2025.04.28	01:30:01.362	1.33012	1.33015			6
2025.04.28	01:30:01.985	1.33013	1.33016			6
2025.04.28	01:30:02.606	1.33014	1.33017			6
2025.04.28	01:30:03.215	1.33012	1.33015			6
2025.04.28	01:30:04.453	1.33011	1.33014			6
2025.04.28	01:30:05.371	1.33013	1.33016			6
2025.04.28	01:30:08.146	1.33012	1.33015			6
2025.04.28	01:30:08.465	1.33011	1.33014			6
2025.04.28	01:30:09.393	1.33006	1.33007			6
2025.04.28	01:30:09.700	1.33008	1.33011			6
2025.04.28	01:30:11.247	1.33009	1.33012			6
2025.04.28	01:30:12.479	1.33008	1.33009			6
2025.04.28	01:30:12.799	1.33007				2
2025.04.28	01:30:14.639	1.33004	1.33005			6
2025.04.28	01:30:16.805		1.33007			4
2025.04.28	01:30:17.109	1.33006	1.33009			6
2025.04.28	01:30:18.035		1.33008			4
2025.04.28	01:30:22.046		1.33009			4
2025.04.28	01:30:25.133		1.33007			4
2025.04.28	01:30:25.440	1.33004				2
2025.04.28	01:30:29.155	1.33003	1.33005			6
2025.04.28	01:30:30.078	1.33004	1.33006			6
2025.04.28	01:30:35.348		1.33007			4
2025.04.28	01:30:36.583		1.33005			4
2025.04.28	01:30:40.923	1.33003	1.33004			6
2025.04.28	01:30:41.231	1.32994	1.32995			6
2025.04.28	01:30:41.533	1.32983	1.32984			6
2025.04.28	01:30:41.835	1.32973	1.32974			6
2025.04.28	01:30:42.140	1.32972	1.32973			6
2025.04.28	01:30:43.069	1.32964	1.32965			6
2025.04.28	01:30:43.373	1.32962	1.32964			6
2025.04.28	01:30:43.676	1.32963				2
2025.04.28	01:30:43.979	1.32957	1.32959			6
2025.04.28	01:30:44.283	1.32953	1.32955			6
2025.04.28	01:30:44.583	1.32954				2
2025.04.28	01:30:44.890	1.32955	1.32959			6
2025.04.28	01:30:45.197		1.32960			4
2025.04.28	01:30:46.141	1.32954				2
2025.04.28	01:30:46.446	1.32953	1.32954			6
2025.04.28	01:30:46.752	1.32942	1.32943			6
2025.04.28	01:30:47.055	1.32933	1.32935			6
2025.04.28	01:30:47.676	1.32934	1.32936			6
2025.04.28	01:30:47.979	1.32933				2
2025.04.28	01:30:48.282	1.32934	1.32939			6
2025.04.28	01:30:48.895		1.32938			4
2025.04.28	01:30:49.210	1.32933	1.32935			6
2025.04.28	01:30:49.829	1.32932				2
2025.04.28	01:30:51.072	1.32933	1.32936			6
2025.04.28	01:30:51.689		1.32939			4
2025.04.28	01:30:52.002	1.32934				2
2025.04.28	01:30:52.310	1.32942	1.32946			6
2025.04.28	01:30:53.554	1.32943				2
2025.04.28	01:30:54.787	1.32949	1.32952			6
2025.04.28	01:30:55.099	1.32950	1.32954			6
2025.04.28	01:30:55.406	1.32951				2
2025.04.28	01:30:56.341	1.32952				2
2025.04.28	01:30:56.647	1.32942	1.32944			6
2025.04.28	01:30:56.960	1.32941	1.32945			6
2025.04.28	01:30:57.268	1.32942				2
2025.04.28	01:30:58.501	1.32944	1.32949			6
2025.04.28	01:30:58.805	1.32945				2
2025.04.28	01:30:59.431	1.32946				2
2025.04.28	01:30:59.748	1.32954	1.32959			6
2025.04.28	01:31:00.049	1.32954				2
2025.04.28	01:31:00.359		1.32958			4
2025.04.28	01:31:00.663		1.32960			4
2025.04.28	01:31:00.977		1.32961			4
2025.04.28	01:31:01.289	1.32952	1.32954			6
2025.04.28	01:31:03.148	1.32956	1.32957			6
2025.04.28	01:31:03.459	1.32957	1.32962			6
2025.04.28	01:31:05.009		1.32963			4
2025.04.28	01:31:05.315	1.32958	1.32962			6
2025.04.28	01:31:05.621		1.32963			4
2025.04.28	01:31:05.929	1.32960	1.32964			6
2025.04.28	01:31:06.247	1.32966	1.32969			6
2025.04.28	01:31:06.549	1.32970	1.32974			6
2025.04.28	01:31:08.092	1.32973	1.32977			6
2025.04.28	01:31:08.398	1.32974	1.32978			6
2025.04.28	01:31:08.710	1.32973	1.32979			6
2025.04.28	01:31:09.022		1.32978			4
2025.04.28	01:31:09.944	1.32974				2
2025.04.28	01:31:10.559		1.32979			4
2025.04.28	01:31:12.714	1.32972	1.32977			6
2025.04.28	01:31:13.023	1.32973	1.32979			6
2025.04.28	01:31:13.944	1.32977	1.32980			6
2025.04.28	01:31:14.246	1.32983	1.32986			6
2025.04.28	01:31:14.856		1.32989			4
2025.04.28	01:31:15.781	1.32984	1.32986			6
2025.04.28	01:31:16.089	1.32983	1.32985			6
2025.04.28	01:31:16.395		1.32986			4
2025.04.28	01:31:16.698		1.32985			4
2025.04.28	01:31:17.636	1.32982	1.32987			6
2025.04.28	01:31:17.948		1.32985			4
2025.04.28	01:31:19.179	1.32980	1.32983			6
2025.04.28	01:31:20.109	1.32979	1.32982			6
2025.04.28	01:31:35.279	1.32986	1.32987			6
2025.04.28	01:31:35.582	1.32985	1.32991			6
2025.04.28	01:31:36.206		1.32990			4
2025.04.28	01:31:36.513	1.32987				2
2025.04.28	01:31:36.819	1.32990	1.32994			6
2025.04.28	01:31:37.125		1.32995			4
2025.04.28	01:31:37.453	1.32991				2
2025.04.28	01:31:38.686	1.32990	1.32993			6
2025.04.28	01:31:39.932	1.32989				2
2025.04.28	01:31:40.239	1.32990	1.32994			6
2025.04.28	01:31:41.472	1.32989				2
2025.04.28	01:31:42.709	1.32991				2
2025.04.28	01:31:43.014		1.32995			4
2025.04.28	01:31:43.315	1.32982	1.32983			6
2025.04.28	01:31:43.621	1.32981	1.32982			6
2025.04.28	01:31:44.246	1.32980	1.32985			6
2025.04.28	01:31:44.870	1.32984	1.32990			6
2025.04.28	01:31:45.176	1.32985	1.32991			6
2025.04.28	01:31:46.118	1.32990	1.32992			6
2025.04.28	01:31:46.420	1.32988	1.32993			6
2025.04.28	01:31:47.052	1.32987	1.32994			6
2025.04.28	01:31:47.359		1.32992			4
2025.04.28	01:31:50.151	1.32983	1.32990			6
2025.04.28	01:31:51.702	1.32984	1.32991			6
2025.04.28	01:31:52.635		1.32990			4
2025.04.28	01:31:52.940	1.32982	1.32986			6
2025.04.28	01:31:53.244		1.32984			4
2025.04.28	01:31:53.547	1.32981				2
2025.04.28	01:31:54.170	1.32983	1.32990			6
2025.04.28	01:31:54.477	1.32984				2
2025.04.28	01:31:57.259	1.32982	1.32987			6
2025.04.28	01:31:57.884	1.32983	1.32989			6
2025.04.28	01:31:58.196		1.32990			4
2025.04.28	01:31:58.811		1.32987			4
2025.04.28	01:31:59.422		1.32990			4
2025.04.28	01:31:59.741		1.32987			4
2025.04.28	01:32:00.045	1.32983	1.32990			6
2025.04.28	01:32:00.354	1.32981	1.32983			6
2025.04.28	01:32:00.660	1.32976	1.32982			6
2025.04.28	01:32:00.976	1.32975				2
2025.04.28	01:32:01.904	1.32977				2
2025.04.28	01:32:07.804		1.32981			4
2025.04.28	01:32:08.426	1.32974				2
2025.04.28	01:32:12.741	1.32975				2
2025.04.28	01:32:13.047		1.32982			4
2025.04.28	01:32:13.363	1.32976				2
2025.04.28	01:32:13.676	1.32974	1.32978			6
2025.04.28	01:32:13.980		1.32981			4
2025.04.28	01:32:18.005	1.32975				2
2025.04.28	01:32:22.959	1.32976	1.32983			6
2025.04.28	01:32:23.262	1.32977				2
2025.04.28	01:32:27.904	1.32980	1.32986			6
2025.04.28	01:32:28.212	1.32981				2
2025.04.28	01:32:28.827	1.32982				2
2025.04.28	01:32:37.145	1.32983				2
2025.04.28	01:32:37.453	1.32981	1.32984			6
2025.04.28	01:32:38.385	1.32980				2
2025.04.28	01:32:42.726	1.32981	1.32986			6
2025.04.28	01:32:44.273	1.32982				2
2025.04.28	01:33:00.070	1.32982				2
2025.04.28	01:33:03.183		1.32987			4
2025.04.28	01:33:05.350	1.32983				2
2025.04.28	01:33:09.023	1.32985	1.32990			6
2025.04.28	01:33:12.399	1.32983	1.32987			6
2025.04.28	01:33:13.332	1.32988	1.32993			6
2025.04.28	01:33:13.642	1.32989	1.32994			6
2025.04.28	01:33:14.559	1.32988	1.32991			6
2025.04.28	01:33:15.175	1.32989				2
2025.04.28	01:33:15.789	1.32988				2
2025.04.28	01:33:20.708	1.32985	1.32990			6
2025.04.28	01:33:23.495	1.32982	1.32986			6
2025.04.28	01:33:23.801	1.32981				2
2025.04.28	01:33:24.725	1.32980	1.32984			6
2025.04.28	01:33:25.033	1.32988	1.32993			6
2025.04.28	01:33:25.340		1.32994			4
2025.04.28	01:33:25.660	1.32989				2
2025.04.28	01:33:25.977	1.32988				2
2025.04.28	01:33:26.900	1.32989	1.32995			6
2025.04.28	01:33:27.210	1.32990				2
2025.04.28	01:33:28.759	1.32989	1.32993			6
2025.04.28	01:33:29.685	1.32988				2
2025.04.28	01:33:30.311	1.32990	1.32995			6
2025.04.28	01:33:34.951	1.32989	1.32994			6
2025.04.28	01:33:35.254	1.32990	1.32995			6
2025.04.28	01:33:41.130	1.32992				2
2025.04.28	01:33:41.441	1.32993	1.32998			6
2025.04.28	01:33:41.749	1.32994				2
2025.04.28	01:33:42.051		1.32999			4
2025.04.28	01:33:42.353		1.32998			4
2025.04.28	01:33:42.979	1.32993				2
2025.04.28	01:33:43.281	1.32996	1.33001			6
2025.04.28	01:33:44.191	1.32995	1.33000			6
2025.04.28	01:33:44.813	1.32994	1.32999			6
2025.04.28	01:33:45.115		1.32997			4
2025.04.28	01:33:45.420	1.32993				2
2025.04.28	01:33:46.347	1.32994	1.32999			6
2025.04.28	01:33:47.269	1.32995	1.33000			6
2025.04.28	01:33:49.434	1.32993	1.32997			6
2025.04.28	01:33:50.997	1.32994	1.32998			6
2025.04.28	01:33:52.232	1.32993				2
2025.04.28	01:33:57.175		1.32997			4
2025.04.28	01:34:00.228	1.32993				2
2025.04.28	01:34:04.509	1.32992	1.32995			6
2025.04.28	01:34:05.420	1.32991				2
2025.04.28	01:34:05.722	1.32992	1.32996			6
2025.04.28	01:34:06.334	1.32996	1.33000			6
2025.04.28	01:34:06.648	1.32999	1.33003			6
2025.04.28	01:34:07.556	1.33000	1.33004			6
2025.04.28	01:34:08.770	1.33002	1.33005			6
2025.04.28	01:34:09.073		1.33006			4
2025.04.28	01:34:09.375	1.33003				2
2025.04.28	01:34:10.592	1.33004				2
2025.04.28	01:34:12.435	1.33003				2
2025.04.28	01:34:14.880		1.33007			4
2025.04.28	01:34:15.190	1.33002	1.33006			6
2025.04.28	01:34:16.725	1.33000	1.33004			6
2025.04.28	01:34:18.557	1.33002	1.33006			6
2025.04.28	01:34:19.468	1.33003				2
2025.04.28	01:34:39.785	1.33002	1.33005			6
2025.04.28	01:34:40.101		1.33006			4
2025.04.28	01:34:41.038	1.33003				2
2025.04.28	01:34:42.272	1.33004				2
2025.04.28	01:34:56.660		1.33005			4
2025.04.28	01:34:56.968		1.33006			4
2025.04.28	01:35:00.038	1.33004				2
2025.04.28	01:35:01.565	1.33003	1.33005			6
2025.04.28	01:35:02.174	1.33004				2
2025.04.28	01:35:10.462		1.33006			4
2025.04.28	01:35:27.264	1.33003	1.33004			6
2025.04.28	01:35:27.569	1.33002	1.33005			6
2025.04.28	01:35:28.484	1.33003	1.33006			6
2025.04.28	01:35:36.167		1.33005			4
2025.04.28	01:35:36.479	1.33001	1.33004			6
2025.04.28	01:35:40.195	1.33003	1.33005			6
2025.04.28	01:35:41.123	1.33001	1.33004			6
2025.04.28	01:35:42.676	1.33003	1.33005			6
2025.04.28	01:35:43.930	1.33002				2
2025.04.28	01:35:47.336	1.32995	1.32996			6
2025.04.28	01:35:48.577	1.32994				2
2025.04.28	01:35:51.968	1.32993				2
2025.04.28	01:35:52.274	1.32999	1.33001			6
2025.04.28	01:35:52.584	1.33000	1.33003			6
2025.04.28	01:35:53.516	1.32999	1.33002			6
2025.04.28	01:35:55.977	1.33001	1.33004			6
2025.04.28	01:36:00.009	1.33001				2
2025.04.28	01:36:00.934	1.32998	1.32999			6
2025.04.28	01:36:01.241	1.32994	1.32997			6
2025.04.28	01:36:01.547	1.32998	1.33001			6
2025.04.28	01:36:02.782	1.32995	1.32996			6
2025.04.28	01:36:03.091	1.32993	1.32995			6
2025.04.28	01:36:04.017	1.32991	1.32994			6
2025.04.28	01:36:05.255	1.32992	1.32995			6
2025.04.28	01:36:05.565	1.32995	1.32998			6
2025.04.28	01:36:05.881	1.32994	1.32997			6
2025.04.28	01:36:07.736	1.32995	1.32998			6
2025.04.28	01:36:09.899	1.32997	1.33000			6
2025.04.28	01:36:10.530	1.32998	1.33001			6
2025.04.28	01:36:12.390	1.32999				2
2025.04.28	01:36:12.693	1.32998				2
2025.04.28	01:36:14.853	1.32999				2
2025.04.28	01:36:15.777	1.32998				2
2025.04.28	01:36:17.008	1.32999				2
2025.04.28	01:36:17.325		1.33002			4
2025.04.28	01:36:17.632	1.32998	1.33001			6
2025.04.28	01:36:18.557	1.32997	1.33000			6
2025.04.28	01:36:21.337	1.32994	1.32997			6
2025.04.28	01:36:27.841	1.32995				2
2025.04.28	01:36:29.076	1.32994				2
2025.04.28	01:36:30.929	1.32996	1.32999			6
2025.04.28	01:36:33.690	1.32995	1.32998			6
2025.04.28	01:36:33.993	1.32996	1.32999			6
2025.04.28	01:36:34.614	1.32995	1.32997			6
2025.04.28	01:36:34.921	1.32994				2
2025.04.28	01:36:39.876	1.32995	1.32998			6
2025.04.28	01:36:40.810	1.32994	1.32997			6
2025.04.28	01:36:42.333	1.32995	1.32998			6
2025.04.28	01:36:42.960	1.32994	1.32997			6
2025.04.28	01:36:44.495	1.32995	1.32998			6
2025.04.28	01:36:45.744	1.32994	1.32997			6
2025.04.28	01:36:46.662	1.32995	1.32998			6
2025.04.28	01:36:47.592	1.32996	1.32999			6
2025.04.28	01:36:48.518	1.32994	1.32997			6
2025.04.28	01:36:49.765	1.32995	1.32998			6
2025.04.28	01:36:50.073		1.32997			4
2025.04.28	01:36:50.380	1.32994				2
2025.04.28	01:36:53.163		1.32996			4
2025.04.28	01:36:53.471		1.32997			4
2025.04.28	01:36:53.785		1.32996			4
2025.04.28	01:36:59.945	1.32995	1.32998			6
2025.04.28	01:37:00.258	1.32996	1.32999			6
2025.04.28	01:37:00.570	1.32995	1.32997			6
2025.04.28	01:37:00.877		1.32998			4
2025.04.28	01:37:01.185	1.32996	1.32999			6
2025.04.28	01:37:01.805	1.32995	1.32998			6
2025.04.28	01:37:02.116	1.32994	1.32995			6
2025.04.28	01:37:02.422	1.32990	1.32991			6
2025.04.28	01:37:03.363	1.32989				2
2025.04.28	01:37:12.933	1.32986	1.32989			6
2025.04.28	01:37:24.976	1.32984	1.32987			6
2025.04.28	01:37:25.277	1.32986	1.32989			6
2025.04.28	01:37:28.043	1.32974	1.32976			6
2025.04.28	01:37:28.352	1.32980	1.32983			6
2025.04.28	01:37:29.581	1.32979	1.32982			6
2025.04.28	01:37:29.891	1.32980	1.32983			6
2025.04.28	01:37:30.512	1.32982	1.32984			6
2025.04.28	01:37:30.825	1.32984	1.32987			6
2025.04.28	01:37:31.438	1.32986	1.32989			6
2025.04.28	01:37:33.295	1.32984	1.32987			6
2025.04.28	01:37:33.605	1.32986	1.32988			6
2025.04.28	01:37:33.913	1.32984	1.32987			6
2025.04.28	01:37:34.232	1.32986	1.32989			6
2025.04.28	01:37:35.782	1.32989	1.32992			6
2025.04.28	01:37:36.095		1.32991			4
2025.04.28	01:37:36.401	1.32982	1.32985			6
2025.04.28	01:37:36.703	1.32988	1.32991			6
2025.04.28	01:37:37.020	1.32990	1.32992			6
2025.04.28	01:37:37.322	1.32992	1.32995			6
2025.04.28	01:37:37.949	1.32993				2
2025.04.28	01:37:38.251	1.32991				2
2025.04.28	01:37:41.336	1.32993	1.32996			6
2025.04.28	01:37:51.836	1.32990	1.32994			6
2025.04.28	01:37:53.688	1.32984	1.32988			6
2025.04.28	01:37:53.999	1.32985				2
2025.04.28	01:37:54.306	1.32984	1.32986			6
2025.04.28	01:37:55.236	1.32983	1.32985			6
2025.04.28	01:37:55.846	1.32981				2
2025.04.28	01:37:56.775	1.32980	1.32984			6
2025.04.28	01:38:00.174	1.32980				2
2025.04.28	01:38:01.106	1.32983	1.32987			6
2025.04.28	01:38:01.716	1.32984	1.32988			6
2025.04.28	01:38:02.027	1.32983	1.32987			6
2025.04.28	01:38:03.880	1.32984	1.32988			6
2025.04.28	01:38:06.668	1.32980	1.32984			6
2025.04.28	01:38:06.973	1.32977	1.32981			6
2025.04.28	01:38:07.285	1.32978	1.32982			6
2025.04.28	01:38:13.181	1.32964	1.32967			6
2025.04.28	01:38:13.486	1.32952	1.32955			6
2025.04.28	01:38:13.803		1.32956			4
2025.04.28	01:38:14.111	1.32951	1.32957			6
2025.04.28	01:38:15.346	1.32950				2
2025.04.28	01:38:15.654	1.32947	1.32950			6
2025.04.28	01:38:15.959	1.32944	1.32951			6
2025.04.28	01:38:20.600	1.32943	1.32950			6
2025.04.28	01:38:20.909	1.32944	1.32951			6
2025.04.28	01:38:23.369	1.32948	1.32954			6
2025.04.28	01:38:24.909	1.32947				2
2025.04.28	01:38:32.023	1.32961	1.32965			6
2025.04.28	01:38:32.333		1.32966			4
2025.04.28	01:38:34.488	1.32962	1.32967			6
2025.04.28	01:38:35.104		1.32968			4
2025.04.28	01:38:36.033		1.32969			4
2025.04.28	01:38:36.338		1.32968			4
2025.04.28	01:38:37.262	1.32954	1.32961			6
2025.04.28	01:38:37.886	1.32955				2
2025.04.28	01:38:38.193	1.32962	1.32966			6
2025.04.28	01:38:40.665		1.32968			4
2025.04.28	01:38:42.211		1.32969			4
2025.04.28	01:38:48.399	1.32967	1.32973			6
2025.04.28	01:38:48.703	1.32971	1.32976			6
2025.04.28	01:38:49.637	1.32968	1.32975			6
2025.04.28	01:38:49.940	1.32971	1.32976			6
2025.04.28	01:38:51.175	1.32969				2
2025.04.28	01:38:52.413	1.32968	1.32975			6
2025.04.28	01:38:56.764	1.32971	1.32976			6
2025.04.28	01:38:58.929	1.32972	1.32978			6
2025.04.28	01:39:00.159	1.32972	1.32979			6
2025.04.28	01:39:00.784	1.32968	1.32975			6
2025.04.28	01:39:02.020	1.32967	1.32974			6
2025.04.28	01:39:05.719	1.32964	1.32971			6
2025.04.28	01:39:14.374	1.32971	1.32976			6
2025.04.28	01:39:16.229	1.32969	1.32975			6
2025.04.28	01:39:16.543	1.32968				2
2025.04.28	01:39:20.869	1.32969				2
2025.04.28	01:39:21.171	1.32968				2
2025.04.28	01:39:28.273	1.32971	1.32977			6
2025.04.28	01:39:28.600	1.32968	1.32975			6
2025.04.28	01:39:33.228		1.32974			4
2025.04.28	01:39:40.331	1.32971	1.32976			6
2025.04.28	01:39:44.656	1.32970				2
2025.04.28	01:39:45.584	1.32972	1.32978			6
2025.04.28	01:39:52.400	1.32973	1.32979			6
2025.04.28	01:39:53.325	1.32974				2
2025.04.28	01:39:53.636	1.32973	1.32978			6
2025.04.28	01:39:57.960	1.32974	1.32979			6
2025.04.28	01:39:58.885	1.32973	1.32978			6
2025.04.28	01:40:00.120	1.32973				2
2025.04.28	01:40:05.998	1.32974	1.32979			6
2025.04.28	01:40:07.233	1.32973	1.32978			6
2025.04.28	01:40:08.777	1.32975	1.32980			6
2025.04.28	01:40:09.701	1.32981	1.32986			6
2025.04.28	01:40:10.326	1.32984	1.32989			6
2025.04.28	01:40:10.633	1.32990	1.32992			6
2025.04.28	01:40:10.941	1.32997	1.33002			6
2025.04.28	01:40:11.244	1.32996				2
2025.04.28	01:40:11.557	1.32993	1.32999			6
2025.04.28	01:40:12.174	1.32992	1.32998			6
2025.04.28	01:40:12.792	1.32991	1.32997			6
2025.04.28	01:40:13.723	1.33000	1.33006			6
2025.04.28	01:40:16.495	1.32998	1.33004			6
2025.04.28	01:40:25.781	1.33002	1.33008			6
2025.04.28	01:40:30.408	1.33005	1.33011			6
2025.04.28	01:40:35.365	1.33006				2
2025.04.28	01:40:38.753	1.33005	1.33010			6
2025.04.28	01:40:39.059	1.33004	1.33009			6
2025.04.28	01:40:40.606	1.33003	1.33008			6
2025.04.28	01:40:43.703	1.33002	1.33007			6
2025.04.28	01:40:50.492	1.33001	1.33006			6
2025.04.28	01:40:51.414	1.33002	1.33007			6
2025.04.28	01:40:52.335		1.33006			4
2025.04.28	01:40:53.857	1.33003	1.33007			6
2025.04.28	01:41:00.276	1.33003				2
2025.04.28	01:41:07.317	1.33002	1.33006			6
2025.04.28	01:41:11.619	1.33003	1.33007			6
2025.04.28	01:41:12.225	1.33004				2
2025.04.28	01:41:16.216	1.33002	1.33005			6
2025.04.28	01:41:16.522	1.33004	1.33007			6
2025.04.28	01:41:28.812	1.33001	1.33004			6
2025.04.28	01:41:29.116	1.33002	1.33005			6
2025.04.28	01:41:29.418	1.33003	1.33006			6
2025.04.28	01:41:33.369	1.33004	1.33007			6
2025.04.28	01:41:36.729	1.33001	1.33004			6
2025.04.28	01:41:37.040	1.33002	1.33005			6
2025.04.28	01:41:37.342	1.33003	1.33006			6
2025.04.28	01:41:38.267	1.33004	1.33007			6
2025.04.28	01:41:44.663	1.33003	1.33006			6
2025.04.28	01:41:45.883	1.33004	1.33007			6
2025.04.28	01:41:50.169	1.33002	1.33005			6
2025.04.28	01:41:50.479	1.33003	1.33006			6
2025.04.28	01:41:51.399	1.33004	1.33007			6
2025.04.28	01:42:00.294	1.33004				2
2025.04.28	01:42:01.829	1.33002	1.33005			6
2025.04.28	01:42:03.372	1.33001	1.33004			6
2025.04.28	01:42:12.838	1.33004	1.33007			6
2025.04.28	01:42:14.369	1.33003	1.33004			6
2025.04.28	01:42:14.675	1.32997	1.33000			6
2025.04.28	01:42:15.280	1.32996	1.32999			6
2025.04.28	01:42:15.586		1.32998			4
2025.04.28	01:42:15.887	1.32995				2
2025.04.28	01:42:16.193	1.32996				2
2025.04.28	01:42:17.109	1.33002	1.33005			6
2025.04.28	01:42:18.340	1.33003	1.33006			6
2025.04.28	01:42:22.346	1.32998	1.33001			6
2025.04.28	01:42:22.653	1.32997	1.33000			6
2025.04.28	01:42:23.581	1.33002	1.33005			6
2025.04.28	01:42:24.203		1.33006			4
2025.04.28	01:42:25.125	1.33003				2
2025.04.28	01:42:26.351	1.33004				2
2025.04.28	01:42:42.043		1.33007			4
2025.04.28	01:42:45.131	1.33001	1.33004			6
2025.04.28	01:42:46.359	1.33002	1.33005			6
2025.04.28	01:42:47.286	1.33003	1.33006			6
2025.04.28	01:42:55.290	1.32999	1.33002			6
2025.04.28	01:43:00.225	1.33000	1.33003			6
2025.04.28	01:43:04.850	1.32999	1.33002			6
2025.04.28	01:43:43.704	1.32996	1.32999			6
2025.04.28	01:43:53.274	1.33003	1.33006			6
2025.04.28	01:43:53.577	1.33001	1.33004			6
2025.04.28	01:43:53.885	1.33000	1.33003			6
2025.04.28	01:43:54.192	1.32999	1.33002			6
2025.04.28	01:43:56.056	1.32998	1.33001			6
2025.04.28	01:43:56.363	1.33000	1.33003			6
2025.04.28	01:43:56.667	1.32999	1.33002			6
2025.04.28	01:43:56.977	1.33000	1.33003			6
2025.04.28	01:43:57.289	1.32999	1.33002			6
2025.04.28	01:43:58.527	1.33003	1.33006			6
2025.04.28	01:43:58.841	1.32997	1.33000			6
2025.04.28	01:43:59.145	1.32998	1.33001			6
2025.04.28	01:44:00.077	1.32996	1.32999			6
2025.04.28	01:44:00.687	1.33003	1.33006			6
2025.04.28	01:44:00.989	1.33002	1.33005			6
2025.04.28	01:44:01.599	1.33001	1.33004			6
2025.04.28	01:44:01.902	1.33000	1.33003			6
2025.04.28	01:44:03.434	1.32999	1.33002			6
2025.04.28	01:44:03.738	1.33000	1.33003			6
2025.04.28	01:44:04.045	1.33001	1.33004			6
2025.04.28	01:44:04.351	1.33002	1.33005			6
2025.04.28	01:44:05.577	1.33003	1.33006			6
2025.04.28	01:44:06.800	1.33002	1.33005			6
2025.04.28	01:44:07.408	1.32997	1.33000			6
2025.04.28	01:44:08.327	1.32996	1.32999			6
2025.04.28	01:44:12.025	1.32992	1.32995			6
2025.04.28	01:44:12.334	1.32994	1.32997			6
2025.04.28	01:44:15.711	1.32997	1.33000			6
2025.04.28	01:44:16.015	1.32998	1.33001			6
2025.04.28	01:44:30.439	1.32996	1.32999			6
2025.04.28	01:44:41.219	1.32994	1.32997			6
2025.04.28	01:44:59.984	1.32996	1.32999			6
2025.04.28	01:45:00.286	1.32996				2
2025.04.28	01:45:03.055	1.32995	1.32998			6
2025.04.28	01:45:03.985	1.32994	1.32997			6
2025.04.28	01:45:07.382	1.32996	1.32999			6
2025.04.28	01:45:11.717	1.32994	1.32997			6
2025.04.28	01:45:12.025	1.32996	1.32999			6
2025.04.28	01:45:12.336	1.33000	1.33003			6
2025.04.28	01:45:13.874	1.32991	1.32994			6
2025.04.28	01:45:15.115	1.32989	1.32993			6
2025.04.28	01:45:17.272	1.32990				2
2025.04.28	01:45:26.244	1.32995	1.32997			6
2025.04.28	01:45:26.547	1.32997	1.33000			6
2025.04.28	01:45:27.155	1.32995	1.32999			6
2025.04.28	01:45:31.497	1.32990	1.32994			6
2025.04.28	01:45:31.799	1.32988	1.32992			6
2025.04.28	01:45:36.753	1.32985	1.32989			6
2025.04.28	01:45:40.762	1.32988	1.32992			6
2025.04.28	01:45:41.380	1.32987	1.32991			6
2025.04.28	01:45:42.609	1.32986	1.32990			6
2025.04.28	01:45:44.760	1.32987	1.32991			6
2025.04.28	01:45:45.065	1.32991	1.32993			6
2025.04.28	01:45:45.681	1.32993	1.32994			6
2025.04.28	01:45:51.539	1.33000	1.33004			6
2025.04.28	01:45:53.389		1.33005			4
2025.04.28	01:46:00.161	1.33000				2
2025.04.28	01:46:00.469	1.33001	1.33006			6
2025.04.28	01:46:01.699	1.33004	1.33009			6
2025.04.28	01:46:03.857	1.33005	1.33010			6
2025.04.28	01:46:17.100		1.33009			4
2025.04.28	01:46:20.806	1.33004	1.33008			6
2025.04.28	01:46:21.111	1.33005	1.33009			6
2025.04.28	01:46:24.192	1.33004	1.33008			6
2025.04.28	01:46:24.503	1.33005	1.33009			6
2025.04.28	01:46:28.199	1.33010	1.33014			6
2025.04.28	01:46:28.809	1.33005	1.33009			6
2025.04.28	01:46:30.347		1.33010			4
2025.04.28	01:46:30.656	1.33003	1.33008			6
2025.04.28	01:46:30.961	1.33005	1.33010			6
2025.04.28	01:46:31.271	1.33004	1.33009			6
2025.04.28	01:46:32.817	1.33005	1.33010			6
2025.04.28	01:46:39.296		1.33009			4
2025.04.28	01:46:39.603	1.33003	1.33007			6
2025.04.28	01:46:40.838	1.33005	1.33009			6
2025.04.28	01:46:48.244	1.33003	1.33007			6
2025.04.28	01:46:51.336	1.33006	1.33010			6
2025.04.28	01:46:59.389	1.33002	1.33006			6
2025.04.28	01:47:00.001	1.33002				2
2025.04.28	01:47:00.622	1.33001	1.33005			6
2025.04.28	01:47:04.021	1.33003	1.33007			6
2025.04.28	01:47:22.216	1.33004				2
2025.04.28	01:47:25.267	1.33007	1.33010			6
2025.04.28	01:47:25.883	1.33005	1.33008			6
2025.04.28	01:47:26.185	1.33004				2
2025.04.28	01:47:28.035	1.33003	1.33007			6
2025.04.28	01:47:29.276	1.33006	1.33009			6
2025.04.28	01:47:30.192	1.33005				2
2025.04.28	01:47:30.802	1.33003	1.33007			6
2025.04.28	01:47:31.110	1.33002	1.33005			6
2025.04.28	01:47:31.414	1.33004	1.33007			6
2025.04.28	01:47:32.334	1.33003				2
2025.04.28	01:47:33.251	1.33002	1.33006			6
2025.04.28	01:47:33.553	1.33003	1.33007			6
2025.04.28	01:47:35.100	1.33004				2
2025.04.28	01:47:40.597	1.33001	1.33004			6
2025.04.28	01:47:57.431	1.33008	1.33011			6
2025.04.28	01:47:57.739	1.33001	1.33004			6
2025.04.28	01:47:58.969	1.33000	1.33003			6
2025.04.28	01:47:59.285	1.32999				2
2025.04.28	01:48:00.208	1.33001	1.33005			6
2025.04.28	01:48:01.440	1.33000	1.33004			6
2025.04.28	01:48:01.750	1.33002	1.33006			6
2025.04.28	01:48:03.911	1.33003	1.33007			6
2025.04.28	01:48:09.166	1.33001	1.33005			6
2025.04.28	01:48:10.415	1.33000	1.33004			6
2025.04.28	01:48:21.214	1.33001				2
2025.04.28	01:48:30.804	1.33004	1.33007			6
2025.04.28	01:49:00.168	1.33004				2
2025.04.28	01:49:06.650	1.33002	1.33005			6
2025.04.28	01:49:07.583	1.33001	1.33004			6
2025.04.28	01:49:09.741	1.32999	1.33002			6
2025.04.28	01:49:44.040	1.33003	1.33006			6
2025.04.28	01:49:44.350	1.33002	1.33005			6
2025.04.28	01:50:00.109	1.33002				2
2025.04.28	01:50:07.807	1.33003	1.33006			6
2025.04.28	01:50:08.727	1.33002	1.33005			6
2025.04.28	01:50:09.349	1.33004	1.33007			6
2025.04.28	01:50:10.576	1.33002	1.33005			6
2025.04.28	01:50:12.108	1.33003	1.33006			6
2025.04.28	01:50:12.415	1.33002	1.33005			6
2025.04.28	01:50:13.641	1.33001	1.33004			6
2025.04.28	01:50:17.032	1.33003	1.33006			6
2025.04.28	01:50:17.342	1.33002	1.33005			6
2025.04.28	01:50:18.261	1.33001	1.33004			6
2025.04.28	01:50:26.868	1.33002	1.33005			6
2025.04.28	01:50:27.787	1.33001	1.33004			6
2025.04.28	01:50:28.714	1.33003	1.33006			6
2025.04.28	01:50:29.017	1.33002	1.33005			6
2025.04.28	01:50:29.634	1.33001	1.33004			6
2025.04.28	01:50:35.494	1.33002	1.33005			6
2025.04.28	01:50:37.650	1.33001	1.33004			6
2025.04.28	01:50:43.472	1.32998	1.33000			6
2025.04.28	01:50:43.777		1.33001			4
2025.04.28	01:50:44.401	1.33000	1.33003			6
2025.04.28	01:50:44.706	1.32997	1.33000			6
2025.04.28	01:50:45.626	1.32998	1.33001			6
2025.04.28	01:50:46.846	1.32999	1.33002			6
2025.04.28	01:50:47.149	1.33001	1.33004			6
2025.04.28	01:50:47.764	1.33002	1.33005			6
2025.04.28	01:50:48.685	1.33003	1.33006			6
2025.04.28	01:50:50.837	1.33002	1.33005			6
2025.04.28	01:50:51.150	1.33003	1.33006			6
2025.04.28	01:50:52.069	1.33002	1.33005			6
2025.04.28	01:50:52.992	1.33001	1.33004			6
2025.04.28	01:50:57.605	1.32999	1.33002			6
2025.04.28	01:51:00.056	1.32999				2
2025.04.28	01:51:06.221	1.32998	1.33001			6
2025.04.28	01:51:08.069	1.32999	1.33002			6
2025.04.28	01:51:42.934	1.32997	1.33000			6
2025.04.28	01:51:43.240	1.32994	1.32997			6
2025.04.28	01:51:44.476	1.32995	1.32998			6
2025.04.28	01:51:45.711	1.32994	1.32997			6
2025.04.28	01:51:47.875	1.32991	1.32994			6
2025.04.28	01:52:00.263	1.32991				2
2025.04.28	01:52:02.117	1.32994	1.32997			6
2025.04.28	01:52:11.403	1.32991	1.32994			6
2025.04.28	01:52:11.706	1.32993	1.32996			6
2025.04.28	01:52:15.113	1.32992	1.32995			6
2025.04.28	01:52:15.419	1.32993	1.32996			6
2025.04.28	01:52:20.671	1.32994	1.32997			6
2025.04.28	01:52:21.598	1.32993	1.32996			6
2025.04.28	01:52:24.376	1.32994	1.32997			6
2025.04.28	01:52:29.919	1.32995	1.32998			6
2025.04.28	01:52:30.848	1.32994	1.32997			6
2025.04.28	01:52:32.403	1.32992	1.32995			6
2025.04.28	01:52:32.710	1.32993	1.32996			6
2025.04.28	01:52:33.641	1.32992	1.32995			6
2025.04.28	01:52:34.562	1.32993	1.32996			6
2025.04.28	01:52:35.484	1.32992	1.32995			6
2025.04.28	01:52:35.796	1.32993	1.32996			6
2025.04.28	01:52:37.648	1.32992	1.32995			6
2025.04.28	01:52:37.963	1.32993	1.32996			6
2025.04.28	01:52:39.810	1.32994	1.32997			6
2025.04.28	01:52:40.427	1.32992	1.32995			6
2025.04.28	01:52:41.359	1.32991	1.32994			6
2025.04.28	01:52:41.977	1.32993	1.32996			6
2025.04.28	01:52:45.052	1.32991	1.32994			6
2025.04.28	01:52:45.364	1.32993	1.32996			6
2025.04.28	01:52:47.229	1.32991	1.32994			6
2025.04.28	01:52:47.535	1.32993	1.32996			6
2025.04.28	01:52:50.638	1.32994	1.32997			6
2025.04.28	01:52:53.103	1.32993	1.32996			6
2025.04.28	01:52:54.974	1.32994	1.32997			6
2025.04.28	01:53:00.240	1.32994				2
2025.04.28	01:53:03.957	1.32995	1.32998			6
2025.04.28	01:53:04.882	1.32992	1.32995			6
2025.04.28	01:53:05.194	1.32991	1.32994			6
2025.04.28	01:53:09.504	1.32994	1.32997			6
2025.04.28	01:53:11.373	1.32993				2
2025.04.28	01:53:15.386	1.32994				2
2025.04.28	01:53:20.975	1.32998	1.33001			6
2025.04.28	01:53:22.217	1.32997				2
2025.04.28	01:53:23.143	1.32998	1.33002			6
2025.04.28	01:53:24.076	1.32995	1.32999			6
2025.04.28	01:53:36.131	1.33001	1.33005			6
2025.04.28	01:53:37.379	1.33002	1.33007			6
2025.04.28	01:53:38.305	1.33001	1.33006			6
2025.04.28	01:53:39.543	1.33000	1.33005			6
2025.04.28	01:53:41.083		1.33004			4
2025.04.28	01:53:41.387	1.32999				2
2025.04.28	01:53:42.618	1.32998	1.33003			6
2025.04.28	01:53:47.566	1.33000	1.33005			6
2025.04.28	01:53:50.362	1.33002	1.33007			6
2025.04.28	01:53:51.599	1.33003	1.33008			6
2025.04.28	01:53:53.458	1.33001	1.33006			6
2025.04.28	01:53:54.708	1.33000	1.33005			6
2025.04.28	01:53:59.350	1.33003	1.33008			6
2025.04.28	01:54:00.286	1.33003				2
2025.04.28	01:54:07.973	1.33001	1.33006			6
2025.04.28	01:54:08.280	1.33002	1.33007			6
2025.04.28	01:54:09.205	1.33001	1.33006			6
2025.04.28	01:54:11.345	1.33000	1.33005			6
2025.04.28	01:54:13.825	1.33001	1.33006			6
2025.04.28	01:54:15.057	1.33002	1.33007			6
2025.04.28	01:54:15.980	1.33003	1.33008			6
2025.04.28	01:54:17.212		1.33007			4
2025.04.28	01:54:21.513	1.33001	1.33005			6
2025.04.28	01:54:22.125	1.33002	1.33006			6
2025.04.28	01:54:28.277	1.33003	1.33007			6
2025.04.28	01:54:40.885	1.33002	1.33006			6
2025.04.28	01:54:42.116	1.33003	1.33007			6
2025.04.28	01:55:00.271	1.33003				2
2025.04.28	01:55:01.203	1.33001	1.33005			6
2025.04.28	01:55:02.126	1.33000	1.33004			6
2025.04.28	01:55:05.211	1.33002	1.33006			6
2025.04.28	01:55:21.189	1.33006	1.33010			6
2025.04.28	01:55:22.430	1.33007	1.33011			6
2025.04.28	01:55:31.380	1.33003	1.33007			6
2025.04.28	01:55:44.027	1.33004	1.33008			6
2025.04.28	01:55:44.329	1.33009	1.33012			6
2025.04.28	01:55:45.250		1.33013			4
2025.04.28	01:55:55.116		1.33012			4
2025.04.28	01:56:00.045	1.33009				2
2025.04.28	01:56:00.354	1.33012	1.33016			6
2025.04.28	01:56:01.282		1.33017			4
2025.04.28	01:56:01.591	1.33011	1.33016			6
2025.04.28	01:56:03.141	1.33010	1.33015			6
2025.04.28	01:56:05.906	1.33006	1.33010			6
2025.04.28	01:56:06.214	1.33003	1.33008			6
2025.04.28	01:56:07.143	1.33002				2
2025.04.28	01:56:28.105	1.33003				2
2025.04.28	01:56:31.788	1.33000	1.33005			6
2025.04.28	01:56:32.091	1.33008	1.33013			6
2025.04.28	01:56:32.396	1.33009	1.33014			6
2025.04.28	01:56:33.312	1.33008	1.33013			6
2025.04.28	01:56:34.237	1.33007				2
2025.04.28	01:56:34.540	1.33008				2
2025.04.28	01:56:35.460	1.33007				2
2025.04.28	01:56:53.312	1.33008				2
2025.04.28	01:57:00.102	1.33008				2
2025.04.28	01:57:02.265	1.33004	1.33009			6
2025.04.28	01:57:02.571		1.33008			4
2025.04.28	01:57:03.189	1.33003				2
2025.04.28	01:57:03.499	1.33002				2
2025.04.28	01:57:08.111	1.33003				2
2025.04.28	01:57:09.953	1.32999	1.33004			6
2025.04.28	01:57:11.190	1.32997	1.33003			6
2025.04.28	01:57:11.495	1.32998				2
2025.04.28	01:57:12.109	1.32997				2
2025.04.28	01:57:13.043	1.32996	1.33001			6
2025.04.28	01:57:13.659	1.32997				2
2025.04.28	01:57:14.582		1.33000			4
2025.04.28	01:57:14.888	1.32995	1.33001			6
2025.04.28	01:57:15.516		1.32999			4
2025.04.28	01:57:15.820	1.32993				2
2025.04.28	01:57:16.756	1.32992	1.32998			6
2025.04.28	01:57:21.701	1.32990	1.32996			6
2025.04.28	01:57:23.235	1.32991	1.32997			6
2025.04.28	01:57:24.472	1.32992	1.32998			6
2025.04.28	01:57:24.783		1.32997			4
2025.04.28	01:57:26.327		1.32998			4
2025.04.28	01:57:28.488	1.32989	1.32993			6
2025.04.28	01:57:29.722		1.32995			4
2025.04.28	01:57:37.130	1.32990				2
2025.04.28	01:57:50.994	1.32994	1.32999			6
2025.04.28	01:57:54.081		1.32998			4
2025.04.28	01:57:56.850	1.32993				2
2025.04.28	01:58:00.236	1.32993				2
2025.04.28	01:58:05.785	1.32998	1.33002			6
2025.04.28	01:58:07.016		1.33003			4
2025.04.28	01:58:11.033		1.33002			4
2025.04.28	01:58:11.339		1.33000			4
2025.04.28	01:58:11.645	1.32997				2
2025.04.28	01:58:11.962	1.32991	1.32996			6
2025.04.28	01:58:12.886	1.32993	1.32998			6
2025.04.28	01:58:14.737	1.32998	1.33001			6
2025.04.28	01:58:24.924		1.33002			4
2025.04.28	01:58:27.077		1.33003			4
2025.04.28	01:58:35.439		1.33002			4
2025.04.28	01:58:58.324		1.33000			4
2025.04.28	01:58:58.626	1.32994	1.32998			6
2025.04.28	01:58:59.239	1.32993				2
2025.04.28	01:58:59.550	1.32991	1.32996			6
2025.04.28	01:58:59.856		1.32995			4
2025.04.28	01:59:00.165	1.32991				2
2025.04.28	01:59:00.466		1.32996			4
2025.04.28	01:59:00.772	1.32990	1.32995			6
2025.04.28	01:59:20.213		1.32994			4
2025.04.28	01:59:52.814	1.32988	1.32992			6
2025.04.28	01:59:53.121	1.32989	1.32993			6
2025.04.28	01:59:54.045	1.32990	1.32994			6
2025.04.28	02:00:00.232	1.32990				2
2025.04.28	02:00:06.443	1.32993	1.32996			6
2025.04.28	02:00:07.069		1.32997			4
2025.04.28	02:00:07.687	1.32997	1.33001			6
2025.04.28	02:00:07.998	1.32996	1.33000			6
2025.04.28	02:00:08.303	1.32997				2
2025.04.28	02:00:10.151	1.32998				2
2025.04.28	02:00:10.454		1.33001			4
2025.04.28	02:00:11.078		1.33002			4
2025.04.28	02:00:12.003	1.32999	1.33003			6
2025.04.28	02:00:12.928	1.32998	1.33002			6
2025.04.28	02:00:14.779	1.32999	1.33003			6
2025.04.28	02:00:16.944		1.33002			4
2025.04.28	02:00:17.878		1.33003			4
2025.04.28	02:00:18.494	1.32998	1.33002			6
2025.04.28	02:00:20.364	1.32999				2
2025.04.28	02:00:20.676	1.33000	1.33004			6
2025.04.28	02:00:28.393	1.33001				2
2025.04.28	02:00:33.015	1.33000				2
2025.04.28	02:00:48.114	1.33001				2
2025.04.28	02:00:59.089	1.33002				2
2025.04.28	02:01:00.000	1.33002				2
2025.04.28	02:01:00.302	1.33001				2
2025.04.28	02:01:13.464	1.33002				2
2025.04.28	02:01:20.818		1.33004			4
2025.04.28	02:01:22.977	1.33001				2
2025.04.28	02:01:34.409	1.33000	1.33003			6
2025.04.28	02:01:41.797	1.33002	1.33005			6
2025.04.28	02:01:42.103	1.33005	1.33006			6
2025.04.28	02:01:42.407		1.33008			4
2025.04.28	02:01:43.327	1.33006	1.33009			6
2025.04.28	02:01:51.602		1.33008			4
2025.04.28	02:01:52.213		1.33009			4
2025.04.28	02:01:52.525		1.33008			4
2025.04.28	02:01:53.448		1.33009			4
2025.04.28	02:01:59.894	1.33005	1.33008			6
2025.04.28	02:02:00.197	1.33005				2
2025.04.28	02:02:00.505	1.33004	1.33007			6
2025.04.28	02:02:01.424		1.33006			4
2025.04.28	02:02:02.349	1.33006	1.33009			6
2025.04.28	02:02:03.889	1.33003	1.33007			6
2025.04.28	02:02:05.117	1.33002	1.33006			6
2025.04.28	02:02:06.039		1.33005			4
2025.04.28	02:02:06.969	1.33003	1.33007			6
2025.04.28	02:02:07.584	1.33002	1.33006			6
2025.04.28	02:02:08.512	1.33001	1.33005			6
2025.04.28	02:02:18.675	1.33000	1.33002			6
2025.04.28	02:02:18.980	1.32998				2
2025.04.28	02:02:19.301	1.33001	1.33005			6
2025.04.28	02:02:19.914	1.33000	1.33002			6
2025.04.28	02:02:20.222	1.32998				2
2025.04.28	02:02:21.466		1.33001			4
2025.04.28	02:02:24.847	1.32997	1.33000			6
2025.04.28	02:02:26.077	1.32996				2
2025.04.28	02:02:28.542	1.32997				2
2025.04.28	02:02:28.856	1.32996				2
2025.04.28	02:02:30.702	1.32994	1.32998			6
2025.04.28	02:02:33.779	1.32993	1.32997			6
2025.04.28	02:02:34.082	1.32995	1.32999			6
2025.04.28	02:02:35.923	1.32994	1.32997			6
2025.04.28	02:02:37.479	1.32996	1.33000			6
2025.04.28	02:02:38.720	1.32997	1.33001			6
2025.04.28	02:02:39.337		1.33002			4
2025.04.28	02:02:40.877	1.32996	1.33001			6
2025.04.28	02:02:47.046	1.32997	1.33002			6
2025.04.28	02:02:47.362	1.33000	1.33003			6
2025.04.28	02:02:47.670	1.32999				2
2025.04.28	02:02:49.821	1.32998	1.33001			6
2025.04.28	02:02:50.135	1.32997				2
2025.04.28	02:02:50.443	1.33000	1.33004			6
2025.04.28	02:02:52.605	1.33001	1.33006			6
2025.04.28	02:02:52.927	1.33002	1.33007			6
2025.04.28	02:02:54.158	1.33001	1.33006			6
2025.04.28	02:02:55.089	1.33000	1.33005			6
2025.04.28	02:02:55.396	1.33001	1.33006			6
2025.04.28	02:02:57.243	1.33000	1.33005			6
2025.04.28	02:03:00.030	1.33000				2
2025.04.28	02:03:02.494	1.33003	1.33007			6
2025.04.28	02:03:02.799	1.33002				2
2025.04.28	02:03:04.344	1.33001	1.33005			6
2025.04.28	02:03:04.647		1.33006			4
2025.04.28	02:03:04.967	1.33002	1.33007			6
2025.04.28	02:03:06.828	1.33001	1.33006			6
2025.04.28	02:03:07.756	1.33002	1.33007			6
2025.04.28	02:03:11.466	1.33001	1.33006			6
2025.04.28	02:03:13.928	1.33002	1.33007			6
2025.04.28	02:03:28.113		1.33006			4
2025.04.28	02:03:38.613	1.33006	1.33010			6
2025.04.28	02:03:40.161		1.33011			4
2025.04.28	02:03:51.278		1.33010			4
2025.04.28	02:03:53.755	1.33002	1.33006			6
2025.04.28	02:04:00.247	1.33002				2
2025.04.28	02:04:07.037	1.33010	1.33014			6
2025.04.28	02:04:07.340	1.33011	1.33016			6
2025.04.28	02:04:07.965	1.33005	1.33009			6
2025.04.28	02:04:08.265	1.33003	1.33008			6
2025.04.28	02:04:09.194	1.33002				2
2025.04.28	02:04:09.507	1.33003	1.33009			6
2025.04.28	02:04:13.821	1.33002	1.33004			6
2025.04.28	02:04:14.124	1.32999	1.33003			6
2025.04.28	02:04:15.371	1.32998				2
2025.04.28	02:04:17.517	1.32999				2
2025.04.28	02:04:19.043	1.33002	1.33006			6
2025.04.28	02:04:19.347	1.33003	1.33009			6
2025.04.28	02:04:21.520	1.33001	1.33006			6
2025.04.28	02:04:22.442	1.33000	1.33005			6
2025.04.28	02:04:25.216		1.33004			4
2025.04.28	02:04:26.146		1.33007			4
2025.04.28	02:04:28.303		1.33004			4
2025.04.28	02:04:28.922	1.32997	1.33001			6
2025.04.28	02:04:30.154	1.32996				2
2025.04.28	02:04:30.773	1.32995				2
2025.04.28	02:04:46.219	1.32996	1.33002			6
2025.04.28	02:04:56.407		1.33001			4
2025.04.28	02:04:59.170	1.32995				2
2025.04.28	02:05:00.088	1.32996				2
2025.04.28	02:05:04.088	1.32997	1.33003			6
2025.04.28	02:05:04.404	1.32999	1.33005			6
2025.04.28	02:05:04.716	1.33000				2
2025.04.28	02:05:07.489		1.33004			4
2025.04.28	02:05:08.721	1.32999				2
2025.04.28	02:05:09.034	1.33000	1.33006			6
2025.04.28	02:05:09.953	1.33001				2
2025.04.28	02:05:10.265		1.33005			4
2025.04.28	02:05:10.578		1.33006			4
2025.04.28	02:05:11.188	1.33004	1.33009			6
2025.04.28	02:05:14.272	1.33003				2
2025.04.28	02:05:14.579	1.33005				2
2025.04.28	02:05:15.510	1.33001	1.33006			6
2025.04.28	02:05:16.753	1.33000				2
2025.04.28	02:05:17.687	1.33001				2
2025.04.28	02:05:21.379	1.32997	1.33003			6
2025.04.28	02:05:23.862	1.32999	1.33004			6
2025.04.28	02:05:24.169		1.33005			4
2025.04.28	02:05:25.098		1.33004			4
2025.04.28	02:05:26.028		1.33003			4
2025.04.28	02:05:26.343	1.32995	1.33001			6
2025.04.28	02:05:26.655	1.32991	1.32995			6
2025.04.28	02:05:27.583	1.32996	1.32999			6
2025.04.28	02:05:27.885		1.33002			4
2025.04.28	02:05:29.118	1.32997				2
2025.04.28	02:05:31.274	1.32996				2
2025.04.28	02:05:34.980	1.32997				2
2025.04.28	02:05:40.220	1.32999	1.33004			6
2025.04.28	02:05:44.238	1.32998				2
2025.04.28	02:05:52.269	1.32996	1.33002			6
2025.04.28	02:05:55.659	1.32998				2
2025.04.28	02:05:58.751		1.33004			4
2025.04.28	02:06:00.298	1.32998				2
2025.04.28	02:06:16.337	1.32996	1.33002			6
2025.04.28	02:06:27.134	1.32997				2
2025.04.28	02:06:29.286	1.32996				2
2025.04.28	02:06:29.596	1.32999	1.33004			6
2025.04.28	02:06:29.902	1.32998	1.33003			6
2025.04.28	02:06:30.524	1.32997				2
2025.04.28	02:06:31.448		1.33002			4
2025.04.28	02:06:32.377		1.33003			4
2025.04.28	02:06:33.618	1.33000	1.33004			6
2025.04.28	02:06:33.930	1.32999				2
2025.04.28	02:06:34.548	1.32998				2
2025.04.28	02:06:35.164	1.33001				2
2025.04.28	02:06:35.465	1.33000				2
2025.04.28	02:06:40.397	1.33001				2
2025.04.28	02:06:40.704	1.33000				2
2025.04.28	02:06:41.010	1.32999				2
2025.04.28	02:06:41.632	1.32998				2
2025.04.28	02:06:44.103	1.33000				2
2025.04.28	02:06:45.337	1.33001	1.33006			6
2025.04.28	02:06:45.640	1.33000				2
2025.04.28	02:06:46.872	1.33001				2
2025.04.28	02:06:50.583	1.33009	1.33014			6
2025.04.28	02:06:50.886	1.33010				2
2025.04.28	02:06:51.827	1.33009				2
2025.04.28	02:06:52.439	1.33008				2
2025.04.28	02:06:53.686	1.33010				2
2025.04.28	02:06:54.923	1.33009				2
2025.04.28	02:06:58.926	1.33010				2
2025.04.28	02:06:59.232	1.33009				2
2025.04.28	02:07:00.157	1.33009				2
2025.04.28	02:07:00.465	1.33008				2
2025.04.28	02:07:01.385	1.33009				2
2025.04.28	02:07:08.468	1.33010				2
2025.04.28	02:07:10.326	1.33012	1.33018			6
2025.04.28	02:07:16.494	1.33013	1.33019			6
2025.04.28	02:07:18.338		1.33018			4
2025.04.28	02:07:18.648	1.33012				2
2025.04.28	02:07:22.050	1.33013				2
2025.04.28	02:07:22.360	1.33018	1.33023			6
2025.04.28	02:07:22.665	1.33019				2
2025.04.28	02:07:23.607	1.33018				2
2025.04.28	02:07:24.217	1.33017				2
2025.04.28	02:07:24.524	1.33022	1.33028			6
2025.04.28	02:07:25.452	1.33023				2
2025.04.28	02:07:25.757		1.33029			4
2025.04.28	02:07:28.841	1.33024	1.33030			6
2025.04.28	02:07:29.144	1.33023	1.33029			6
2025.04.28	02:07:29.762	1.33022	1.33028			6
2025.04.28	02:07:31.295		1.33027			4
2025.04.28	02:07:32.220		1.33028			4
2025.04.28	02:07:33.455	1.33023				2
2025.04.28	02:07:36.221	1.33020	1.33025			6
2025.04.28	02:07:37.139	1.33022	1.33028			6
2025.04.28	02:07:37.761	1.33020	1.33025			6
2025.04.28	02:07:39.001		1.33024			4
2025.04.28	02:07:39.311	1.33019				2
2025.04.28	02:07:42.066	1.33020				2
2025.04.28	02:07:42.371		1.33026			4
2025.04.28	02:07:45.444		1.33024			4
2025.04.28	02:07:45.747	1.33018	1.33023			6
2025.04.28	02:07:46.687	1.33017				2
2025.04.28	02:07:54.410	1.33019				2
2025.04.28	02:07:54.723	1.33022	1.33028			6
2025.04.28	02:07:59.662	1.33025	1.33031			6
2025.04.28	02:08:00.267	1.33025				2
2025.04.28	02:08:06.145	1.33026	1.33032			6
2025.04.28	02:08:12.621	1.33025	1.33031			6
2025.04.28	02:08:15.406	1.33023	1.33029			6
2025.04.28	02:08:15.711		1.33028			4
2025.04.28	02:08:16.338		1.33029			4
2025.04.28	02:08:16.644	1.33026	1.33031			6
2025.04.28	02:08:17.872		1.33032			4
2025.04.28	02:08:22.489	1.33028	1.33033			6
2025.04.28	02:08:26.796		1.33032			4
2025.04.28	02:08:29.567	1.33023	1.33026			6
2025.04.28	02:08:29.874		1.33025			4
2025.04.28	02:08:32.627		1.33024			4
2025.04.28	02:08:37.247	1.33022				2
2025.04.28	02:08:38.489	1.33021				2
2025.04.28	02:08:43.720	1.33015	1.33016			6
2025.04.28	02:08:44.028	1.33014				2
2025.04.28	02:08:44.637	1.33015	1.33017			6
2025.04.28	02:08:44.942	1.33013	1.33016			6
2025.04.28	02:08:45.249		1.33014			4
2025.04.28	02:08:45.551	1.33012				2
2025.04.28	02:08:46.177	1.33013				2
2025.04.28	02:08:48.333	1.33014	1.33015			6
2025.04.28	02:08:48.958	1.33013	1.33014			6
2025.04.28	02:08:54.822	1.33012				2
2025.04.28	02:09:00.073	1.33013				2
2025.04.28	02:09:00.375	1.33018	1.33021			6
2025.04.28	02:09:02.854		1.33019			4
2025.04.28	02:09:08.724		1.33021			4
2025.04.28	02:09:12.111		1.33022			4
2025.04.28	02:09:13.355		1.33021			4
2025.04.28	02:09:22.924	1.33014	1.33017			6
2025.04.28	02:09:23.231	1.33013	1.33015			6
2025.04.28	02:09:24.160	1.33014	1.33016			6
2025.04.28	02:09:30.011	1.33012				2
2025.04.28	02:09:30.634	1.33013				2
2025.04.28	02:09:34.651	1.33012				2
2025.04.28	02:09:35.264	1.33014				2
2025.04.28	02:09:35.578		1.33017			4
2025.04.28	02:09:45.750	1.33012				2
2025.04.28	02:09:46.968	1.33013				2
2025.04.28	02:10:00.138	1.33013				2
2025.04.28	02:10:03.474	1.33014				2
2025.04.28	02:10:05.012	1.33018	1.33021			6
2025.04.28	02:10:06.231	1.33017				2
2025.04.28	02:10:08.386	1.33016	1.33020			6
2025.04.28	02:10:08.692	1.33017	1.33021			6
2025.04.28	02:10:09.297	1.33016	1.33020			6
2025.04.28	02:10:09.604	1.33000	1.33002			6
2025.04.28	02:10:09.905	1.32995	1.32999			6
2025.04.28	02:10:10.207	1.32991	1.32995			6
2025.04.28	02:10:10.514	1.32988	1.32993			6
2025.04.28	02:10:11.448	1.32992	1.32997			6
2025.04.28	02:10:12.359	1.32988	1.32993			6
2025.04.28	02:10:12.663	1.32989				2
2025.04.28	02:10:12.968	1.32988				2
2025.04.28	02:10:13.578	1.32989				2
2025.04.28	02:10:13.893		1.32994			4
2025.04.28	02:10:14.207		1.32993			4
2025.04.28	02:10:14.521	1.32988				2
2025.04.28	02:10:14.828	1.32990				2
2025.04.28	02:10:15.452	1.32991	1.32995			6
2025.04.28	02:10:16.077	1.32990				2
2025.04.28	02:10:17.022	1.32991				2
2025.04.28	02:10:18.558	1.32989	1.32994			6
2025.04.28	02:10:18.864	1.32993	1.32997			6
2025.04.28	02:10:19.181	1.32996	1.33002			6
2025.04.28	02:10:19.489	1.32997				2
2025.04.28	02:10:20.111	1.32996				2
2025.04.28	02:10:20.421	1.32997				2
2025.04.28	02:10:22.901	1.33000	1.33005			6
2025.04.28	02:10:23.210	1.32999	1.33002			6
2025.04.28	02:10:23.522	1.32996				2
2025.04.28	02:10:24.157	1.33000	1.33005			6
2025.04.28	02:10:24.769	1.32999				2
2025.04.28	02:10:25.071	1.33000				2
2025.04.28	02:10:25.383	1.32999	1.33004			6
2025.04.28	02:10:25.693	1.33000	1.33005			6
2025.04.28	02:10:38.656	1.33007	1.33013			6
2025.04.28	02:10:38.960	1.33010	1.33014			6
2025.04.28	02:10:39.261	1.33006	1.33012			6
2025.04.28	02:10:39.881	1.33002	1.33007			6
2025.04.28	02:10:40.187	1.33010	1.33015			6
2025.04.28	02:10:40.810	1.33011				2
2025.04.28	02:10:43.899	1.33010				2
2025.04.28	02:10:44.209	1.33011				2
2025.04.28	02:10:48.537	1.33010				2
2025.04.28	02:10:53.169	1.33011				2
2025.04.28	02:10:54.403	1.33010				2
2025.04.28	02:10:56.882	1.33011				2
2025.04.28	02:11:00.298	1.33011				2
2025.04.28	02:11:01.538	1.33010				2
2025.04.28	02:11:03.078	1.33011				2
2025.04.28	02:11:03.384	1.33010	1.33016			6
2025.04.28	02:11:04.938	1.33011				2
2025.04.28	02:11:15.758	1.33010				2
2025.04.28	02:11:16.065	1.33011				2
2025.04.28	02:11:19.764	1.33017	1.33023			6
2025.04.28	02:11:20.070	1.33014	1.33017			6
2025.04.28	02:11:20.371	1.33012	1.33016			6
2025.04.28	02:11:20.991	1.33011				2
2025.04.28	02:11:25.933	1.33008	1.33013			6
2025.04.28	02:11:26.559	1.33012	1.33016			6
2025.04.28	02:11:27.174	1.33010	1.33015			6
2025.04.28	02:11:27.476	1.33011				2
2025.04.28	02:11:28.424	1.33015	1.33019			6
2025.04.28	02:11:29.031	1.33012	1.33016			6
2025.04.28	02:11:30.584	1.33011				2
2025.04.28	02:11:33.675	1.33015	1.33018			6
2025.04.28	02:11:34.600	1.33014				2
2025.04.28	02:11:37.078	1.33016	1.33019			6
2025.04.28	02:11:37.382	1.33017	1.33022			6
2025.04.28	02:11:40.469		1.33021			4
2025.04.28	02:11:40.772	1.33016				2
2025.04.28	02:11:42.943	1.33013	1.33018			6
2025.04.28	02:11:52.852	1.33012				2
2025.04.28	02:12:00.290	1.33012				2
2025.04.28	02:12:03.377	1.33014				2
2025.04.28	02:12:15.659	1.33013				2
2025.04.28	02:12:16.891	1.33014				2
2025.04.28	02:12:22.105	1.33013				2
2025.04.28	02:12:26.111	1.33014				2
2025.04.28	02:12:34.766		1.33015			4
2025.04.28	02:12:35.070	1.33004	1.33008			6
2025.04.28	02:12:35.376	1.33003	1.33007			6
2025.04.28	02:12:36.292	1.33002				2
2025.04.28	02:12:37.845	1.33001	1.33006			6
2025.04.28	02:12:38.148	1.33006	1.33007			6
2025.04.28	02:12:38.449	1.33009	1.33014			6
2025.04.28	02:12:40.299	1.33010				2
2025.04.28	02:12:42.484	1.33007	1.33011			6
2025.04.28	02:12:42.788	1.33005	1.33009			6
2025.04.28	02:12:44.027	1.33003	1.33007			6
2025.04.28	02:12:44.956	1.33002				2
2025.04.28	02:12:46.811	1.33001				2
2025.04.28	02:12:49.904	1.33000	1.33005			6
2025.04.28	02:12:51.157	1.33001				2
2025.04.28	02:12:51.769	1.32998	1.33000			6
2025.04.28	02:12:52.072	1.32995				2
2025.04.28	02:12:52.698	1.33000	1.33005			6
2025.04.28	02:12:54.540	1.32998	1.33004			6
2025.04.28	02:12:59.173	1.32997	1.33002			6
2025.04.28	02:13:00.105	1.33001	1.33007			6
2025.04.28	02:13:00.416	1.32998	1.33003			6
2025.04.28	02:13:01.339	1.32997				2
2025.04.28	02:13:01.641	1.32995	1.33001			6
2025.04.28	02:13:02.263	1.32992	1.32993			6
2025.04.28	02:13:02.565	1.32993	1.32998			6
2025.04.28	02:13:02.872	1.32992				2
2025.04.28	02:13:03.177	1.32993				2
2025.04.28	02:13:03.496	1.32995	1.33000			6
2025.04.28	02:13:03.804	1.32994				2
2025.04.28	02:13:06.284	1.32993	1.32999			6
2025.04.28	02:13:06.899	1.32990	1.32993			6
2025.04.28	02:13:07.202	1.32987	1.32991			6
2025.04.28	02:13:07.524	1.32988	1.32994			6
2025.04.28	02:13:07.831	1.32989				2
2025.04.28	02:13:11.250	1.32990				2
2025.04.28	02:13:19.260	1.32989				2
2025.04.28	02:13:25.393	1.32990				2
2025.04.28	02:13:30.341	1.32989				2
2025.04.28	02:13:31.575	1.32988				2
2025.04.28	02:13:31.883	1.32989				2
2025.04.28	02:13:37.139	1.32986	1.32991			6
2025.04.28	02:13:39.930	1.32987				2
2025.04.28	02:13:40.539	1.32986				2
2025.04.28	02:13:41.777	1.32985				2
2025.04.28	02:13:42.093	1.32986				2
2025.04.28	02:13:42.716	1.32985				2
2025.04.28	02:13:45.195		1.32990			4
2025.04.28	02:13:45.507	1.32987	1.32993			6
2025.04.28	02:13:45.817	1.32984	1.32988			6
2025.04.28	02:13:48.917		1.32989			4
2025.04.28	02:13:49.219		1.32990			4
2025.04.28	02:13:51.093	1.32985				2
2025.04.28	02:13:51.699		1.32991			4
2025.04.28	02:13:52.310		1.32990			4
2025.04.28	02:14:00.034	1.32985				2
2025.04.28	02:14:02.818		1.32989			4
2025.04.28	02:14:05.605	1.32988	1.32991			6
2025.04.28	02:14:05.908	1.32986	1.32992			6
2025.04.28	02:14:06.220	1.32985	1.32991			6
2025.04.28	02:14:14.271	1.32986				2
2025.04.28	02:14:17.639	1.32987	1.32992			6
2025.04.28	02:14:18.868	1.32986	1.32991			6
2025.04.28	02:14:27.498	1.32985	1.32990			6
2025.04.28	02:14:27.808	1.32986				2
2025.04.28	02:14:28.122		1.32991			4
2025.04.28	02:14:29.358	1.32987				2
2025.04.28	02:14:30.898	1.32986	1.32990			6
2025.04.28	02:14:31.205	1.32985	1.32986			6
2025.04.28	02:14:31.509	1.32984	1.32988			6
2025.04.28	02:14:32.436	1.32983	1.32986			6
2025.04.28	02:14:40.451	1.32981	1.32984			6
2025.04.28	02:14:41.975	1.32980				2
2025.04.28	02:14:45.646	1.32982				2
2025.04.28	02:14:47.162	1.32976	1.32980			6
2025.04.28	02:14:47.774	1.32977	1.32981			6
2025.04.28	02:14:48.702	1.32976				2
2025.04.28	02:14:49.317	1.32977	1.32982			6
2025.04.28	02:14:51.780	1.32978				2
2025.04.28	02:14:58.556	1.32977	1.32981			6
2025.04.28	02:14:59.785	1.32978	1.32982			6
2025.04.28	02:15:00.099	1.32978				2
2025.04.28	02:15:01.317	1.32977	1.32981			6
2025.04.28	02:15:05.306	1.32978	1.32982			6
2025.04.28	02:15:08.730	1.32979	1.32983			6
2025.04.28	02:15:10.258	1.32978	1.32982			6
2025.04.28	02:15:12.098	1.32980	1.32984			6
2025.04.28	02:15:12.408	1.32981				2
2025.04.28	02:15:13.328	1.32983				2
2025.04.28	02:15:15.159	1.32982				2
2025.04.28	02:15:15.468	1.32983				2
2025.04.28	02:15:19.735		1.32985			4
2025.04.28	02:15:22.485	1.32978	1.32982			6
2025.04.28	02:15:23.710	1.32979	1.32983			6
2025.04.28	02:15:24.632	1.32978	1.32982			6
2025.04.28	02:15:25.865	1.32979	1.32983			6
2025.04.28	02:15:27.697	1.32980	1.32984			6
2025.04.28	02:15:35.703	1.32981				2
2025.04.28	02:15:36.630	1.32982	1.32985			6
2025.04.28	02:15:37.558	1.32978	1.32982			6
2025.04.28	02:15:40.345	1.32980	1.32983			6
2025.04.28	02:15:40.952	1.32981	1.32984			6
2025.04.28	02:15:44.665	1.32980				2
2025.04.28	02:15:46.207	1.32982				2
2025.04.28	02:15:46.815	1.32981				2
2025.04.28	02:15:50.214		1.32985			4
2025.04.28	02:15:50.832	1.32984	1.32988			6
2025.04.28	02:15:51.137		1.32987			4
2025.04.28	02:15:51.441	1.32981	1.32985			6
2025.04.28	02:15:52.061	1.32982				2
2025.04.28	02:15:52.990	1.32981				2
2025.04.28	02:15:53.608	1.32982				2
2025.04.28	02:15:55.161	1.32978	1.32982			6
2025.04.28	02:15:55.471	1.32979	1.32983			6
2025.04.28	02:15:56.409	1.32980	1.32984			6
2025.04.28	02:16:00.098	1.32981				2
2025.04.28	02:16:00.401	1.32980	1.32983			6
2025.04.28	02:16:01.328	1.32979	1.32982			6
2025.04.28	02:16:01.639	1.32980	1.32983			6
2025.04.28	02:16:02.553	1.32978	1.32981			6
2025.04.28	02:16:04.391	1.32977	1.32980			6
2025.04.28	02:16:07.164	1.32978	1.32981			6
2025.04.28	02:16:15.424	1.32977	1.32980			6
2025.04.28	02:16:27.047	1.32978				2
2025.04.28	02:16:27.348		1.32981			4
2025.04.28	02:16:28.569	1.32977	1.32980			6
2025.04.28	02:16:28.872	1.32978	1.32981			6
2025.04.28	02:16:29.785	1.32979	1.32982			6
2025.04.28	02:16:30.088	1.32981	1.32984			6
2025.04.28	02:16:30.698	1.32982				2
2025.04.28	02:16:31.921	1.32981				2
2025.04.28	02:16:32.525	1.32982				2
2025.04.28	02:16:33.132	1.32981				2
2025.04.28	02:16:33.434	1.32977	1.32980			6
2025.04.28	02:16:33.744	1.32979	1.32982			6
2025.04.28	02:16:34.045	1.32980	1.32983			6
2025.04.28	02:16:34.349	1.32981	1.32984			6
2025.04.28	02:16:40.128	1.32982				2
2025.04.28	02:16:40.430	1.32983				2
2025.04.28	02:16:40.742	1.32979	1.32982			6
2025.04.28	02:16:41.051	1.32980	1.32983			6
2025.04.28	02:16:41.665	1.32981	1.32984			6
2025.04.28	02:16:56.477	1.32982	1.32985			6
2025.04.28	02:16:57.404	1.32983				2
2025.04.28	02:17:00.176	1.32983				2
2025.04.28	02:17:14.589		1.32986			4
2025.04.28	02:17:14.893	1.32984	1.32987			6
2025.04.28	02:17:15.206	1.32985	1.32988			6
2025.04.28	02:17:16.120	1.32986	1.32989			6
2025.04.28	02:17:39.626	1.32985	1.32988			6
2025.04.28	02:17:43.953	1.32987	1.32990			6
2025.04.28	02:17:44.263	1.32988	1.32991			6
2025.04.28	02:17:45.197	1.32989	1.32992			6
2025.04.28	02:17:46.120	1.32987	1.32990			6
2025.04.28	02:17:46.427	1.32989	1.32992			6
2025.04.28	02:17:46.745	1.32990	1.32993			6
2025.04.28	02:17:49.812	1.32992	1.32994			6
2025.04.28	02:17:50.114		1.32995			4
2025.04.28	02:17:51.048	1.32993				2
2025.04.28	02:17:51.356	1.32992				2
2025.04.28	02:17:52.593	1.32993				2
2025.04.28	02:17:55.673	1.32992				2
2025.04.28	02:18:00.280	1.32991	1.32994			6
2025.04.28	02:18:03.035	1.32992	1.32995			6
2025.04.28	02:18:03.966	1.32991	1.32994			6
2025.04.28	02:18:04.584	1.32994	1.32997			6
2025.04.28	02:18:05.204	1.32996	1.32999			6
2025.04.28	02:18:05.511	1.32997	1.33000			6
2025.04.28	02:18:06.745	1.32998	1.33001			6
2025.04.28	02:18:07.049	1.32997	1.33000			6
2025.04.28	02:18:12.876	1.32996	1.32999			6
2025.04.28	02:18:14.712	1.32997	1.33000			6
2025.04.28	02:18:17.161	1.32995	1.32998			6
2025.04.28	02:18:18.085	1.32996	1.32999			6
2025.04.28	02:18:19.924	1.32997	1.33000			6
2025.04.28	02:18:20.233	1.32998	1.33001			6
2025.04.28	02:18:33.117	1.32997	1.33000			6
2025.04.28	02:18:46.917	1.32994	1.32997			6
2025.04.28	02:18:48.150	1.32995				2
2025.04.28	02:18:48.461		1.32998			4
2025.04.28	02:18:50.301	1.32994	1.32997			6
2025.04.28	02:18:51.223	1.33003	1.33006			6
2025.04.28	02:18:51.543	1.32989	1.32992			6
2025.04.28	02:18:51.848	1.32990	1.32993			6
2025.04.28	02:18:54.000	1.32989	1.32992			6
2025.04.28	02:18:54.917	1.32990	1.32993			6
2025.04.28	02:18:56.139	1.32992	1.32994			6
2025.04.28	02:18:56.446	1.32993	1.32996			6
2025.04.28	02:18:57.067	1.32994	1.32997			6
2025.04.28	02:18:57.679	1.32993	1.32995			6
2025.04.28	02:18:59.820	1.32992	1.32994			6
2025.04.28	02:19:00.128	1.32992				2
2025.04.28	02:19:00.434	1.32991				2
2025.04.28	02:19:07.492	1.32990	1.32993			6
2025.04.28	02:19:10.556	1.32991	1.32994			6
2025.04.28	02:19:11.170	1.32993	1.32996			6
2025.04.28	02:19:13.326	1.32994	1.32997			6
2025.04.28	02:19:14.861	1.32993	1.32996			6
2025.04.28	02:19:27.453	1.32994	1.32997			6
2025.04.28	02:19:28.071	1.32995	1.32998			6
2025.04.28	02:19:28.376	1.32993	1.32996			6
2025.04.28	02:19:28.987	1.32994	1.32997			6
2025.04.28	02:19:29.291	1.32993	1.32996			6
2025.04.28	02:19:32.039	1.32991	1.32994			6
2025.04.28	02:19:32.346	1.32992	1.32995			6
2025.04.28	02:19:33.270	1.32993	1.32996			6
2025.04.28	02:19:33.573		1.32995			4
2025.04.28	02:19:34.809	1.32992				2
2025.04.28	02:19:35.113	1.32993				2
2025.04.28	02:19:36.031	1.32992				2
2025.04.28	02:19:38.180	1.32994	1.32997			6
2025.04.28	02:19:38.488	1.32993	1.32996			6
2025.04.28	02:19:43.706	1.32992	1.32995			6
2025.04.28	02:19:44.328	1.32991	1.32994			6
2025.04.28	02:19:48.014	1.32992				2
2025.04.28	02:19:51.699		1.32995			4
2025.04.28	02:19:54.764	1.32993	1.32996			6
2025.04.28	02:19:55.999	1.32985	1.32988			6
2025.04.28	02:19:56.316	1.32984				2
2025.04.28	02:20:00.003	1.32984				2
2025.04.28	02:20:00.928	1.32985				2
2025.04.28	02:20:01.241	1.32989	1.32993			6
2025.04.28	02:20:02.161	1.32988	1.32992			6
2025.04.28	02:20:04.643	1.32984	1.32988			6
2025.04.28	02:20:05.264		1.32989			4
2025.04.28	02:20:05.569		1.32988			4
2025.04.28	02:20:06.186		1.32989			4
2025.04.28	02:20:12.350		1.32988			4
2025.04.28	02:20:12.972	1.32983	1.32987			6
2025.04.28	02:20:13.901	1.32984	1.32988			6
2025.04.28	02:20:14.820	1.32983	1.32987			6
2025.04.28	02:20:15.748	1.32984	1.32988			6
2025.04.28	02:20:18.529		1.32987			4
2025.04.28	02:20:18.837	1.32980	1.32984			6
2025.04.28	02:20:19.145	1.32981	1.32986			6
2025.04.28	02:20:19.447	1.32982				2
2025.04.28	02:20:21.292	1.32983				2
2025.04.28	02:20:21.905		1.32987			4
2025.04.28	02:20:30.229		1.32986			4
2025.04.28	02:20:34.538	1.32988	1.32990			6
2025.04.28	02:20:34.840		1.32991			4
2025.04.28	02:20:35.154		1.32992			4
2025.04.28	02:20:37.005	1.32985	1.32989			6
2025.04.28	02:20:44.103		1.32988			4
2025.04.28	02:20:47.192		1.32989			4
2025.04.28	02:20:49.342		1.32988			4
2025.04.28	02:21:00.127	1.32985				2
2025.04.28	02:21:05.680	1.32982	1.32986			6
2025.04.28	02:21:10.928	1.32980	1.32984			6
2025.04.28	02:21:12.779	1.32979	1.32983			6
2025.04.28	02:21:13.089	1.32980	1.32984			6
2025.04.28	02:21:18.643		1.32983			4
2025.04.28	02:21:22.657	1.32981	1.32984			6
2025.04.28	02:21:23.894	1.32977	1.32980			6
2025.04.28	02:21:24.203	1.32980	1.32983			6
2025.04.28	02:21:29.412	1.32979	1.32982			6
2025.04.28	02:21:29.718	1.32980	1.32983			6
2025.04.28	02:21:30.957	1.32979	1.32982			6
2025.04.28	02:21:32.169	1.32980	1.32983			6
2025.04.28	02:21:43.569	1.32979	1.32982			6
2025.04.28	02:22:00.252	1.32979				2
2025.04.28	02:22:03.334	1.32980				2
2025.04.28	02:22:04.565	1.32979				2
2025.04.28	02:22:04.874	1.32977	1.32980			6
2025.04.28	02:22:05.182	1.32975	1.32978			6
2025.04.28	02:22:05.490	1.32976	1.32979			6
2025.04.28	02:22:05.797	1.32975	1.32978			6
2025.04.28	02:22:15.360	1.32976	1.32979			6
2025.04.28	02:22:33.236	1.32974	1.32977			6
2025.04.28	02:22:33.543	1.32975	1.32978			6
2025.04.28	02:22:34.468	1.32976	1.32979			6
2025.04.28	02:22:39.707	1.32977	1.32980			6
2025.04.28	02:22:44.338	1.32975	1.32978			6
