<DATE>	<TIME>	<BID>	<ASK>	<LAST>	<VOLUME>	<FLAGS>
2025.06.27	00:03:30.866	1.37260	1.37356			6
2025.06.27	00:04:00.285	1.37260				2
2025.06.27	00:04:11.683		1.37355			4
2025.06.27	00:05:00.033	1.37260				2
2025.06.27	00:05:11.700		1.37355			4
2025.06.27	00:06:00.055	1.37260				2
2025.06.27	00:06:11.982		1.37355			4
2025.06.27	00:06:35.533	1.37270	1.37360			6
2025.06.27	00:06:36.757	1.37189	1.37370			6
2025.06.27	00:07:00.053	1.37189				2
2025.06.27	00:07:37.045		1.37370			4
2025.06.27	00:08:00.138	1.37189				2
2025.06.27	00:08:37.077		1.37370			4
2025.06.27	00:09:00.196	1.37189				2
2025.06.27	00:09:37.171		1.37370			4
2025.06.27	00:10:00.257	1.37189				2
2025.06.27	00:10:10.122		1.37391			4
2025.06.27	00:10:11.351		1.37394			4
2025.06.27	00:10:52.658		1.37370			4
2025.06.27	00:10:58.203		1.37394			4
2025.06.27	00:10:59.124		1.37370			4
2025.06.27	00:11:00.050	1.37189				2
2025.06.27	00:11:05.593		1.37394			4
2025.06.27	00:11:06.209		1.37370			4
2025.06.27	00:11:12.379		1.37394			4
2025.06.27	00:11:13.294		1.37370			4
2025.06.27	00:11:19.469		1.37394			4
2025.06.27	00:11:20.396		1.37370			4
2025.06.27	00:11:26.567		1.37394			4
2025.06.27	00:11:27.183		1.37370			4
2025.06.27	00:12:00.193	1.37189				2
2025.06.27	00:12:27.321		1.37370			4
2025.06.27	00:12:43.636		1.37369			4
2025.06.27	00:12:47.340		1.37367			4
2025.06.27	00:13:00.296	1.37189				2
2025.06.27	00:13:27.561		1.37369			4
2025.06.27	00:13:29.711		1.37370			4
2025.06.27	00:14:00.178	1.37189				2
2025.06.27	00:14:01.712	1.37194				2
2025.06.27	00:14:05.865	1.37193				2
2025.06.27	00:14:10.364	1.37192				2
2025.06.27	00:14:17.630	1.37191				2
2025.06.27	00:14:18.448	1.37192				2
2025.06.27	00:14:21.633	1.37191				2
2025.06.27	00:14:22.009	1.37192				2
2025.06.27	00:14:28.964	1.37193				2
2025.06.27	00:14:29.977	1.37190	1.37370			6
2025.06.27	00:14:32.633	1.37191				2
2025.06.27	00:14:33.769	1.37190				2
2025.06.27	00:14:37.492	1.37189	1.37372			6
2025.06.27	00:14:40.066	1.37190				2
2025.06.27	00:14:41.565	1.37189				2
2025.06.27	00:14:52.352	1.37190				2
2025.06.27	00:14:54.741	1.37189				2
2025.06.27	00:15:00.016	1.37189				2
2025.06.27	00:16:50.954	1.37189	1.37372			6
2025.06.27	00:17:00.194	1.37189				2
2025.06.27	00:17:50.998		1.37372			4
2025.06.27	00:18:00.210	1.37189				2
2025.06.27	00:18:51.236		1.37372			4
2025.06.27	00:19:00.149	1.37189				2
2025.06.27	00:19:51.247		1.37372			4
2025.06.27	00:20:00.164	1.37189				2
2025.06.27	00:20:36.915	1.37169				2
2025.06.27	00:20:37.679	1.37189				2
2025.06.27	00:20:51.255		1.37372			4
2025.06.27	00:21:00.225	1.37189				2
2025.06.27	00:21:51.318		1.37372			4
2025.06.27	00:22:00.247	1.37189				2
2025.06.27	00:22:51.458		1.37372			4
2025.06.27	00:23:00.107	1.37189				2
2025.06.27	00:23:37.474		1.37371			4
2025.06.27	00:23:58.179	1.37198	1.37361			6
2025.06.27	00:24:00.030	1.37198				2
2025.06.27	00:24:40.882	1.37218	1.37343			6
2025.06.27	00:25:00.077	1.37218				2
2025.06.27	00:25:08.019	1.37235	1.37336			6
2025.06.27	00:25:08.351		1.37337			4
2025.06.27	00:26:00.187	1.37235				2
2025.06.27	00:26:08.595		1.37337			4
2025.06.27	00:27:00.358	1.37235				2
2025.06.27	00:27:08.589		1.37336			4
2025.06.27	00:28:02.322	1.37235				2
2025.06.27	00:28:08.907		1.37336			4
2025.06.27	00:28:37.403	1.37240				2
2025.06.27	00:28:47.281	1.37235				2
2025.06.27	00:28:48.216	1.37240				2
2025.06.27	00:28:50.368	1.37239				2
2025.06.27	00:28:52.219	1.37238				2
2025.06.27	00:28:58.087	1.37235				2
2025.06.27	00:29:03.468	1.37235				2
2025.06.27	00:29:10.366		1.37336			4
2025.06.27	00:29:27.380	1.37241				2
2025.06.27	00:29:30.765	1.37235				2
2025.06.27	00:29:44.033	1.37239				2
2025.06.27	00:29:45.567	1.37240				2
2025.06.27	00:29:47.417	1.37235				2
2025.06.27	00:30:00.165	1.37235				2
2025.06.27	00:30:08.235	1.37241				2
2025.06.27	00:30:08.558	1.37235				2
2025.06.27	00:30:10.577		1.37336			4
2025.06.27	00:30:13.562	1.37243				2
2025.06.27	00:30:20.046	1.37235				2
2025.06.27	00:30:26.799	1.37236				2
2025.06.27	00:30:32.356	1.37235				2
2025.06.27	00:30:45.334	1.37236				2
2025.06.27	00:30:55.512	1.37235				2
2025.06.27	00:30:59.551	1.37236				2
2025.06.27	00:31:00.178	1.37236				2
2025.06.27	00:31:04.188	1.37237				2
2025.06.27	00:31:04.497	1.37236				2
2025.06.27	00:31:08.198	1.37235				2
2025.06.27	00:31:08.587		1.37337			4
2025.06.27	00:31:15.678	1.37236				2
2025.06.27	00:31:22.475	1.37235				2
2025.06.27	00:31:23.965	1.37236				2
2025.06.27	00:31:27.975	1.37235				2
2025.06.27	00:31:57.110	1.37236				2
2025.06.27	00:32:00.765	1.37236				2
2025.06.27	00:32:08.641		1.37337			4
2025.06.27	00:32:38.202	1.37237				2
2025.06.27	00:33:01.367	1.37237				2
2025.06.27	00:33:02.023	1.37257				2
2025.06.27	00:33:05.790	1.37265				2
2025.06.27	00:33:06.466	1.37267				2
2025.06.27	00:33:09.165		1.37337			4
2025.06.27	00:33:36.755	1.37243	1.37353			6
2025.06.27	00:33:37.066	1.37240				2
2025.06.27	00:33:38.607	1.37247				2
2025.06.27	00:33:45.081		1.37337			4
2025.06.27	00:33:52.006	1.37241				2
2025.06.27	00:34:00.164	1.37241				2
2025.06.27	00:34:07.708	1.37263				2
2025.06.27	00:34:11.380	1.37258				2
2025.06.27	00:34:11.701	1.37266				2
2025.06.27	00:34:35.270	1.37267				2
2025.06.27	00:34:37.432	1.37266				2
2025.06.27	00:34:45.769		1.37337			4
2025.06.27	00:34:48.403	1.37268				2
2025.06.27	00:35:00.163	1.37268				2
2025.06.27	00:35:01.668		1.37353			4
2025.06.27	00:35:04.143	1.37269	1.37359			6
2025.06.27	00:35:09.337	1.37268	1.37353			6
2025.06.27	00:35:19.818	1.37269	1.37359			6
2025.06.27	00:35:21.038	1.37268	1.37356			6
2025.06.27	00:35:25.312		1.37358			4
2025.06.27	00:35:31.103	1.37269	1.37359			6
2025.06.27	00:35:38.116	1.37268	1.37353			6
2025.06.27	00:35:41.506		1.37357			4
2025.06.27	00:35:44.861		1.37353			4
2025.06.27	00:35:45.471		1.37358			4
2025.06.27	00:35:50.014	1.37269	1.37359			6
2025.06.27	00:36:00.091	1.37269				2
2025.06.27	00:36:02.550	1.37268	1.37357			6
2025.06.27	00:36:08.973		1.37353			4
2025.06.27	00:36:18.778		1.37354			4
2025.06.27	00:36:37.573		1.37355			4
2025.06.27	00:36:42.284		1.37357			4
2025.06.27	00:36:55.216	1.37266	1.37356			6
2025.06.27	00:37:00.144	1.37266				2
2025.06.27	00:37:02.601	1.37263	1.37353			6
2025.06.27	00:37:05.066	1.37264	1.37354			6
2025.06.27	00:37:05.373	1.37262	1.37353			6
2025.06.27	00:37:05.688	1.37244				2
2025.06.27	00:37:05.995	1.37245				2
2025.06.27	00:37:06.919	1.37243				2
2025.06.27	00:37:08.770	1.37248				2
2025.06.27	00:37:09.078	1.37249				2
2025.06.27	00:37:09.384	1.37251				2
2025.06.27	00:37:10.003	1.37250				2
2025.06.27	00:37:10.316		1.37337			4
2025.06.27	00:37:13.374	1.37251				2
2025.06.27	00:37:17.376	1.37253				2
2025.06.27	00:37:17.686	1.37264				2
2025.06.27	00:37:25.385	1.37263				2
2025.06.27	00:37:35.873	1.37264				2
2025.06.27	00:37:39.879	1.37256				2
2025.06.27	00:37:49.409	1.37255				2
2025.06.27	00:37:54.033	1.37256				2
2025.06.27	00:37:59.891	1.37252				2
2025.06.27	00:38:00.212	1.37252				2
2025.06.27	00:38:01.751	1.37254				2
2025.06.27	00:38:03.600	1.37253				2
2025.06.27	00:38:08.834	1.37254				2
2025.06.27	00:38:10.377		1.37336			4
2025.06.27	00:38:12.217	1.37250				2
2025.06.27	00:38:12.524	1.37242				2
2025.06.27	00:38:12.836	1.37255				2
2025.06.27	00:38:13.455	1.37251				2
2025.06.27	00:38:17.759	1.37253				2
2025.06.27	00:38:18.064	1.37252				2
2025.06.27	00:38:22.071	1.37243				2
2025.06.27	00:38:22.409	1.37258				2
2025.06.27	00:38:24.279	1.37257				2
2025.06.27	00:38:25.500	1.37247				2
2025.06.27	00:38:25.812	1.37257				2
2025.06.27	00:38:27.044	1.37256				2
2025.06.27	00:38:32.285	1.37251				2
2025.06.27	00:38:32.596	1.37250				2
2025.06.27	00:38:33.828	1.37247				2
2025.06.27	00:38:34.140	1.37256				2
2025.06.27	00:38:35.368	1.37243				2
2025.06.27	00:38:35.864	1.37245				2
2025.06.27	00:38:38.272	1.37246				2
2025.06.27	00:38:40.424	1.37252				2
2025.06.27	00:38:45.358	1.37243				2
2025.06.27	00:38:52.301	1.37247				2
2025.06.27	00:38:54.776	1.37252				2
2025.06.27	00:38:55.701	1.37250				2
2025.06.27	00:38:56.011	1.37251				2
2025.06.27	00:38:56.318	1.37239				2
2025.06.27	00:38:56.942	1.37252				2
2025.06.27	00:38:57.555	1.37245				2
2025.06.27	00:38:57.859	1.37252				2
2025.06.27	00:38:58.170	1.37247				2
2025.06.27	00:38:58.481	1.37246				2
2025.06.27	00:39:00.016	1.37252				2
2025.06.27	00:39:00.324	1.37247				2
2025.06.27	00:39:00.636	1.37252				2
2025.06.27	00:39:01.864		1.37335			4
2025.06.27	00:39:02.479	1.37247				2
2025.06.27	00:39:03.088	1.37248				2
2025.06.27	00:39:03.709	1.37256				2
2025.06.27	00:39:04.014	1.37255				2
2025.06.27	00:39:05.563	1.37256				2
2025.06.27	00:39:05.870	1.37237				2
2025.06.27	00:39:06.177	1.37248				2
2025.06.27	00:39:06.483	1.37256				2
2025.06.27	00:39:08.024	1.37252				2
2025.06.27	00:39:09.566	1.37254				2
2025.06.27	00:39:11.106	1.37245				2
2025.06.27	00:39:11.416	1.37249				2
2025.06.27	00:39:12.652	1.37255				2
2025.06.27	00:39:13.261	1.37254				2
2025.06.27	00:39:15.100	1.37255				2
2025.06.27	00:39:15.721	1.37244				2
2025.06.27	00:39:16.024	1.37248				2
2025.06.27	00:39:18.188	1.37250				2
2025.06.27	00:39:18.494	1.37245				2
2025.06.27	00:39:19.418	1.37247				2
2025.06.27	00:39:19.725	1.37244				2
2025.06.27	00:39:21.279	1.37252				2
2025.06.27	00:39:21.896	1.37250				2
2025.06.27	00:39:22.206	1.37254				2
2025.06.27	00:39:22.512	1.37246				2
2025.06.27	00:39:23.137	1.37244				2
2025.06.27	00:39:24.058	1.37246				2
2025.06.27	00:39:24.364	1.37247				2
2025.06.27	00:39:25.609	1.37244				2
2025.06.27	00:39:25.916	1.37257				2
2025.06.27	00:39:26.221	1.37240				2
2025.06.27	00:39:27.762	1.37250				2
2025.06.27	00:39:28.064	1.37256				2
2025.06.27	00:39:28.375	1.37246				2
2025.06.27	00:39:28.964	1.37239				2
2025.06.27	00:39:29.266	1.37243				2
2025.06.27	00:39:30.183	1.37251				2
2025.06.27	00:39:30.491	1.37254				2
2025.06.27	00:39:31.112	1.37256				2
2025.06.27	00:39:32.339	1.37257				2
2025.06.27	00:39:32.645	1.37256				2
2025.06.27	00:39:32.956	1.37246				2
2025.06.27	00:39:33.261	1.37248				2
2025.06.27	00:39:34.485	1.37245				2
2025.06.27	00:39:34.798	1.37256				2
2025.06.27	00:39:36.339	1.37258				2
2025.06.27	00:39:36.961	1.37251				2
2025.06.27	00:39:37.263	1.37257				2
2025.06.27	00:39:37.573	1.37254				2
2025.06.27	00:39:37.879	1.37258				2
2025.06.27	00:39:39.420	1.37256				2
2025.06.27	00:39:39.724	1.37257				2
2025.06.27	00:39:40.037	1.37255				2
2025.06.27	00:39:40.339	1.37259				2
2025.06.27	00:39:41.264	1.37252				2
2025.06.27	00:39:41.576	1.37259				2
2025.06.27	00:39:42.192	1.37258				2
2025.06.27	00:39:42.498	1.37261				2
2025.06.27	00:39:44.349	1.37254				2
2025.06.27	00:39:44.658	1.37256				2
2025.06.27	00:39:44.966	1.37250				2
2025.06.27	00:39:45.584	1.37256				2
2025.06.27	00:39:45.895	1.37250				2
2025.06.27	00:39:46.512	1.37257				2
2025.06.27	00:39:47.734	1.37256				2
2025.06.27	00:39:48.665	1.37248				2
2025.06.27	00:39:48.977	1.37253				2
2025.06.27	00:39:49.284	1.37258				2
2025.06.27	00:39:50.214	1.37248				2
2025.06.27	00:39:50.582	1.37250				2
2025.06.27	00:39:51.511	1.37259				2
2025.06.27	00:39:52.133	1.37248				2
2025.06.27	00:40:00.369	1.37248				2
2025.06.27	00:40:01.101	1.37255				2
2025.06.27	00:40:01.406	1.37252				2
2025.06.27	00:40:02.030		1.37335			4
2025.06.27	00:40:04.181	1.37251				2
2025.06.27	00:40:05.727	1.37253				2
2025.06.27	00:40:06.645	1.37249				2
2025.06.27	00:40:06.961	1.37258				2
2025.06.27	00:40:07.267	1.37253				2
2025.06.27	00:40:07.575	1.37255				2
2025.06.27	00:40:08.184	1.37257				2
2025.06.27	00:40:09.115	1.37256				2
2025.06.27	00:40:09.424	1.37252				2
2025.06.27	00:40:09.733	1.37257				2
2025.06.27	00:40:10.349	1.37254				2
2025.06.27	00:40:12.206	1.37250				2
2025.06.27	00:40:12.516	1.37255				2
2025.06.27	00:40:13.447	1.37256				2
2025.06.27	00:40:15.608	1.37251				2
2025.06.27	00:40:15.914	1.37256				2
2025.06.27	00:40:20.217	1.37244				2
2025.06.27	00:40:20.525	1.37253				2
2025.06.27	00:40:21.449	1.37255				2
2025.06.27	00:40:25.763	1.37245				2
2025.06.27	00:40:26.075	1.37250				2
2025.06.27	00:40:32.240	1.37245				2
2025.06.27	00:40:32.548	1.37253				2
2025.06.27	00:40:33.786	1.37252				2
2025.06.27	00:40:35.935	1.37248				2
2025.06.27	00:40:36.236	1.37253				2
2025.06.27	00:40:37.471	1.37252				2
2025.06.27	00:40:39.320	1.37249				2
2025.06.27	00:40:39.621	1.37250				2
2025.06.27	00:40:43.319	1.37254				2
2025.06.27	00:40:43.629	1.37252				2
2025.06.27	00:40:44.861	1.37251				2
2025.06.27	00:40:45.786	1.37248				2
2025.06.27	00:40:46.093	1.37255				2
2025.06.27	00:40:47.018	1.37256				2
2025.06.27	00:40:50.405	1.37253				2
2025.06.27	00:40:50.710	1.37247				2
2025.06.27	00:40:51.016	1.37255				2
2025.06.27	00:40:51.945	1.37252				2
2025.06.27	00:40:52.250	1.37254				2
2025.06.27	00:40:52.557	1.37237	1.37329			6
2025.06.27	00:40:53.482		1.37328			4
2025.06.27	00:40:54.096		1.37327			4
2025.06.27	00:40:54.713	1.37238	1.37329			6
2025.06.27	00:40:55.023	1.37237	1.37327			6
2025.06.27	00:40:56.255		1.37326			4
2025.06.27	00:40:56.878		1.37323			4
2025.06.27	00:40:58.418		1.37333			4
2025.06.27	00:40:58.720		1.37327			4
2025.06.27	00:41:00.242	1.37237				2
2025.06.27	00:41:00.551	1.37246	1.37326			6
2025.06.27	00:41:02.383		1.37335			4
2025.06.27	00:41:02.772		1.37328			4
2025.06.27	00:41:03.694		1.37329			4
2025.06.27	00:41:05.845		1.37335			4
2025.06.27	00:41:06.152		1.37333			4
2025.06.27	00:41:06.760		1.37335			4
2025.06.27	00:41:07.070		1.37334			4
2025.06.27	00:41:07.373		1.37328			4
2025.06.27	00:41:07.684		1.37322			4
2025.06.27	00:41:09.232		1.37326			4
2025.06.27	00:41:11.380		1.37323			4
2025.06.27	00:41:13.531		1.37324			4
2025.06.27	00:41:18.136		1.37323			4
2025.06.27	00:41:22.730		1.37330			4
2025.06.27	00:41:23.037		1.37329			4
2025.06.27	00:41:24.871		1.37327			4
2025.06.27	00:41:25.795		1.37328			4
2025.06.27	00:41:26.102		1.37327			4
2025.06.27	00:41:26.717		1.37326			4
2025.06.27	00:41:27.642		1.37328			4
2025.06.27	00:41:30.387		1.37329			4
2025.06.27	00:41:32.234		1.37327			4
2025.06.27	00:41:39.272		1.37326			4
2025.06.27	00:41:39.573		1.37324			4
2025.06.27	00:41:40.492		1.37327			4
2025.06.27	00:41:40.797		1.37328			4
2025.06.27	00:41:41.408		1.37327			4
2025.06.27	00:41:41.721		1.37328			4
2025.06.27	00:41:42.336		1.37327			4
2025.06.27	00:41:42.651		1.37326			4
2025.06.27	00:41:52.214		1.37328			4
2025.06.27	00:41:52.525		1.37327			4
2025.06.27	00:41:54.372		1.37325			4
2025.06.27	00:41:54.682		1.37326			4
2025.06.27	00:41:55.608		1.37325			4
2025.06.27	00:41:55.915		1.37326			4
2025.06.27	00:41:57.453		1.37324			4
2025.06.27	00:41:59.914		1.37323			4
2025.06.27	00:42:00.221	1.37246				2
2025.06.27	00:42:00.532	1.37245				2
2025.06.27	00:42:06.383		1.37322			4
2025.06.27	00:42:06.684		1.37324			4
2025.06.27	00:42:07.292		1.37323			4
2025.06.27	00:42:10.964		1.37322			4
2025.06.27	00:42:12.178		1.37323			4
2025.06.27	00:42:15.547		1.37325			4
2025.06.27	00:42:15.852		1.37334			4
2025.06.27	00:42:20.413		1.37331			4
2025.06.27	00:42:20.715		1.37330			4
2025.06.27	00:42:26.565		1.37331			4
2025.06.27	00:42:26.866		1.37325			4
2025.06.27	00:42:28.085		1.37320			4
2025.06.27	00:42:28.700		1.37321			4
2025.06.27	00:42:29.017		1.37323			4
2025.06.27	00:42:29.640		1.37325			4
2025.06.27	00:42:29.948		1.37328			4
2025.06.27	00:42:30.251		1.37324			4
2025.06.27	00:42:32.103		1.37332			4
2025.06.27	00:42:32.992		1.37325			4
2025.06.27	00:42:33.303		1.37332			4
2025.06.27	00:42:33.958		1.37326			4
2025.06.27	00:42:34.275		1.37327			4
2025.06.27	00:42:34.577		1.37331			4
2025.06.27	00:42:34.888		1.37326			4
2025.06.27	00:42:36.108		1.37332			4
2025.06.27	00:42:37.764	1.37248	1.37322			6
2025.06.27	00:42:38.068	1.37252	1.37346			6
2025.06.27	00:42:38.378		1.37335			4
2025.06.27	00:42:38.695		1.37336			4
2025.06.27	00:42:40.537	1.37251				2
2025.06.27	00:42:42.387	1.37247				2
2025.06.27	00:42:44.854	1.37249				2
2025.06.27	00:42:45.773	1.37251	1.37337			6
2025.06.27	00:42:47.012	1.37256	1.37346			6
2025.06.27	00:42:47.324		1.37344			4
2025.06.27	00:42:47.631		1.37345			4
2025.06.27	00:42:49.167	1.37255	1.37346			6
2025.06.27	00:42:50.417	1.37251	1.37343			6
2025.06.27	00:42:51.036	1.37254	1.37336			6
2025.06.27	00:42:51.343		1.37346			4
2025.06.27	00:42:51.651		1.37345			4
2025.06.27	00:42:51.960		1.37346			4
2025.06.27	00:42:52.268	1.37250				2
2025.06.27	00:42:52.884	1.37249				2
2025.06.27	00:42:53.819	1.37248				2
2025.06.27	00:42:54.124	1.37247	1.37345			6
2025.06.27	00:42:54.430		1.37346			4
2025.06.27	00:42:55.355		1.37342			4
2025.06.27	00:42:55.659		1.37336			4
2025.06.27	00:42:56.274	1.37248	1.37337			6
2025.06.27	00:42:56.580		1.37336			4
2025.06.27	00:42:57.508	1.37252	1.37337			6
2025.06.27	00:42:57.810	1.37249				2
2025.06.27	00:42:58.120	1.37252				2
2025.06.27	00:42:59.660		1.37338			4
2025.06.27	00:43:00.274	1.37252	1.37340			6
2025.06.27	00:43:00.591		1.37336			4
2025.06.27	00:43:05.521		1.37338			4
2025.06.27	00:43:05.827		1.37346			4
2025.06.27	00:43:06.134	1.37254	1.37340			6
2025.06.27	00:43:06.449		1.37339			4
2025.06.27	00:43:07.676	1.37253	1.37338			6
2025.06.27	00:43:07.983		1.37336			4
2025.06.27	00:43:10.450	1.37245	1.37337			6
2025.06.27	00:43:10.752		1.37330			4
2025.06.27	00:43:12.286		1.37333			4
2025.06.27	00:43:12.593		1.37335			4
2025.06.27	00:43:12.899		1.37333			4
2025.06.27	00:43:15.667		1.37325			4
2025.06.27	00:43:19.973		1.37324			4
2025.06.27	00:43:23.673		1.37323			4
2025.06.27	00:43:25.516		1.37332			4
2025.06.27	00:43:31.364		1.37330			4
2025.06.27	00:43:45.804		1.37327			4
2025.06.27	00:43:48.876		1.37325			4
2025.06.27	00:43:56.533		1.37327			4
2025.06.27	00:44:00.234	1.37245				2
2025.06.27	00:44:00.538		1.37333			4
2025.06.27	00:44:01.154		1.37331			4
2025.06.27	00:44:06.979		1.37333			4
2025.06.27	00:44:07.288		1.37326			4
2025.06.27	00:44:07.589	1.37246				2
2025.06.27	00:44:08.510		1.37331			4
2025.06.27	00:44:09.741		1.37327			4
2025.06.27	00:44:10.669		1.37326			4
2025.06.27	00:44:20.497		1.37327			4
2025.06.27	00:44:25.733		1.37325			4
2025.06.27	00:44:36.804		1.37324			4
2025.06.27	00:44:47.611		1.37326			4
2025.06.27	00:45:00.255	1.37246				2
2025.06.27	00:45:00.556		1.37327			4
2025.06.27	00:45:02.111	1.37230				2
2025.06.27	00:45:04.573	1.37246				2
2025.06.27	00:45:09.379	1.37261	1.37311			6
2025.06.27	00:45:11.216		1.37308			4
2025.06.27	00:45:25.683		1.37310			4
2025.06.27	00:45:28.152		1.37311			4
2025.06.27	00:45:30.920		1.37310			4
2025.06.27	00:45:32.778		1.37311			4
2025.06.27	00:45:33.394		1.37310			4
2025.06.27	00:45:33.705	1.37253				2
2025.06.27	00:45:35.557		1.37311			4
2025.06.27	00:45:36.172		1.37310			4
2025.06.27	00:45:36.478		1.37311			4
2025.06.27	00:45:37.714		1.37310			4
2025.06.27	00:45:38.334		1.37311			4
2025.06.27	00:45:38.635	1.37254	1.37312			6
2025.06.27	00:45:39.888	1.37253	1.37311			6
2025.06.27	00:45:40.499	1.37254	1.37312			6
2025.06.27	00:45:40.808	1.37253	1.37311			6
2025.06.27	00:45:41.117		1.37312			4
2025.06.27	00:45:41.427	1.37254				2
2025.06.27	00:45:42.354	1.37253	1.37316			6
2025.06.27	00:45:42.667	1.37254	1.37312			6
2025.06.27	00:45:43.589	1.37253	1.37311			6
2025.06.27	00:45:43.893	1.37255	1.37313			6
2025.06.27	00:45:44.516	1.37254	1.37312			6
2025.06.27	00:45:44.822		1.37314			4
2025.06.27	00:45:45.446	1.37253	1.37323			6
2025.06.27	00:45:47.907		1.37318			4
2025.06.27	00:45:53.482		1.37316			4
2025.06.27	00:45:53.790	1.37254				2
2025.06.27	00:45:54.713		1.37318			4
2025.06.27	00:45:55.022	1.37253				2
2025.06.27	00:46:00.263	1.37253				2
2025.06.27	00:46:00.572		1.37314			4
2025.06.27	00:46:00.876	1.37256	1.37313			6
2025.06.27	00:46:01.497	1.37257	1.37314			6
2025.06.27	00:46:01.802		1.37313			4
2025.06.27	00:46:03.647		1.37312			4
2025.06.27	00:46:04.271	1.37256	1.37314			6
2025.06.27	00:46:06.737		1.37313			4
2025.06.27	00:46:09.503		1.37312			4
2025.06.27	00:46:11.670		1.37314			4
2025.06.27	00:46:11.978		1.37312			4
2025.06.27	00:46:20.623		1.37310			4
2025.06.27	00:46:21.860		1.37313			4
2025.06.27	00:46:22.168	1.37258	1.37316			6
2025.06.27	00:46:23.091	1.37260				2
2025.06.27	00:46:23.402	1.37259				2
2025.06.27	00:46:26.485	1.37257	1.37315			6
2025.06.27	00:46:27.102	1.37256	1.37314			6
2025.06.27	00:46:27.720		1.37313			4
2025.06.27	00:46:31.108		1.37312			4
2025.06.27	00:46:31.734		1.37311			4
2025.06.27	00:46:36.047		1.37310			4
2025.06.27	00:46:41.301		1.37309			4
2025.06.27	00:46:41.618		1.37311			4
2025.06.27	00:46:41.924		1.37312			4
2025.06.27	00:46:42.230	1.37257	1.37313			6
2025.06.27	00:46:43.156	1.37256				2
2025.06.27	00:46:45.001	1.37257				2
2025.06.27	00:46:45.619	1.37256	1.37319			6
2025.06.27	00:46:45.939		1.37318			4
2025.06.27	00:46:46.245		1.37321			4
2025.06.27	00:46:46.552		1.37318			4
2025.06.27	00:46:52.114	1.37258	1.37312			6
2025.06.27	00:46:53.034		1.37315			4
2025.06.27	00:46:53.654	1.37256	1.37314			6
2025.06.27	00:46:55.815	1.37257	1.37315			6
2025.06.27	00:46:57.350	1.37256	1.37314			6
2025.06.27	00:47:00.129	1.37256				2
2025.06.27	00:47:00.444	1.37257	1.37315			6
2025.06.27	00:47:01.981	1.37256	1.37314			6
2025.06.27	00:47:02.290	1.37257	1.37315			6
2025.06.27	00:47:04.760	1.37258				2
2025.06.27	00:47:05.062	1.37259				2
2025.06.27	00:47:09.999		1.37314			4
2025.06.27	00:47:10.309		1.37315			4
2025.06.27	00:47:10.921		1.37318			4
2025.06.27	00:47:11.229		1.37317			4
2025.06.27	00:47:11.535	1.37258	1.37316			6
2025.06.27	00:47:14.011	1.37260				2
2025.06.27	00:47:18.027		1.37318			4
2025.06.27	00:47:18.957		1.37316			4
2025.06.27	00:47:19.571	1.37263	1.37317			6
2025.06.27	00:47:20.810		1.37316			4
2025.06.27	00:47:21.115		1.37315			4
2025.06.27	00:47:21.421		1.37316			4
2025.06.27	00:47:22.037		1.37312			4
2025.06.27	00:47:22.970		1.37322			4
2025.06.27	00:47:25.430	1.37270	1.37313			6
2025.06.27	00:47:26.053		1.37310			4
2025.06.27	00:47:26.364	1.37266	1.37311			6
2025.06.27	00:47:26.670	1.37268	1.37314			6
2025.06.27	00:47:27.903		1.37311			4
2025.06.27	00:47:28.210		1.37312			4
2025.06.27	00:47:30.053	1.37269				2
2025.06.27	00:47:30.362		1.37317			4
2025.06.27	00:47:40.523	1.37264				2
2025.06.27	00:47:46.060	1.37260				2
2025.06.27	00:47:46.370	1.37261	1.37319			6
2025.06.27	00:47:46.979		1.37318			4
2025.06.27	00:47:47.284		1.37319			4
2025.06.27	00:47:48.202	1.37264	1.37322			6
2025.06.27	00:47:48.509	1.37262	1.37320			6
2025.06.27	00:47:49.124	1.37261	1.37319			6
2025.06.27	00:47:50.676	1.37260	1.37317			6
2025.06.27	00:47:52.211	1.37261	1.37318			6
2025.06.27	00:47:54.055		1.37316			4
2025.06.27	00:47:54.682	1.37260	1.37318			6
2025.06.27	00:47:54.983	1.37261	1.37317			6
2025.06.27	00:47:55.289		1.37318			4
2025.06.27	00:47:55.599		1.37317			4
2025.06.27	00:47:55.910		1.37318			4
2025.06.27	00:48:00.220	1.37261				2
2025.06.27	00:48:00.835	1.37260				2
2025.06.27	00:48:03.929	1.37262	1.37316			6
2025.06.27	00:48:11.010	1.37265	1.37314			6
2025.06.27	00:48:19.935	1.37266				2
2025.06.27	00:48:20.542	1.37265				2
2025.06.27	00:48:20.853	1.37268				2
2025.06.27	00:48:21.156	1.37274				2
2025.06.27	00:48:21.464		1.37313			4
2025.06.27	00:48:21.768		1.37314			4
2025.06.27	00:48:22.388	1.37273				2
2025.06.27	00:48:34.077		1.37307			4
2025.06.27	00:48:35.313		1.37312			4
2025.06.27	00:48:35.617	1.37266	1.37314			6
2025.06.27	00:48:35.925	1.37260	1.37309			6
2025.06.27	00:48:36.241		1.37325			4
2025.06.27	00:48:40.551		1.37322			4
2025.06.27	00:48:41.784		1.37313			4
2025.06.27	00:48:44.557		1.37312			4
2025.06.27	00:48:45.183		1.37314			4
2025.06.27	00:48:51.024		1.37315			4
2025.06.27	00:48:51.643		1.37314			4
2025.06.27	00:48:51.946		1.37317			4
2025.06.27	00:48:52.256		1.37314			4
2025.06.27	00:48:54.094		1.37312			4
2025.06.27	00:49:00.264	1.37260				2
2025.06.27	00:49:01.194		1.37314			4
2025.06.27	00:49:03.042		1.37313			4
2025.06.27	00:49:05.812		1.37316			4
2025.06.27	00:49:09.517		1.37317			4
2025.06.27	00:49:10.437		1.37310			4
2025.06.27	00:49:11.981		1.37311			4
2025.06.27	00:49:30.466		1.37319			4
2025.06.27	00:49:30.771	1.37264	1.37314			6
2025.06.27	00:49:35.715		1.37324			4
2025.06.27	00:49:36.018		1.37315			4
2025.06.27	00:49:41.564		1.37317			4
2025.06.27	00:49:42.178		1.37318			4
2025.06.27	00:49:42.485		1.37316			4
2025.06.27	00:49:43.109		1.37317			4
2025.06.27	00:49:50.184		1.37315			4
2025.06.27	00:49:50.808		1.37314			4
2025.06.27	00:49:55.737		1.37320			4
2025.06.27	00:49:56.043		1.37314			4
2025.06.27	00:49:56.348		1.37322			4
2025.06.27	00:49:56.659		1.37321			4
2025.06.27	00:49:58.515		1.37320			4
2025.06.27	00:49:59.746		1.37318			4
2025.06.27	00:50:00.052	1.37264				2
2025.06.27	00:50:00.357		1.37322			4
2025.06.27	00:50:03.442		1.37321			4
2025.06.27	00:50:05.604		1.37323			4
2025.06.27	00:50:05.912		1.37315			4
2025.06.27	00:50:06.225		1.37318			4
2025.06.27	00:50:06.535		1.37317			4
2025.06.27	00:50:11.150		1.37315			4
2025.06.27	00:50:11.458		1.37316			4
2025.06.27	00:50:25.919	1.37260				2
2025.06.27	00:50:30.232		1.37318			4
2025.06.27	00:50:30.537		1.37316			4
2025.06.27	00:50:35.777		1.37320			4
2025.06.27	00:50:36.078		1.37319			4
2025.06.27	00:50:42.239		1.37318			4
2025.06.27	00:50:45.641		1.37322			4
2025.06.27	00:50:45.941		1.37323			4
2025.06.27	00:50:50.866		1.37320			4
2025.06.27	00:50:52.104		1.37322			4
2025.06.27	00:50:52.719		1.37320			4
2025.06.27	00:50:56.095		1.37319			4
2025.06.27	00:51:00.101	1.37260				2
2025.06.27	00:51:03.493		1.37316			4
2025.06.27	00:51:15.821		1.37319			4
2025.06.27	00:51:20.726	1.37265				2
2025.06.27	00:51:25.637		1.37322			4
2025.06.27	00:51:26.249		1.37320			4
2025.06.27	00:51:26.552		1.37319			4
2025.06.27	00:51:28.089		1.37320			4
2025.06.27	00:51:29.941		1.37326			4
2025.06.27	00:51:31.477	1.37266				2
2025.06.27	00:51:32.097	1.37265	1.37319			6
2025.06.27	00:51:33.636		1.37321			4
2025.06.27	00:51:34.558		1.37322			4
2025.06.27	00:51:35.793		1.37323			4
2025.06.27	00:51:36.110		1.37325			4
2025.06.27	00:51:37.026		1.37323			4
2025.06.27	00:51:42.280		1.37321			4
2025.06.27	00:51:43.504		1.37320			4
2025.06.27	00:51:49.667		1.37319			4
2025.06.27	00:51:50.884		1.37318			4
2025.06.27	00:51:52.408		1.37319			4
2025.06.27	00:51:58.268		1.37316			4
2025.06.27	00:52:00.116	1.37265				2
2025.06.27	00:52:10.308		1.37317			4
2025.06.27	00:52:22.012		1.37316			4
2025.06.27	00:52:22.317		1.37319			4
2025.06.27	00:52:25.706		1.37325			4
2025.06.27	00:52:26.325		1.37328			4
2025.06.27	00:52:27.249		1.37321			4
2025.06.27	00:52:27.551		1.37320			4
2025.06.27	00:52:29.410		1.37319			4
2025.06.27	00:52:35.880		1.37322			4
2025.06.27	00:52:36.191		1.37318			4
2025.06.27	00:52:55.600		1.37321			4
2025.06.27	00:52:57.759		1.37322			4
2025.06.27	00:52:58.075		1.37319			4
2025.06.27	00:52:58.693		1.37330			4
2025.06.27	00:52:58.997		1.37329			4
2025.06.27	00:53:00.231	1.37265	1.37327			6
2025.06.27	00:53:00.538		1.37321			4
2025.06.27	00:53:04.852		1.37320			4
2025.06.27	00:53:06.088		1.37317			4
2025.06.27	00:53:10.707	1.37260				2
2025.06.27	00:53:15.948		1.37328			4
2025.06.27	00:53:27.318		1.37326			4
2025.06.27	00:53:27.937		1.37318			4
2025.06.27	00:53:28.244		1.37330			4
2025.06.27	00:53:28.551		1.37316			4
2025.06.27	00:53:30.082		1.37323			4
2025.06.27	00:53:30.391		1.37322			4
2025.06.27	00:53:32.242		1.37320			4
2025.06.27	00:53:35.933		1.37319			4
2025.06.27	00:53:39.325		1.37322			4
2025.06.27	00:53:40.866		1.37321			4
2025.06.27	00:53:50.412		1.37316			4
2025.06.27	00:54:00.277	1.37260				2
2025.06.27	00:54:28.652		1.37322			4
2025.06.27	00:54:32.356		1.37316			4
2025.06.27	00:54:35.745		1.37325			4
2025.06.27	00:54:36.054		1.37322			4
2025.06.27	00:54:42.222		1.37319			4
2025.06.27	00:54:42.538		1.37315			4
2025.06.27	00:54:52.088		1.37323			4
2025.06.27	00:55:00.092	1.37260				2
2025.06.27	00:55:01.638		1.37321			4
2025.06.27	00:55:06.264		1.37319			4
2025.06.27	00:55:06.571	1.37256				2
2025.06.27	00:55:07.801	1.37252	1.37316			6
2025.06.27	00:55:08.419		1.37335			4
2025.06.27	00:55:09.044		1.37314			4
2025.06.27	00:55:09.352	1.37254	1.37315			6
2025.06.27	00:55:09.960	1.37252	1.37319			6
2025.06.27	00:55:10.277		1.37328			4
2025.06.27	00:55:12.130	1.37254				2
2025.06.27	00:55:13.976	1.37253				2
2025.06.27	00:55:14.597	1.37252				2
2025.06.27	00:55:14.902	1.37253	1.37335			6
2025.06.27	00:55:16.454	1.37261	1.37319			6
2025.06.27	00:55:19.222	1.37252	1.37335			6
2025.06.27	00:55:20.457	1.37256				2
2025.06.27	00:55:21.069	1.37252				2
2025.06.27	00:55:21.377	1.37256				2
2025.06.27	00:55:21.681	1.37260	1.37318			6
2025.06.27	00:55:22.300	1.37253	1.37317			6
2025.06.27	00:55:25.369	1.37252	1.37335			6
2025.06.27	00:55:25.678	1.37253				2
2025.06.27	00:55:25.983	1.37254				2
2025.06.27	00:55:26.604	1.37261	1.37319			6
2025.06.27	00:55:26.909	1.37263	1.37321			6
2025.06.27	00:55:27.217	1.37255	1.37335			6
2025.06.27	00:55:27.522	1.37253				2
2025.06.27	00:55:27.837	1.37254				2
2025.06.27	00:55:28.448	1.37256				2
2025.06.27	00:55:29.697	1.37253				2
2025.06.27	00:55:30.003		1.37331			4
2025.06.27	00:55:30.311		1.37332			4
2025.06.27	00:55:30.618	1.37262	1.37320			6
2025.06.27	00:55:30.933	1.37263	1.37321			6
2025.06.27	00:55:31.241	1.37252	1.37335			6
2025.06.27	00:55:31.544	1.37255	1.37329			6
2025.06.27	00:55:32.168	1.37257	1.37328			6
2025.06.27	00:55:32.474	1.37264	1.37322			6
2025.06.27	00:55:33.393	1.37259	1.37323			6
2025.06.27	00:55:33.704	1.37262	1.37320			6
2025.06.27	00:55:34.013	1.37258	1.37324			6
2025.06.27	00:55:34.319	1.37261	1.37319			6
2025.06.27	00:55:35.554	1.37260	1.37318			6
2025.06.27	00:55:38.941	1.37259				2
2025.06.27	00:55:39.554		1.37317			4
2025.06.27	00:55:41.089		1.37320			4
2025.06.27	00:55:41.705	1.37260	1.37318			6
2025.06.27	00:55:42.012	1.37252	1.37333			6
2025.06.27	00:55:42.935		1.37335			4
2025.06.27	00:55:43.240		1.37330			4
2025.06.27	00:55:44.471		1.37333			4
2025.06.27	00:55:44.785		1.37332			4
2025.06.27	00:55:52.477		1.37326			4
2025.06.27	00:55:54.018		1.37325			4
2025.06.27	00:55:54.330		1.37324			4
2025.06.27	00:55:56.486	1.37258	1.37319			6
2025.06.27	00:55:57.419	1.37259	1.37321			6
2025.06.27	00:55:57.723	1.37261	1.37319			6
2025.06.27	00:55:58.031	1.37260	1.37318			6
2025.06.27	00:55:58.964	1.37258	1.37320			6
2025.06.27	00:55:59.270	1.37259				2
2025.06.27	00:56:00.188	1.37259				2
2025.06.27	00:56:01.425	1.37275	1.37333			6
2025.06.27	00:56:01.732	1.37276	1.37334			6
2025.06.27	00:56:02.034	1.37273	1.37331			6
2025.06.27	00:56:02.353	1.37259	1.37317			6
2025.06.27	00:56:03.267	1.37252	1.37330			6
2025.06.27	00:56:03.887		1.37335			4
2025.06.27	00:56:07.613	1.37259				2
2025.06.27	00:56:07.922	1.37257				2
2025.06.27	00:56:08.850	1.37252				2
2025.06.27	00:56:09.157	1.37268	1.37326			6
2025.06.27	00:56:09.758	1.37254	1.37335			6
2025.06.27	00:56:10.063	1.37255	1.37332			6
2025.06.27	00:56:10.981	1.37252	1.37314			6
2025.06.27	00:56:11.293		1.37304			4
2025.06.27	00:56:11.596		1.37310			4
2025.06.27	00:56:11.902		1.37306			4
2025.06.27	00:56:12.203		1.37312			4
2025.06.27	00:56:13.119		1.37315			4
2025.06.27	00:56:13.428		1.37310			4
2025.06.27	00:56:13.735		1.37308			4
2025.06.27	00:56:17.446		1.37330			4
2025.06.27	00:56:17.759		1.37309			4
2025.06.27	00:56:18.066		1.37315			4
2025.06.27	00:56:18.674		1.37316			4
2025.06.27	00:56:18.976		1.37323			4
2025.06.27	00:56:19.595		1.37316			4
2025.06.27	00:56:19.899		1.37314			4
2025.06.27	00:56:21.134		1.37322			4
2025.06.27	00:56:21.440		1.37310			4
2025.06.27	00:56:22.969	1.37256	1.37322			6
2025.06.27	00:56:23.272		1.37319			4
2025.06.27	00:56:23.579	1.37258	1.37317			6
2025.06.27	00:56:24.810		1.37316			4
2025.06.27	00:56:25.125	1.37252				2
2025.06.27	00:56:26.677		1.37314			4
2025.06.27	00:56:29.441		1.37313			4
2025.06.27	00:56:32.498		1.37327			4
2025.06.27	00:56:33.412		1.37324			4
2025.06.27	00:56:38.329		1.37330			4
2025.06.27	00:56:38.943		1.37320			4
2025.06.27	00:56:39.549		1.37324			4
2025.06.27	00:56:42.613		1.37325			4
2025.06.27	00:56:43.223		1.37330			4
2025.06.27	00:56:43.535		1.37329			4
2025.06.27	00:56:45.683		1.37330			4
2025.06.27	00:56:48.450		1.37325			4
2025.06.27	00:56:48.755		1.37311			4
2025.06.27	00:56:49.064		1.37324			4
2025.06.27	00:56:49.688	1.37254	1.37312			6
2025.06.27	00:56:50.307	1.37255	1.37314			6
2025.06.27	00:56:50.613	1.37253	1.37319			6
2025.06.27	00:56:50.917	1.37255	1.37316			6
2025.06.27	00:56:51.229	1.37253	1.37317			6
2025.06.27	00:56:51.529		1.37316			4
2025.06.27	00:56:52.146	1.37252	1.37328			6
2025.06.27	00:56:52.456		1.37324			4
2025.06.27	00:56:53.069		1.37327			4
2025.06.27	00:56:53.676		1.37328			4
2025.06.27	00:56:53.980		1.37326			4
2025.06.27	00:56:54.284	1.37258	1.37316			6
2025.06.27	00:56:54.894	1.37260	1.37318			6
2025.06.27	00:56:55.203	1.37252	1.37316			6
2025.06.27	00:56:55.817		1.37313			4
2025.06.27	00:56:56.124		1.37310			4
2025.06.27	00:56:56.426		1.37309			4
2025.06.27	00:56:57.656		1.37308			4
2025.06.27	00:56:59.776		1.37309			4
2025.06.27	00:57:00.081	1.37252				2
2025.06.27	00:57:00.383		1.37308			4
2025.06.27	00:57:01.904		1.37317			4
2025.06.27	00:57:02.204		1.37305			4
2025.06.27	00:57:03.126		1.37318			4
2025.06.27	00:57:03.440		1.37313			4
2025.06.27	00:57:04.663		1.37314			4
2025.06.27	00:57:06.503		1.37311			4
2025.06.27	00:57:11.393		1.37312			4
2025.06.27	00:57:12.009		1.37326			4
2025.06.27	00:57:12.310		1.37321			4
2025.06.27	00:57:15.681		1.37320			4
2025.06.27	00:57:17.212		1.37319			4
2025.06.27	00:57:20.284		1.37318			4
2025.06.27	00:57:20.895		1.37320			4
2025.06.27	00:57:21.816		1.37318			4
2025.06.27	00:57:22.129		1.37319			4
2025.06.27	00:57:23.672		1.37324			4
2025.06.27	00:57:23.983		1.37309			4
2025.06.27	00:57:24.286		1.37321			4
2025.06.27	00:57:25.831		1.37309			4
2025.06.27	00:57:26.135		1.37315			4
2025.06.27	00:57:26.436		1.37309			4
2025.06.27	00:57:28.876		1.37323			4
2025.06.27	00:57:29.181		1.37320			4
2025.06.27	00:57:29.486		1.37319			4
2025.06.27	00:57:32.263		1.37328			4
2025.06.27	00:57:32.577		1.37325			4
2025.06.27	00:57:33.498		1.37324			4
2025.06.27	00:57:35.657		1.37328			4
2025.06.27	00:57:55.677		1.37326			4
2025.06.27	00:57:58.458		1.37328			4
2025.06.27	00:58:00.304	1.37252				2
2025.06.27	00:58:01.236	1.37257				2
2025.06.27	00:58:01.538	1.37252				2
2025.06.27	00:58:02.155		1.37332			4
2025.06.27	00:58:02.465	1.37258	1.37327			6
2025.06.27	00:58:02.774	1.37261	1.37324			6
2025.06.27	00:58:03.387	1.37260	1.37322			6
2025.06.27	00:58:03.690	1.37259	1.37324			6
2025.06.27	00:58:04.315	1.37253				2
2025.06.27	00:58:04.620	1.37259	1.37323			6
2025.06.27	00:58:07.384	1.37257	1.37324			6
2025.06.27	00:58:10.169		1.37323			4
2025.06.27	00:58:10.785	1.37252	1.37332			6
2025.06.27	00:58:11.710		1.37329			4
2025.06.27	00:58:12.012		1.37332			4
2025.06.27	00:58:14.785	1.37255				2
2025.06.27	00:58:15.091	1.37252				2
2025.06.27	00:58:15.402		1.37329			4
2025.06.27	00:58:16.017	1.37259	1.37332			6
2025.06.27	00:58:16.331	1.37256				2
2025.06.27	00:58:16.642	1.37260				2
2025.06.27	00:58:17.260	1.37252	1.37331			6
2025.06.27	00:58:18.796		1.37332			4
2025.06.27	00:58:42.205	1.37255	1.37323			6
2025.06.27	00:58:42.824	1.37252	1.37327			6
2025.06.27	00:58:43.134	1.37255	1.37319			6
2025.06.27	00:58:44.044	1.37254	1.37320			6
2025.06.27	00:58:52.049	1.37252	1.37332			6
2025.06.27	00:58:52.357	1.37255	1.37319			6
2025.06.27	00:58:53.884	1.37252	1.37332			6
2025.06.27	00:58:54.499	1.37255	1.37319			6
2025.06.27	00:58:55.724	1.37252	1.37332			6
2025.06.27	00:58:58.500		1.37330			4
2025.06.27	00:58:58.809		1.37332			4
2025.06.27	00:59:00.047	1.37252				2
2025.06.27	00:59:01.886		1.37330			4
2025.06.27	00:59:02.194		1.37332			4
2025.06.27	00:59:03.743		1.37328			4
2025.06.27	00:59:04.050		1.37332			4
2025.06.27	00:59:09.595	1.37254				2
2025.06.27	00:59:10.208	1.37252				2
2025.06.27	00:59:10.525	1.37254				2
2025.06.27	00:59:11.757	1.37257	1.37331			6
2025.06.27	00:59:12.057	1.37255	1.37332			6
2025.06.27	00:59:12.358	1.37253	1.37321			6
2025.06.27	00:59:12.668	1.37261	1.37319			6
2025.06.27	00:59:14.499		1.37321			4
2025.06.27	00:59:14.802	1.37257	1.37320			6
2025.06.27	00:59:15.711	1.37260	1.37322			6
2025.06.27	00:59:16.016	1.37256	1.37320			6
2025.06.27	00:59:16.623	1.37260	1.37323			6
2025.06.27	00:59:19.651	1.37267	1.37326			6
2025.06.27	00:59:19.965	1.37268	1.37327			6
2025.06.27	00:59:20.272	1.37266				2
2025.06.27	00:59:20.887	1.37267	1.37326			6
2025.06.27	00:59:22.413	1.37263	1.37323			6
2025.06.27	00:59:22.718	1.37260	1.37324			6
2025.06.27	00:59:23.949	1.37261	1.37323			6
2025.06.27	00:59:24.562	1.37254	1.37326			6
2025.06.27	00:59:24.867	1.37259	1.37323			6
2025.06.27	00:59:25.170	1.37264	1.37324			6
2025.06.27	00:59:25.785	1.37256	1.37329			6
2025.06.27	00:59:26.094	1.37254	1.37328			6
2025.06.27	00:59:26.395	1.37262	1.37322			6
2025.06.27	00:59:26.700	1.37260	1.37323			6
2025.06.27	00:59:28.237	1.37259				2
2025.06.27	00:59:28.847	1.37252	1.37329			6
2025.06.27	00:59:29.162	1.37258	1.37323			6
2025.06.27	00:59:29.466	1.37259	1.37320			6
2025.06.27	00:59:30.997	1.37253	1.37329			6
2025.06.27	00:59:31.302	1.37256	1.37321			6
2025.06.27	00:59:32.220	1.37251	1.37330			6
2025.06.27	00:59:34.678	1.37250				2
2025.06.27	00:59:34.981		1.37328			4
2025.06.27	00:59:36.526		1.37330			4
2025.06.27	00:59:36.840	1.37252	1.37331			6
2025.06.27	00:59:38.693	1.37250				2
2025.06.27	00:59:39.000	1.37249	1.37333			6
2025.06.27	00:59:39.301	1.37257	1.37339			6
2025.06.27	00:59:42.075		1.37324			4
2025.06.27	00:59:42.380	1.37256	1.37322			6
2025.06.27	00:59:42.693	1.37261	1.37325			6
2025.06.27	00:59:43.005	1.37265	1.37324			6
2025.06.27	00:59:43.925	1.37268	1.37326			6
2025.06.27	00:59:45.437	1.37254	1.37332			6
2025.06.27	00:59:45.742	1.37269	1.37327			6
2025.06.27	00:59:47.579	1.37268	1.37326			6
2025.06.27	00:59:47.880	1.37265				2
2025.06.27	00:59:50.930	1.37254	1.37328			6
2025.06.27	00:59:51.231	1.37259	1.37325			6
2025.06.27	00:59:51.536	1.37262	1.37326			6
2025.06.27	00:59:52.150	1.37248	1.37332			6
2025.06.27	00:59:52.463		1.37331			4
2025.06.27	00:59:53.075	1.37250	1.37334			6
2025.06.27	00:59:54.305	1.37252	1.37337			6
2025.06.27	00:59:54.628	1.37254	1.37334			6
2025.06.27	00:59:55.235	1.37253	1.37336			6
2025.06.27	00:59:58.627		1.37335			4
2025.06.27	00:59:58.935	1.37254	1.37337			6
2025.06.27	00:59:59.250	1.37252	1.37333			6
2025.06.27	00:59:59.551	1.37256	1.37338			6
2025.06.27	01:00:00.175	1.37275	1.37341			6
2025.06.27	01:00:00.482		1.37337			4
2025.06.27	01:00:00.782		1.37335			4
2025.06.27	01:00:01.090		1.37338			4
2025.06.27	01:00:01.397		1.37331			4
2025.06.27	01:00:01.699		1.37329			4
2025.06.27	01:00:02.001		1.37332			4
2025.06.27	01:00:02.306		1.37326			4
2025.06.27	01:00:02.612	1.37271	1.37323			6
2025.06.27	01:00:02.921	1.37265	1.37327			6
2025.06.27	01:00:03.231		1.37335			4
2025.06.27	01:00:03.537		1.37331			4
2025.06.27	01:00:03.845		1.37330			4
2025.06.27	01:00:04.159		1.37329			4
2025.06.27	01:00:05.390	1.37271	1.37324			6
2025.06.27	01:00:05.697		1.37323			4
2025.06.27	01:00:06.003		1.37324			4
2025.06.27	01:00:06.948		1.37325			4
2025.06.27	01:00:17.146		1.37321			4
2025.06.27	01:00:17.464		1.37323			4
2025.06.27	01:00:18.071		1.37321			4
2025.06.27	01:00:18.375		1.37320			4
2025.06.27	01:00:18.983		1.37316			4
2025.06.27	01:00:19.286		1.37319			4
2025.06.27	01:00:19.598		1.37317			4
2025.06.27	01:00:20.212		1.37314			4
2025.06.27	01:00:20.514		1.37317			4
2025.06.27	01:00:20.816		1.37315			4
2025.06.27	01:00:21.122		1.37317			4
2025.06.27	01:00:21.424		1.37314			4
2025.06.27	01:00:22.331		1.37310			4
2025.06.27	01:00:23.255		1.37313			4
2025.06.27	01:00:23.866		1.37312			4
2025.06.27	01:00:24.478		1.37311			4
2025.06.27	01:00:25.695		1.37312			4
2025.06.27	01:00:26.001		1.37310			4
2025.06.27	01:00:26.307		1.37311			4
2025.06.27	01:00:26.616		1.37315			4
2025.06.27	01:00:26.925		1.37314			4
2025.06.27	01:00:27.236		1.37311			4
2025.06.27	01:00:27.544		1.37310			4
2025.06.27	01:00:27.852		1.37308			4
2025.06.27	01:00:28.154		1.37310			4
2025.06.27	01:00:29.073		1.37312			4
2025.06.27	01:00:29.377		1.37311			4
2025.06.27	01:00:29.682		1.37309			4
2025.06.27	01:00:29.989		1.37310			4
2025.06.27	01:00:30.603		1.37311			4
2025.06.27	01:00:30.912		1.37312			4
2025.06.27	01:00:31.215		1.37309			4
2025.06.27	01:00:33.365		1.37308			4
2025.06.27	01:00:33.672		1.37309			4
2025.06.27	01:00:34.587		1.37307			4
2025.06.27	01:00:34.891		1.37310			4
2025.06.27	01:00:35.501	1.37277	1.37294			6
2025.06.27	01:00:35.803	1.37278				2
2025.06.27	01:00:36.106	1.37279	1.37286			6
2025.06.27	01:00:36.418		1.37285			4
2025.06.27	01:00:36.727		1.37292			4
2025.06.27	01:00:47.098	1.37277	1.37289			6
2025.06.27	01:00:47.712	1.37276				2
2025.06.27	01:00:51.378	1.37277				2
2025.06.27	01:00:51.687	1.37276				2
2025.06.27	01:00:54.759	1.37281				2
2025.06.27	01:00:58.398		1.37288			4
2025.06.27	01:00:58.699		1.37289			4
2025.06.27	01:01:00.233	1.37281	1.37282			6
2025.06.27	01:01:05.747	1.37279				2
2025.06.27	01:01:07.890	1.37280	1.37283			6
2025.06.27	01:01:10.337	1.37272	1.37275			6
2025.06.27	01:01:10.639	1.37267	1.37270			6
2025.06.27	01:01:11.256	1.37265	1.37268			6
2025.06.27	01:01:12.172	1.37260	1.37263			6
2025.06.27	01:01:12.478	1.37259	1.37262			6
2025.06.27	01:01:28.366	1.37260	1.37263			6
2025.06.27	01:01:31.110	1.37259	1.37262			6
2025.06.27	01:01:33.235	1.37257	1.37258			6
2025.06.27	01:01:33.545		1.37260			4
2025.06.27	01:01:34.158	1.37258	1.37261			6
2025.06.27	01:01:34.760	1.37257	1.37260			6
2025.06.27	01:01:35.371	1.37259	1.37261			6
2025.06.27	01:01:37.200		1.37260			4
2025.06.27	01:01:46.644		1.37261			4
2025.06.27	01:01:51.549		1.37260			4
2025.06.27	01:01:52.459		1.37261			4
2025.06.27	01:01:58.253		1.37262			4
2025.06.27	01:02:00.089	1.37259				2
2025.06.27	01:02:03.780	1.37262	1.37265			6
2025.06.27	01:02:09.927	1.37269	1.37272			6
2025.06.27	01:02:10.228	1.37270	1.37273			6
2025.06.27	01:02:12.372	1.37269	1.37272			6
2025.06.27	01:02:14.796	1.37270	1.37273			6
2025.06.27	01:02:27.259	1.37266	1.37269			6
2025.06.27	01:02:32.162	1.37267	1.37270			6
2025.06.27	01:02:32.466	1.37266	1.37269			6
2025.06.27	01:02:38.261	1.37264	1.37267			6
2025.06.27	01:02:38.568		1.37266			4
2025.06.27	01:02:43.131	1.37263				2
2025.06.27	01:02:44.343	1.37264				2
2025.06.27	01:02:53.224	1.37263				2
2025.06.27	01:02:54.452	1.37264				2
2025.06.27	01:02:59.041	1.37262	1.37265			6
2025.06.27	01:03:00.253	1.37262				2
2025.06.27	01:03:03.629	1.37263				2
2025.06.27	01:03:04.238	1.37262				2
2025.06.27	01:03:04.546	1.37263	1.37266			6
2025.06.27	01:03:08.840		1.37265			4
2025.06.27	01:03:12.216	1.37262				2
2025.06.27	01:03:13.125	1.37261	1.37264			6
2025.06.27	01:03:16.152	1.37262				2
2025.06.27	01:03:22.878	1.37261				2
2025.06.27	01:03:26.867	1.37260	1.37263			6
2025.06.27	01:03:27.173	1.37261	1.37264			6
2025.06.27	01:03:27.480	1.37263	1.37265			6
2025.06.27	01:03:29.640	1.37262				2
2025.06.27	01:03:32.084		1.37264			4
2025.06.27	01:03:33.298	1.37263				2
2025.06.27	01:03:38.449	1.37262				2
2025.06.27	01:03:40.566		1.37265			4
2025.06.27	01:03:42.106	1.37263	1.37264			6
2025.06.27	01:03:43.013		1.37265			4
2025.06.27	01:03:47.293		1.37264			4
2025.06.27	01:03:47.599		1.37265			4
2025.06.27	01:03:48.218		1.37264			4
2025.06.27	01:03:48.529		1.37265			4
2025.06.27	01:03:48.832		1.37264			4
2025.06.27	01:03:49.754		1.37265			4
2025.06.27	01:03:50.679		1.37266			4
2025.06.27	01:03:51.596	1.37267	1.37270			6
2025.06.27	01:03:52.511	1.37269	1.37272			6
2025.06.27	01:04:00.126	1.37269				2
2025.06.27	01:04:03.168	1.37271	1.37274			6
2025.06.27	01:04:06.226	1.37272	1.37275			6
2025.06.27	01:04:09.586	1.37271	1.37274			6
2025.06.27	01:04:14.159	1.37272	1.37275			6
2025.06.27	01:04:26.352	1.37273				2
2025.06.27	01:04:26.655	1.37272				2
2025.06.27	01:04:29.405	1.37273				2
2025.06.27	01:04:32.161	1.37272				2
2025.06.27	01:04:34.311	1.37268	1.37271			6
2025.06.27	01:04:41.036	1.37267	1.37270			6
2025.06.27	01:04:46.542	1.37268	1.37271			6
2025.06.27	01:04:51.114	1.37267	1.37270			6
2025.06.27	01:04:59.358	1.37269	1.37272			6
2025.06.27	01:05:00.276	1.37269				2
2025.06.27	01:05:01.802	1.37264	1.37265			6
2025.06.27	01:05:05.478	1.37269	1.37272			6
2025.06.27	01:05:07.007	1.37270	1.37273			6
2025.06.27	01:05:07.631	1.37271				2
2025.06.27	01:05:08.245	1.37270				2
2025.06.27	01:05:08.548	1.37271	1.37272			6
2025.06.27	01:05:13.125	1.37270				2
2025.06.27	01:05:13.432	1.37271				2
2025.06.27	01:05:14.050		1.37273			4
2025.06.27	01:05:14.360	1.37270				2
2025.06.27	01:05:15.581	1.37271				2
2025.06.27	01:05:22.027	1.37272				2
2025.06.27	01:05:25.092	1.37271				2
2025.06.27	01:05:44.163	1.37272				2
2025.06.27	01:05:46.320	1.37271				2
2025.06.27	01:05:47.250	1.37272				2
2025.06.27	01:05:47.557	1.37271				2
2025.06.27	01:05:55.255	1.37264	1.37265			6
2025.06.27	01:05:55.876	1.37263	1.37264			6
2025.06.27	01:05:58.668	1.37264	1.37265			6
2025.06.27	01:05:58.975	1.37263				2
2025.06.27	01:06:00.224	1.37263				2
2025.06.27	01:06:00.530		1.37264			4
2025.06.27	01:06:01.472		1.37265			4
2025.06.27	01:06:01.778		1.37264			4
2025.06.27	01:06:02.089	1.37262				2
2025.06.27	01:06:07.034	1.37261				2
2025.06.27	01:06:08.264	1.37259	1.37260			6
2025.06.27	01:06:08.567	1.37262	1.37263			6
2025.06.27	01:06:09.176	1.37261				2
2025.06.27	01:06:10.418	1.37262				2
2025.06.27	01:06:12.282	1.37260	1.37261			6
2025.06.27	01:06:19.371	1.37258	1.37259			6
2025.06.27	01:06:19.679	1.37260	1.37261			6
2025.06.27	01:06:20.605	1.37259				2
2025.06.27	01:06:20.918	1.37260				2
2025.06.27	01:06:38.228	1.37259				2
2025.06.27	01:06:41.317	1.37260				2
2025.06.27	01:06:43.174	1.37254	1.37257			6
2025.06.27	01:06:47.499	1.37260	1.37261			6
2025.06.27	01:07:00.116	1.37260				2
2025.06.27	01:07:02.265	1.37259				2
2025.06.27	01:07:29.369	1.37258				2
2025.06.27	01:07:30.288	1.37259				2
2025.06.27	01:07:30.600	1.37258				2
2025.06.27	01:07:38.335	1.37259				2
2025.06.27	01:07:39.877	1.37258				2
2025.06.27	01:07:40.190	1.37259				2
2025.06.27	01:07:47.618		1.37261			4
2025.06.27	01:07:59.353	1.37258				2
2025.06.27	01:08:00.291	1.37258				2
2025.06.27	01:08:01.527	1.37259				2
2025.06.27	01:08:03.692	1.37258				2
2025.06.27	01:08:12.033	1.37252	1.37255			6
2025.06.27	01:08:12.337	1.37257	1.37260			6
2025.06.27	01:08:22.253	1.37256	1.37259			6
2025.06.27	01:08:23.791	1.37257	1.37260			6
2025.06.27	01:08:33.087	1.37256	1.37259			6
2025.06.27	01:08:33.395	1.37257	1.37260			6
2025.06.27	01:08:33.703	1.37256	1.37259			6
2025.06.27	01:08:34.323	1.37258	1.37261			6
2025.06.27	01:08:37.106	1.37257	1.37260			6
2025.06.27	01:08:38.339	1.37256	1.37259			6
2025.06.27	01:08:38.645	1.37258	1.37261			6
2025.06.27	01:08:39.876	1.37255	1.37258			6
2025.06.27	01:08:40.787	1.37257	1.37260			6
2025.06.27	01:08:41.408	1.37258	1.37261			6
2025.06.27	01:08:42.324		1.37259			4
2025.06.27	01:08:43.251		1.37261			4
2025.06.27	01:08:44.170	1.37257	1.37258			6
2025.06.27	01:08:46.004	1.37256	1.37257			6
2025.06.27	01:08:50.304	1.37253	1.37254			6
2025.06.27	01:08:50.607	1.37252	1.37253			6
2025.06.27	01:08:51.539	1.37251	1.37252			6
2025.06.27	01:08:51.846	1.37250	1.37251			6
2025.06.27	01:08:53.085	1.37251	1.37252			6
2025.06.27	01:09:00.211	1.37251				2
2025.06.27	01:09:02.353	1.37250	1.37251			6
2025.06.27	01:09:09.168	1.37249	1.37250			6
2025.06.27	01:09:10.084	1.37250	1.37251			6
2025.06.27	01:09:20.622	1.37249	1.37250			6
2025.06.27	01:09:44.749	1.37250	1.37251			6
2025.06.27	01:09:45.677		1.37252			4
2025.06.27	01:09:45.981		1.37251			4
2025.06.27	01:09:51.234	1.37249	1.37250			6
2025.06.27	01:09:53.740	1.37250	1.37251			6
2025.06.27	01:09:54.046	1.37249	1.37250			6
2025.06.27	01:09:54.667	1.37250	1.37251			6
2025.06.27	01:09:59.914	1.37249	1.37250			6
2025.06.27	01:10:00.221	1.37249				2
2025.06.27	01:10:00.524		1.37251			4
2025.06.27	01:10:00.831	1.37252	1.37253			6
2025.06.27	01:10:01.138	1.37251	1.37252			6
2025.06.27	01:10:05.759	1.37250	1.37251			6
2025.06.27	01:10:08.218	1.37251	1.37252			6
2025.06.27	01:10:11.317	1.37250	1.37251			6
2025.06.27	01:10:12.246	1.37246	1.37249			6
2025.06.27	01:10:13.475	1.37245	1.37248			6
2025.06.27	01:10:13.782	1.37247	1.37250			6
2025.06.27	01:10:14.708	1.37245	1.37248			6
2025.06.27	01:10:16.546	1.37244	1.37247			6
2025.06.27	01:10:17.479		1.37245			4
2025.06.27	01:10:34.074	1.37248	1.37250			6
2025.06.27	01:10:34.694		1.37249			4
2025.06.27	01:10:45.142	1.37249	1.37250			6
2025.06.27	01:10:45.450	1.37250	1.37251			6
2025.06.27	01:10:45.766	1.37252	1.37253			6
2025.06.27	01:10:46.073		1.37254			4
2025.06.27	01:10:46.380		1.37255			4
2025.06.27	01:10:46.689	1.37253	1.37254			6
2025.06.27	01:10:47.001		1.37255			4
2025.06.27	01:10:48.841		1.37254			4
2025.06.27	01:10:52.842		1.37255			4
2025.06.27	01:10:53.768		1.37254			4
2025.06.27	01:10:55.952		1.37255			4
2025.06.27	01:10:59.660	1.37255	1.37256			6
2025.06.27	01:10:59.981	1.37256	1.37257			6
2025.06.27	01:11:00.304	1.37256				2
2025.06.27	01:11:01.227	1.37255	1.37256			6
2025.06.27	01:11:01.854		1.37257			4
2025.06.27	01:11:06.827		1.37256			4
2025.06.27	01:11:08.372	1.37256	1.37257			6
2025.06.27	01:11:09.303	1.37257	1.37258			6
2025.06.27	01:11:11.185	1.37256	1.37257			6
2025.06.27	01:11:11.809	1.37257	1.37258			6
2025.06.27	01:11:21.125	1.37256	1.37257			6
2025.06.27	01:11:22.352	1.37257	1.37258			6
2025.06.27	01:11:27.327	1.37256	1.37257			6
2025.06.27	01:11:31.964	1.37254	1.37256			6
2025.06.27	01:11:32.576		1.37255			4
2025.06.27	01:11:44.022	1.37256	1.37257			6
2025.06.27	01:11:53.628	1.37252	1.37253			6
2025.06.27	01:11:54.561	1.37253	1.37254			6
2025.06.27	01:11:57.348		1.37255			4
2025.06.27	01:12:00.132	1.37253				2
2025.06.27	01:12:01.370	1.37252				2
2025.06.27	01:12:02.939	1.37251	1.37254			6
2025.06.27	01:12:06.652	1.37250	1.37253			6
2025.06.27	01:12:11.905	1.37249	1.37250			6
2025.06.27	01:12:13.775		1.37251			4
2025.06.27	01:12:14.701		1.37252			4
2025.06.27	01:12:15.006		1.37251			4
2025.06.27	01:12:15.934		1.37250			4
2025.06.27	01:12:17.786	1.37251	1.37252			6
2025.06.27	01:12:50.234	1.37250	1.37251			6
2025.06.27	01:12:50.536	1.37251	1.37252			6
2025.06.27	01:12:54.566	1.37250	1.37251			6
2025.06.27	01:12:55.800	1.37251	1.37252			6
2025.06.27	01:12:56.107	1.37250	1.37251			6
2025.06.27	01:12:56.733	1.37251	1.37252			6
2025.06.27	01:12:57.049	1.37250	1.37251			6
2025.06.27	01:13:00.125	1.37250				2
2025.06.27	01:13:03.837	1.37251	1.37252			6
2025.06.27	01:13:04.456	1.37250	1.37251			6
2025.06.27	01:13:04.761	1.37251	1.37252			6
2025.06.27	01:13:06.929		1.37253			4
2025.06.27	01:13:10.019		1.37252			4
2025.06.27	01:13:11.552		1.37253			4
2025.06.27	01:13:14.046		1.37252			4
2025.06.27	01:13:14.359		1.37253			4
2025.06.27	01:13:14.976		1.37252			4
2025.06.27	01:13:37.192		1.37254			4
2025.06.27	01:13:38.422		1.37252			4
2025.06.27	01:13:47.398	1.37250				2
2025.06.27	01:13:50.502		1.37253			4
2025.06.27	01:13:50.821	1.37249	1.37252			6
2025.06.27	01:13:51.127	1.37250	1.37253			6
2025.06.27	01:13:51.437	1.37249	1.37252			6
2025.06.27	01:13:56.404	1.37250	1.37253			6
2025.06.27	01:13:56.716	1.37249	1.37252			6
2025.06.27	01:14:00.117	1.37249				2
2025.06.27	01:14:02.290	1.37250				2
2025.06.27	01:14:05.397		1.37253			4
2025.06.27	01:14:06.322		1.37252			4
2025.06.27	01:14:11.266		1.37251			4
2025.06.27	01:14:11.583		1.37252			4
2025.06.27	01:14:11.885		1.37251			4
2025.06.27	01:14:20.857		1.37252			4
2025.06.27	01:14:21.161		1.37253			4
2025.06.27	01:14:22.405		1.37252			4
2025.06.27	01:14:25.202		1.37251			4
2025.06.27	01:14:30.164		1.37252			4
2025.06.27	01:14:33.251		1.37253			4
2025.06.27	01:14:36.350		1.37252			4
2025.06.27	01:14:44.706		1.37253			4
2025.06.27	01:14:45.013		1.37251			4
2025.06.27	01:14:46.870		1.37252			4
2025.06.27	01:14:48.413		1.37251			4
2025.06.27	01:14:49.338		1.37252			4
2025.06.27	01:14:53.055		1.37253			4
2025.06.27	01:14:53.671	1.37251	1.37254			6
2025.06.27	01:14:54.604	1.37250	1.37252			6
2025.06.27	01:14:56.154		1.37253			4
2025.06.27	01:14:57.699		1.37252			4
2025.06.27	01:15:00.176	1.37250				2
2025.06.27	01:15:01.105		1.37253			4
2025.06.27	01:15:01.412		1.37252			4
2025.06.27	01:15:02.640		1.37253			4
2025.06.27	01:15:02.951		1.37252			4
2025.06.27	01:15:03.561		1.37253			4
2025.06.27	01:15:03.863		1.37252			4
2025.06.27	01:15:04.168		1.37253			4
2025.06.27	01:15:04.487		1.37252			4
2025.06.27	01:15:04.799		1.37253			4
2025.06.27	01:15:07.894	1.37251	1.37254			6
2025.06.27	01:15:08.508	1.37250	1.37253			6
2025.06.27	01:15:12.219	1.37251	1.37254			6
2025.06.27	01:15:14.078	1.37250	1.37253			6
2025.06.27	01:15:14.386	1.37251	1.37254			6
2025.06.27	01:15:15.318	1.37250	1.37253			6
2025.06.27	01:15:15.633	1.37251	1.37254			6
2025.06.27	01:15:15.939	1.37250	1.37253			6
2025.06.27	01:15:16.252	1.37251	1.37254			6
2025.06.27	01:15:17.192	1.37250	1.37253			6
2025.06.27	01:15:19.038	1.37252				2
2025.06.27	01:15:19.354		1.37254			4
2025.06.27	01:15:19.662		1.37255			4
2025.06.27	01:15:19.964		1.37254			4
2025.06.27	01:15:22.450		1.37255			4
2025.06.27	01:15:22.758		1.37254			4
2025.06.27	01:15:24.929		1.37255			4
2025.06.27	01:15:25.237		1.37254			4
2025.06.27	01:15:25.858		1.37255			4
2025.06.27	01:15:26.166		1.37254			4
2025.06.27	01:15:26.469		1.37255			4
2025.06.27	01:15:27.396		1.37254			4
2025.06.27	01:15:28.015		1.37255			4
2025.06.27	01:15:28.328		1.37254			4
2025.06.27	01:15:28.635		1.37255			4
2025.06.27	01:15:29.256		1.37254			4
2025.06.27	01:15:29.876		1.37255			4
2025.06.27	01:15:30.184		1.37254			4
2025.06.27	01:15:30.492		1.37255			4
2025.06.27	01:15:30.799		1.37254			4
2025.06.27	01:15:32.034	1.37254	1.37257			6
2025.06.27	01:15:32.963	1.37257	1.37259			6
2025.06.27	01:15:33.280	1.37258	1.37261			6
2025.06.27	01:15:33.583	1.37257	1.37260			6
2025.06.27	01:15:35.120	1.37258	1.37261			6
2025.06.27	01:15:36.353	1.37257	1.37260			6
2025.06.27	01:15:39.733		1.37259			4
2025.06.27	01:15:41.270		1.37260			4
2025.06.27	01:15:44.983		1.37259			4
2025.06.27	01:15:45.287		1.37260			4
2025.06.27	01:15:45.596		1.37259			4
2025.06.27	01:15:45.910	1.37258	1.37261			6
2025.06.27	01:15:48.070	1.37257	1.37260			6
2025.06.27	01:15:49.625		1.37259			4
2025.06.27	01:15:50.556	1.37258	1.37261			6
2025.06.27	01:15:55.535	1.37257	1.37260			6
2025.06.27	01:15:55.841	1.37258	1.37261			6
2025.06.27	01:15:58.001	1.37257	1.37260			6
2025.06.27	01:16:00.169	1.37257				2
2025.06.27	01:16:02.044	1.37259	1.37262			6
2025.06.27	01:16:02.349	1.37258	1.37261			6
2025.06.27	01:16:03.901	1.37257	1.37260			6
2025.06.27	01:16:04.511	1.37258	1.37261			6
2025.06.27	01:16:04.829	1.37257	1.37260			6
2025.06.27	01:16:05.758	1.37258	1.37261			6
2025.06.27	01:16:06.688	1.37259	1.37262			6
2025.06.27	01:16:09.467	1.37258	1.37261			6
2025.06.27	01:16:11.631	1.37259	1.37262			6
2025.06.27	01:16:11.937	1.37258	1.37261			6
2025.06.27	01:16:14.723	1.37257	1.37260			6
2025.06.27	01:16:15.347	1.37258	1.37261			6
2025.06.27	01:16:17.510	1.37257	1.37260			6
2025.06.27	01:16:18.119	1.37258	1.37261			6
2025.06.27	01:16:21.210		1.37260			4
2025.06.27	01:16:21.514		1.37261			4
2025.06.27	01:16:21.826		1.37260			4
2025.06.27	01:16:22.133		1.37261			4
2025.06.27	01:16:22.442		1.37260			4
2025.06.27	01:16:23.061		1.37261			4
2025.06.27	01:16:23.371		1.37260			4
2025.06.27	01:16:23.990		1.37261			4
2025.06.27	01:16:24.303		1.37260			4
2025.06.27	01:16:24.614		1.37261			4
2025.06.27	01:16:24.920		1.37260			4
2025.06.27	01:16:25.545		1.37261			4
2025.06.27	01:16:26.480		1.37260			4
2025.06.27	01:16:26.781		1.37261			4
2025.06.27	01:16:27.096		1.37260			4
2025.06.27	01:16:28.330		1.37261			4
2025.06.27	01:16:28.636		1.37260			4
2025.06.27	01:16:29.259		1.37261			4
2025.06.27	01:16:29.562		1.37260			4
2025.06.27	01:16:29.869		1.37261			4
2025.06.27	01:16:30.177	1.37264	1.37267			6
2025.06.27	01:16:30.483	1.37265	1.37268			6
2025.06.27	01:16:30.795	1.37263	1.37266			6
2025.06.27	01:16:31.099	1.37261	1.37264			6
2025.06.27	01:16:34.158	1.37262	1.37265			6
2025.06.27	01:16:34.778	1.37261	1.37264			6
2025.06.27	01:16:35.085	1.37262	1.37265			6
2025.06.27	01:16:35.403	1.37261	1.37264			6
2025.06.27	01:16:39.118	1.37255	1.37258			6
2025.06.27	01:16:40.362	1.37254	1.37259			6
2025.06.27	01:16:41.913	1.37253	1.37258			6
2025.06.27	01:16:42.227	1.37254	1.37259			6
2025.06.27	01:16:42.844	1.37253	1.37258			6
2025.06.27	01:16:43.157	1.37254	1.37259			6
2025.06.27	01:16:43.462	1.37253	1.37258			6
2025.06.27	01:16:44.075	1.37252	1.37257			6
2025.06.27	01:16:44.387	1.37251	1.37256			6
2025.06.27	01:16:45.622	1.37250	1.37255			6
2025.06.27	01:16:45.925	1.37251	1.37256			6
2025.06.27	01:16:46.838	1.37250	1.37255			6
2025.06.27	01:16:47.144	1.37251	1.37256			6
2025.06.27	01:16:48.068	1.37250	1.37255			6
2025.06.27	01:16:49.910	1.37249	1.37254			6
2025.06.27	01:16:50.216	1.37250	1.37255			6
2025.06.27	01:16:51.138	1.37249	1.37254			6
2025.06.27	01:16:52.365	1.37250	1.37255			6
2025.06.27	01:16:52.673	1.37249	1.37254			6
2025.06.27	01:16:53.902	1.37250	1.37255			6
2025.06.27	01:16:55.130	1.37249	1.37253			6
2025.06.27	01:16:55.438	1.37251	1.37255			6
2025.06.27	01:16:55.741	1.37250	1.37254			6
2025.06.27	01:16:56.975	1.37249	1.37253			6
2025.06.27	01:16:58.822	1.37250	1.37254			6
2025.06.27	01:16:59.434	1.37249	1.37253			6
2025.06.27	01:16:59.746	1.37250	1.37254			6
2025.06.27	01:17:00.054	1.37249	1.37253			6
2025.06.27	01:17:00.361	1.37250	1.37254			6
2025.06.27	01:17:02.200	1.37249	1.37253			6
2025.06.27	01:17:02.821	1.37251	1.37255			6
2025.06.27	01:17:03.125	1.37250	1.37254			6
2025.06.27	01:17:03.738	1.37251	1.37255			6
2025.06.27	01:17:04.054	1.37250	1.37254			6
2025.06.27	01:17:04.360	1.37251	1.37255			6
2025.06.27	01:17:04.667	1.37250	1.37254			6
2025.06.27	01:17:06.841	1.37249	1.37253			6
2025.06.27	01:17:07.153	1.37250	1.37254			6
2025.06.27	01:17:07.778	1.37251	1.37255			6
2025.06.27	01:17:11.164	1.37252	1.37256			6
2025.06.27	01:17:13.952	1.37250	1.37254			6
2025.06.27	01:17:16.113	1.37252	1.37256			6
2025.06.27	01:17:16.420	1.37251	1.37255			6
2025.06.27	01:17:16.735	1.37250	1.37254			6
2025.06.27	01:17:17.356	1.37251				2
2025.06.27	01:17:17.976	1.37250	1.37253			6
2025.06.27	01:17:20.144	1.37251	1.37254			6
2025.06.27	01:17:20.449	1.37250	1.37253			6
2025.06.27	01:17:21.375	1.37251	1.37254			6
2025.06.27	01:17:22.002	1.37250	1.37253			6
2025.06.27	01:17:23.863	1.37251	1.37254			6
2025.06.27	01:17:24.164	1.37250	1.37253			6
2025.06.27	01:17:24.468	1.37251	1.37254			6
2025.06.27	01:17:25.713	1.37250	1.37253			6
2025.06.27	01:17:26.026	1.37251	1.37254			6
2025.06.27	01:17:26.649	1.37250	1.37253			6
2025.06.27	01:17:29.440	1.37251	1.37254			6
2025.06.27	01:17:30.054	1.37250	1.37252			6
2025.06.27	01:17:30.368		1.37253			4
2025.06.27	01:17:30.676		1.37252			4
2025.06.27	01:17:30.982	1.37251	1.37254			6
2025.06.27	01:17:31.287	1.37250	1.37253			6
2025.06.27	01:17:33.458	1.37251	1.37254			6
2025.06.27	01:17:34.391	1.37250	1.37253			6
2025.06.27	01:17:34.697	1.37251	1.37254			6
2025.06.27	01:17:35.000	1.37250	1.37253			6
2025.06.27	01:17:35.935	1.37251	1.37254			6
2025.06.27	01:17:36.253	1.37250	1.37253			6
2025.06.27	01:17:36.555	1.37251	1.37254			6
2025.06.27	01:17:36.863	1.37252	1.37255			6
2025.06.27	01:17:37.178	1.37251	1.37254			6
2025.06.27	01:17:37.483	1.37252	1.37255			6
2025.06.27	01:17:39.644	1.37251	1.37254			6
2025.06.27	01:17:40.261	1.37253	1.37256			6
2025.06.27	01:17:40.568	1.37254	1.37257			6
2025.06.27	01:17:40.875	1.37255				2
2025.06.27	01:17:41.179	1.37256	1.37259			6
2025.06.27	01:17:41.797	1.37254	1.37257			6
2025.06.27	01:17:42.100	1.37250	1.37253			6
2025.06.27	01:17:42.409		1.37256			4
2025.06.27	01:17:43.034		1.37255			4
2025.06.27	01:17:43.353		1.37256			4
2025.06.27	01:17:43.655		1.37255			4
2025.06.27	01:17:54.797		1.37254			4
2025.06.27	01:17:56.035	1.37253	1.37257			6
2025.06.27	01:17:56.345	1.37252	1.37256			6
2025.06.27	01:17:56.657	1.37253	1.37257			6
2025.06.27	01:17:57.584	1.37252				2
2025.06.27	01:17:58.213	1.37253				2
2025.06.27	01:17:58.825		1.37258			4
2025.06.27	01:17:59.146		1.37257			4
2025.06.27	01:18:00.072	1.37253	1.37258			6
2025.06.27	01:18:01.618	1.37251	1.37256			6
2025.06.27	01:18:01.926	1.37250	1.37255			6
2025.06.27	01:18:03.165		1.37256			4
2025.06.27	01:18:04.404		1.37255			4
2025.06.27	01:18:10.287	1.37251	1.37256			6
2025.06.27	01:18:10.603	1.37250	1.37255			6
2025.06.27	01:18:11.227	1.37251				2
2025.06.27	01:18:12.154	1.37252	1.37256			6
2025.06.27	01:18:12.465	1.37251	1.37255			6
2025.06.27	01:18:12.771	1.37252	1.37256			6
2025.06.27	01:18:13.085	1.37251	1.37255			6
2025.06.27	01:18:13.394	1.37252	1.37256			6
2025.06.27	01:18:13.707	1.37251	1.37255			6
2025.06.27	01:18:16.492	1.37250	1.37254			6
2025.06.27	01:18:16.796	1.37251	1.37255			6
2025.06.27	01:18:18.030	1.37250	1.37254			6
2025.06.27	01:18:20.512	1.37251	1.37255			6
2025.06.27	01:18:22.993	1.37250	1.37254			6
2025.06.27	01:18:23.305	1.37251	1.37255			6
2025.06.27	01:18:24.229		1.37254			4
2025.06.27	01:18:25.143	1.37250	1.37253			6
2025.06.27	01:18:26.364	1.37251	1.37254			6
2025.06.27	01:18:29.694	1.37252	1.37255			6
2025.06.27	01:18:29.997	1.37251	1.37254			6
2025.06.27	01:18:35.216		1.37253			4
2025.06.27	01:18:36.742		1.37254			4
2025.06.27	01:18:37.664	1.37253	1.37255			6
2025.06.27	01:18:38.271	1.37252				2
2025.06.27	01:18:39.484	1.37253				2
2025.06.27	01:18:40.705		1.37254			4
2025.06.27	01:18:41.009		1.37255			4
2025.06.27	01:18:41.927	1.37251	1.37254			6
2025.06.27	01:18:44.980	1.37252	1.37255			6
2025.06.27	01:18:45.585	1.37251	1.37254			6
2025.06.27	01:18:46.504	1.37252	1.37255			6
2025.06.27	01:18:50.799	1.37251	1.37254			6
2025.06.27	01:18:56.068	1.37252	1.37255			6
2025.06.27	01:18:59.474	1.37251	1.37254			6
2025.06.27	01:19:00.096	1.37251				2
2025.06.27	01:19:00.407	1.37252	1.37255			6
2025.06.27	01:19:00.710	1.37251	1.37254			6
2025.06.27	01:19:01.033		1.37253			4
2025.06.27	01:19:04.429		1.37254			4
2025.06.27	01:19:04.741	1.37252	1.37255			6
2025.06.27	01:19:05.050	1.37251	1.37254			6
2025.06.27	01:19:05.354	1.37252	1.37255			6
2025.06.27	01:19:05.670	1.37251	1.37254			6
2025.06.27	01:19:05.976	1.37252	1.37255			6
2025.06.27	01:19:07.213	1.37251	1.37254			6
2025.06.27	01:19:07.528	1.37252	1.37255			6
2025.06.27	01:19:07.832	1.37251	1.37254			6
2025.06.27	01:19:12.466	1.37252	1.37255			6
2025.06.27	01:19:14.639	1.37251	1.37254			6
2025.06.27	01:19:14.957	1.37252	1.37255			6
2025.06.27	01:19:15.259	1.37251	1.37254			6
2025.06.27	01:19:15.565	1.37252	1.37255			6
2025.06.27	01:19:15.880	1.37251	1.37254			6
2025.06.27	01:19:16.188	1.37252	1.37255			6
2025.06.27	01:19:16.495	1.37251	1.37254			6
2025.06.27	01:19:20.525	1.37252	1.37255			6
2025.06.27	01:19:21.438	1.37251	1.37254			6
2025.06.27	01:19:21.739	1.37252	1.37255			6
2025.06.27	01:19:23.594	1.37251	1.37254			6
2025.06.27	01:19:24.209	1.37252	1.37255			6
2025.06.27	01:19:26.077	1.37251	1.37254			6
2025.06.27	01:19:27.310	1.37252	1.37255			6
2025.06.27	01:19:27.622	1.37251	1.37254			6
2025.06.27	01:19:28.867	1.37252	1.37255			6
2025.06.27	01:19:29.170	1.37251	1.37254			6
2025.06.27	01:19:29.791	1.37252	1.37255			6
2025.06.27	01:19:31.650	1.37251	1.37254			6
2025.06.27	01:19:32.579	1.37252	1.37255			6
2025.06.27	01:19:36.300	1.37251	1.37254			6
2025.06.27	01:19:37.231	1.37252	1.37255			6
2025.06.27	01:19:37.546	1.37251	1.37254			6
2025.06.27	01:19:39.102	1.37252	1.37255			6
2025.06.27	01:19:39.727	1.37251	1.37254			6
2025.06.27	01:19:40.032	1.37252	1.37255			6
2025.06.27	01:19:40.340	1.37251	1.37254			6
2025.06.27	01:19:40.655	1.37252	1.37255			6
2025.06.27	01:19:41.281	1.37251	1.37254			6
2025.06.27	01:19:41.587	1.37252	1.37255			6
2025.06.27	01:19:49.950	1.37251	1.37254			6
2025.06.27	01:19:50.251	1.37252	1.37255			6
2025.06.27	01:19:50.557	1.37251	1.37254			6
2025.06.27	01:19:50.864	1.37252	1.37255			6
2025.06.27	01:19:51.178	1.37251	1.37254			6
2025.06.27	01:19:51.796	1.37252	1.37255			6
2025.06.27	01:19:52.111	1.37251	1.37254			6
2025.06.27	01:19:52.414	1.37252	1.37255			6
2025.06.27	01:19:52.723	1.37251	1.37254			6
2025.06.27	01:19:53.039	1.37252	1.37255			6
2025.06.27	01:19:53.655	1.37250	1.37253			6
2025.06.27	01:19:53.970	1.37251	1.37254			6
2025.06.27	01:19:54.278	1.37252	1.37255			6
2025.06.27	01:19:57.993	1.37251	1.37254			6
2025.06.27	01:19:59.239	1.37252	1.37255			6
2025.06.27	01:19:59.853	1.37251	1.37254			6
2025.06.27	01:20:00.169	1.37250	1.37253			6
2025.06.27	01:20:00.476	1.37251	1.37254			6
2025.06.27	01:20:00.783	1.37252	1.37255			6
2025.06.27	01:20:01.103	1.37251	1.37254			6
2025.06.27	01:20:02.340	1.37252	1.37255			6
2025.06.27	01:20:02.647	1.37251	1.37254			6
2025.06.27	01:20:04.194	1.37250	1.37253			6
2025.06.27	01:20:04.501		1.37252			4
2025.06.27	01:20:05.125		1.37253			4
2025.06.27	01:20:05.430		1.37252			4
2025.06.27	01:20:06.360		1.37253			4
2025.06.27	01:20:06.661		1.37252			4
2025.06.27	01:20:07.276		1.37253			4
2025.06.27	01:20:07.891		1.37252			4
2025.06.27	01:20:08.493		1.37253			4
2025.06.27	01:20:09.118		1.37252			4
2025.06.27	01:20:09.423		1.37253			4
2025.06.27	01:20:12.535		1.37252			4
2025.06.27	01:20:12.848	1.37248	1.37251			6
2025.06.27	01:20:13.155	1.37243	1.37245			6
2025.06.27	01:20:14.395		1.37246			4
2025.06.27	01:20:18.134	1.37244				2
2025.06.27	01:20:18.758		1.37245			4
2025.06.27	01:20:19.697		1.37246			4
2025.06.27	01:20:23.410	1.37245				2
2025.06.27	01:20:23.718	1.37244				2
2025.06.27	01:20:24.041	1.37245				2
2025.06.27	01:20:26.809	1.37244	1.37245			6
2025.06.27	01:20:27.117		1.37246			4
2025.06.27	01:20:27.739		1.37245			4
2025.06.27	01:20:28.040		1.37246			4
2025.06.27	01:20:28.349		1.37245			4
2025.06.27	01:20:28.665		1.37246			4
2025.06.27	01:20:30.207		1.37245			4
2025.06.27	01:20:30.524		1.37246			4
2025.06.27	01:20:30.828		1.37245			4
2025.06.27	01:20:31.134		1.37246			4
2025.06.27	01:20:31.440		1.37245			4
2025.06.27	01:20:31.760		1.37246			4
2025.06.27	01:20:32.071		1.37245			4
2025.06.27	01:20:32.379		1.37246			4
2025.06.27	01:20:36.084		1.37245			4
2025.06.27	01:20:49.087		1.37246			4
2025.06.27	01:20:49.394		1.37245			4
2025.06.27	01:20:49.704		1.37246			4
2025.06.27	01:20:55.273	1.37241	1.37243			6
2025.06.27	01:20:55.898		1.37244			4
2025.06.27	01:20:56.202		1.37243			4
2025.06.27	01:20:56.515	1.37242	1.37245			6
2025.06.27	01:20:57.439	1.37244	1.37247			6
2025.06.27	01:20:57.743	1.37243	1.37246			6
2025.06.27	01:20:58.049	1.37244	1.37247			6
2025.06.27	01:20:58.364	1.37243	1.37246			6
2025.06.27	01:20:58.671	1.37244	1.37247			6
2025.06.27	01:20:58.976	1.37243	1.37246			6
2025.06.27	01:20:59.291	1.37244	1.37247			6
2025.06.27	01:20:59.908	1.37243	1.37246			6
2025.06.27	01:21:00.225	1.37244				2
2025.06.27	01:21:00.531	1.37243				2
2025.06.27	01:21:01.456	1.37244	1.37247			6
2025.06.27	01:21:01.768	1.37243	1.37246			6
2025.06.27	01:21:02.997	1.37244	1.37247			6
2025.06.27	01:21:03.618	1.37243	1.37246			6
2025.06.27	01:21:03.929		1.37245			4
2025.06.27	01:21:04.242		1.37244			4
2025.06.27	01:21:04.853		1.37245			4
2025.06.27	01:21:05.477		1.37246			4
2025.06.27	01:21:05.785		1.37245			4
2025.06.27	01:21:06.101		1.37246			4
2025.06.27	01:21:06.716		1.37245			4
2025.06.27	01:21:07.024		1.37246			4
2025.06.27	01:21:07.342		1.37245			4
2025.06.27	01:21:07.646		1.37244			4
2025.06.27	01:21:14.768	1.37241	1.37242			6
2025.06.27	01:21:15.069	1.37240	1.37243			6
2025.06.27	01:21:16.003	1.37241	1.37244			6
2025.06.27	01:21:16.619	1.37240	1.37243			6
2025.06.27	01:21:17.546	1.37241	1.37244			6
2025.06.27	01:21:22.505	1.37242	1.37245			6
2025.06.27	01:21:22.810	1.37241	1.37244			6
2025.06.27	01:21:23.115	1.37242	1.37245			6
2025.06.27	01:21:23.430	1.37241	1.37244			6
2025.06.27	01:21:27.137	1.37240	1.37242			6
2025.06.27	01:21:29.934		1.37241			4
2025.06.27	01:21:42.866		1.37242			4
2025.06.27	01:21:44.095	1.37243	1.37244			6
2025.06.27	01:21:51.476	1.37242	1.37243			6
2025.06.27	01:21:52.084		1.37244			4
2025.06.27	01:21:52.388	1.37241	1.37243			6
2025.06.27	01:21:52.707		1.37244			4
2025.06.27	01:21:53.012		1.37243			4
2025.06.27	01:21:53.318		1.37244			4
2025.06.27	01:21:53.622	1.37243				2
2025.06.27	01:21:54.231	1.37241	1.37243			6
2025.06.27	01:21:54.854		1.37242			4
2025.06.27	01:21:55.159		1.37243			4
2025.06.27	01:21:55.465		1.37242			4
2025.06.27	01:21:55.779		1.37243			4
2025.06.27	01:21:56.387		1.37242			4
2025.06.27	01:21:56.693		1.37243			4
2025.06.27	01:21:56.997		1.37242			4
2025.06.27	01:21:57.303		1.37243			4
2025.06.27	01:21:59.767		1.37242			4
2025.06.27	01:22:00.072	1.37241				2
2025.06.27	01:22:01.918		1.37243			4
2025.06.27	01:22:02.231		1.37242			4
2025.06.27	01:22:02.537		1.37243			4
2025.06.27	01:22:02.848		1.37244			4
2025.06.27	01:22:03.770		1.37243			4
2025.06.27	01:22:07.783		1.37242			4
2025.06.27	01:22:08.397	1.37244	1.37245			6
2025.06.27	01:22:08.716	1.37243	1.37244			6
2025.06.27	01:22:09.330	1.37244	1.37245			6
2025.06.27	01:22:29.004	1.37245	1.37246			6
2025.06.27	01:22:29.617	1.37244	1.37245			6
2025.06.27	01:22:30.845	1.37245	1.37246			6
2025.06.27	01:22:32.074	1.37244	1.37245			6
2025.06.27	01:22:43.159		1.37246			4
2025.06.27	01:22:43.475		1.37245			4
2025.06.27	01:22:44.401		1.37246			4
2025.06.27	01:22:44.706		1.37245			4
2025.06.27	01:22:53.942	1.37245	1.37247			6
2025.06.27	01:22:54.246		1.37246			4
2025.06.27	01:22:54.552		1.37247			4
2025.06.27	01:22:54.855		1.37246			4
2025.06.27	01:22:55.158		1.37247			4
2025.06.27	01:22:55.463		1.37246			4
2025.06.27	01:22:56.085		1.37247			4
2025.06.27	01:22:56.393		1.37246			4
2025.06.27	01:22:56.696		1.37247			4
2025.06.27	01:22:57.012		1.37246			4
2025.06.27	01:22:57.929		1.37247			4
2025.06.27	01:22:58.242		1.37246			4
2025.06.27	01:22:59.476		1.37247			4
2025.06.27	01:23:00.092	1.37245				2
2025.06.27	01:23:00.411		1.37246			4
2025.06.27	01:23:02.857		1.37247			4
2025.06.27	01:23:03.479		1.37246			4
2025.06.27	01:23:03.783		1.37247			4
2025.06.27	01:23:04.089		1.37246			4
2025.06.27	01:23:04.698		1.37247			4
2025.06.27	01:23:05.003	1.37250	1.37251			6
2025.06.27	01:23:22.627		1.37252			4
2025.06.27	01:23:27.596	1.37249				2
2025.06.27	01:23:28.218		1.37251			4
2025.06.27	01:23:29.771		1.37252			4
2025.06.27	01:23:31.005		1.37251			4
2025.06.27	01:23:36.582	1.37251	1.37252			6
2025.06.27	01:23:37.524		1.37253			4
2025.06.27	01:23:37.829		1.37252			4
2025.06.27	01:23:38.137		1.37253			4
2025.06.27	01:23:41.564		1.37252			4
2025.06.27	01:23:41.872		1.37253			4
2025.06.27	01:23:42.797	1.37250	1.37252			6
2025.06.27	01:23:43.114		1.37253			4
2025.06.27	01:23:46.829		1.37252			4
2025.06.27	01:23:47.135	1.37253	1.37254			6
2025.06.27	01:23:54.885	1.37252	1.37253			6
2025.06.27	01:24:00.177	1.37252				2
2025.06.27	01:24:03.284	1.37251	1.37252			6
2025.06.27	01:24:03.590	1.37256	1.37258			6
2025.06.27	01:24:05.141		1.37260			4
2025.06.27	01:24:05.449	1.37253	1.37261			6
2025.06.27	01:24:07.305		1.37260			4
2025.06.27	01:24:09.772	1.37254	1.37261			6
2025.06.27	01:24:10.388		1.37260			4
2025.06.27	01:24:10.694	1.37255				2
2025.06.27	01:24:15.305		1.37259			4
2025.06.27	01:24:26.387		1.37258			4
2025.06.27	01:24:31.621	1.37256	1.37259			6
2025.06.27	01:24:41.504	1.37255	1.37258			6
2025.06.27	01:24:46.738	1.37256	1.37259			6
2025.06.27	01:24:47.656	1.37255	1.37258			6
2025.06.27	01:24:47.970	1.37256	1.37259			6
2025.06.27	01:24:51.990	1.37255	1.37258			6
2025.06.27	01:24:52.598	1.37256	1.37259			6
2025.06.27	01:24:52.905	1.37257	1.37260			6
2025.06.27	01:24:53.521	1.37256	1.37259			6
2025.06.27	01:25:00.280	1.37253	1.37256			6
2025.06.27	01:25:00.595	1.37252	1.37255			6
2025.06.27	01:25:01.827	1.37253	1.37256			6
2025.06.27	01:25:02.132	1.37252	1.37255			6
2025.06.27	01:25:07.058	1.37253	1.37256			6
2025.06.27	01:25:07.665	1.37252	1.37255			6
2025.06.27	01:25:07.972	1.37253	1.37256			6
2025.06.27	01:25:09.513	1.37252	1.37255			6
2025.06.27	01:25:10.130	1.37253	1.37256			6
2025.06.27	01:25:10.436	1.37252	1.37255			6
2025.06.27	01:25:10.744	1.37253	1.37256			6
2025.06.27	01:25:12.583	1.37251	1.37254			6
2025.06.27	01:25:12.896	1.37252	1.37255			6
2025.06.27	01:25:13.203	1.37251	1.37254			6
2025.06.27	01:25:14.126		1.37253			4
2025.06.27	01:25:17.813		1.37254			4
2025.06.27	01:25:18.432		1.37253			4
2025.06.27	01:25:21.507		1.37254			4
2025.06.27	01:25:22.443		1.37253			4
2025.06.27	01:25:22.746		1.37252			4
2025.06.27	01:25:23.056		1.37253			4
2025.06.27	01:25:23.363		1.37252			4
2025.06.27	01:25:23.981		1.37253			4
2025.06.27	01:25:24.286		1.37252			4
2025.06.27	01:25:25.212		1.37253			4
2025.06.27	01:25:25.517		1.37252			4
2025.06.27	01:25:25.823		1.37253			4
2025.06.27	01:25:26.744		1.37252			4
2025.06.27	01:25:27.051		1.37253			4
2025.06.27	01:25:31.352		1.37252			4
2025.06.27	01:25:34.118		1.37253			4
2025.06.27	01:25:35.034		1.37252			4
2025.06.27	01:25:35.348		1.37253			4
2025.06.27	01:25:35.655		1.37252			4
2025.06.27	01:25:35.959		1.37253			4
2025.06.27	01:25:36.579		1.37252			4
2025.06.27	01:25:51.024	1.37249				2
2025.06.27	01:25:56.260	1.37250	1.37253			6
2025.06.27	01:25:57.791	1.37249	1.37252			6
2025.06.27	01:25:58.094	1.37250	1.37253			6
2025.06.27	01:26:00.249	1.37253	1.37254			6
2025.06.27	01:26:00.558		1.37255			4
2025.06.27	01:26:02.091	1.37254				2
2025.06.27	01:26:03.931		1.37256			4
2025.06.27	01:26:04.550		1.37255			4
2025.06.27	01:26:35.647		1.37257			4
2025.06.27	01:26:36.573		1.37255			4
2025.06.27	01:26:38.738		1.37256			4
2025.06.27	01:26:39.665		1.37255			4
2025.06.27	01:26:40.888		1.37256			4
2025.06.27	01:26:42.432		1.37255			4
2025.06.27	01:26:42.742		1.37256			4
2025.06.27	01:26:43.666		1.37255			4
2025.06.27	01:26:44.285		1.37256			4
2025.06.27	01:26:45.204		1.37255			4
2025.06.27	01:26:45.512		1.37256			4
2025.06.27	01:26:45.826		1.37255			4
2025.06.27	01:26:51.076		1.37256			4
2025.06.27	01:26:51.382		1.37255			4
2025.06.27	01:26:51.690		1.37256			4
2025.06.27	01:26:52.619		1.37255			4
2025.06.27	01:26:52.932		1.37256			4
2025.06.27	01:26:53.548		1.37255			4
2025.06.27	01:26:53.853		1.37256			4
2025.06.27	01:26:54.169		1.37255			4
2025.06.27	01:26:54.783		1.37256			4
2025.06.27	01:26:55.092		1.37255			4
2025.06.27	01:26:55.401		1.37256			4
2025.06.27	01:26:55.714		1.37255			4
2025.06.27	01:26:56.027		1.37256			4
2025.06.27	01:26:56.638		1.37255			4
2025.06.27	01:26:56.956		1.37256			4
2025.06.27	01:26:57.260		1.37255			4
2025.06.27	01:26:57.564		1.37256			4
2025.06.27	01:26:58.184		1.37255			4
2025.06.27	01:26:58.496		1.37256			4
2025.06.27	01:27:00.042	1.37254	1.37255			6
2025.06.27	01:27:01.584		1.37256			4
2025.06.27	01:27:01.897		1.37255			4
2025.06.27	01:27:02.208		1.37256			4
2025.06.27	01:27:02.821		1.37255			4
2025.06.27	01:27:03.131		1.37256			4
2025.06.27	01:27:03.439		1.37257			4
2025.06.27	01:27:04.672	1.37255	1.37258			6
2025.06.27	01:27:04.981		1.37257			4
2025.06.27	01:27:17.033		1.37256			4
2025.06.27	01:27:21.049	1.37254				2
2025.06.27	01:27:21.664		1.37257			4
2025.06.27	01:27:22.588		1.37256			4
2025.06.27	01:27:25.683	1.37250	1.37251			6
2025.06.27	01:27:25.985		1.37253			4
2025.06.27	01:27:26.604	1.37251				2
2025.06.27	01:27:26.911	1.37250	1.37252			6
2025.06.27	01:27:27.527	1.37251				2
2025.06.27	01:27:28.454		1.37253			4
2025.06.27	01:27:29.687		1.37252			4
2025.06.27	01:27:29.996		1.37253			4
2025.06.27	01:27:30.312		1.37252			4
2025.06.27	01:27:30.615		1.37253			4
2025.06.27	01:27:30.922		1.37252			4
2025.06.27	01:27:31.538		1.37253			4
2025.06.27	01:27:34.322		1.37254			4
2025.06.27	01:27:34.939		1.37253			4
2025.06.27	01:27:35.253		1.37254			4
2025.06.27	01:27:35.556		1.37253			4
2025.06.27	01:27:35.864		1.37254			4
2025.06.27	01:27:36.793		1.37253			4
2025.06.27	01:27:37.098		1.37254			4
2025.06.27	01:27:37.412	1.37252				2
2025.06.27	01:27:39.587	1.37251				2
2025.06.27	01:27:40.513		1.37253			4
2025.06.27	01:27:43.308		1.37254			4
2025.06.27	01:27:43.613		1.37253			4
2025.06.27	01:27:44.233		1.37254			4
2025.06.27	01:27:46.096		1.37253			4
2025.06.27	01:27:48.261		1.37254			4
2025.06.27	01:27:49.187		1.37253			4
2025.06.27	01:27:50.108		1.37254			4
2025.06.27	01:27:53.214		1.37253			4
2025.06.27	01:27:59.388		1.37254			4
2025.06.27	01:28:00.012	1.37251				2
2025.06.27	01:28:00.315		1.37253			4
2025.06.27	01:28:00.620		1.37254			4
2025.06.27	01:28:03.713	1.37252				2
2025.06.27	01:28:11.761		1.37255			4
2025.06.27	01:28:12.377		1.37254			4
2025.06.27	01:28:22.296		1.37255			4
2025.06.27	01:28:25.389		1.37253			4
2025.06.27	01:28:27.551		1.37254			4
2025.06.27	01:28:29.098		1.37253			4
2025.06.27	01:28:30.638		1.37254			4
2025.06.27	01:28:30.948		1.37253			4
2025.06.27	01:28:31.566		1.37254			4
2025.06.27	01:28:32.191	1.37251				2
2025.06.27	01:28:32.508		1.37253			4
2025.06.27	01:28:35.910		1.37254			4
2025.06.27	01:28:44.265		1.37253			4
2025.06.27	01:28:51.958		1.37254			4
2025.06.27	01:28:53.492		1.37253			4
2025.06.27	01:28:53.793		1.37254			4
2025.06.27	01:28:54.403		1.37253			4
2025.06.27	01:28:55.015		1.37254			4
2025.06.27	01:28:56.852		1.37253			4
2025.06.27	01:28:57.153		1.37254			4
2025.06.27	01:28:57.457		1.37253			4
2025.06.27	01:28:59.913	1.37252				2
2025.06.27	01:29:00.217	1.37252	1.37254			6
2025.06.27	01:29:00.521		1.37253			4
2025.06.27	01:29:01.143		1.37254			4
2025.06.27	01:29:02.369		1.37253			4
2025.06.27	01:29:04.211		1.37254			4
2025.06.27	01:29:04.835		1.37253			4
2025.06.27	01:29:05.142		1.37254			4
2025.06.27	01:29:06.981		1.37253			4
2025.06.27	01:29:13.721	1.37256	1.37257			6
2025.06.27	01:29:16.188	1.37257	1.37258			6
2025.06.27	01:29:18.945	1.37258	1.37259			6
2025.06.27	01:29:25.124	1.37257	1.37258			6
2025.06.27	01:29:25.748	1.37258	1.37259			6
2025.06.27	01:29:41.693	1.37257	1.37258			6
2025.06.27	01:29:42.317	1.37258	1.37259			6
2025.06.27	01:29:47.552	1.37257	1.37258			6
2025.06.27	01:29:57.077	1.37256	1.37257			6
2025.06.27	01:30:00.146	1.37256				2
2025.06.27	01:30:01.985	1.37251	1.37254			6
2025.06.27	01:30:02.292	1.37250	1.37253			6
2025.06.27	01:30:02.909	1.37251	1.37254			6
2025.06.27	01:30:03.216	1.37250	1.37253			6
2025.06.27	01:30:03.526	1.37251	1.37254			6
2025.06.27	01:30:04.136	1.37250	1.37253			6
2025.06.27	01:30:04.448	1.37251	1.37254			6
2025.06.27	01:30:04.752	1.37253				2
2025.06.27	01:30:06.586	1.37250	1.37252			6
2025.06.27	01:30:07.200		1.37253			4
2025.06.27	01:30:20.388	1.37251	1.37254			6
2025.06.27	01:30:21.330	1.37250	1.37253			6
2025.06.27	01:30:21.940	1.37251	1.37254			6
2025.06.27	01:30:24.398	1.37250	1.37253			6
2025.06.27	01:30:28.395	1.37252				2
2025.06.27	01:30:31.487		1.37254			4
2025.06.27	01:30:31.802		1.37253			4
2025.06.27	01:30:37.061		1.37254			4
2025.06.27	01:30:37.993		1.37253			4
2025.06.27	01:30:38.310		1.37254			4
2025.06.27	01:30:38.614		1.37253			4
2025.06.27	01:30:42.314		1.37254			4
2025.06.27	01:30:43.242		1.37253			4
2025.06.27	01:30:48.461		1.37254			4
2025.06.27	01:30:48.776		1.37253			4
2025.06.27	01:30:52.484	1.37251	1.37252			6
2025.06.27	01:30:55.563	1.37252	1.37253			6
2025.06.27	01:30:55.869	1.37251	1.37252			6
2025.06.27	01:30:56.784	1.37252	1.37253			6
2025.06.27	01:30:58.319	1.37251	1.37252			6
2025.06.27	01:31:00.172	1.37252	1.37253			6
2025.06.27	01:31:04.156	1.37247	1.37250			6
2025.06.27	01:31:06.298		1.37249			4
2025.06.27	01:31:07.526		1.37250			4
2025.06.27	01:31:09.989		1.37249			4
2025.06.27	01:31:10.910		1.37250			4
2025.06.27	01:31:11.222		1.37249			4
2025.06.27	01:31:11.527		1.37250			4
2025.06.27	01:31:16.778		1.37249			4
2025.06.27	01:31:17.697		1.37250			4
2025.06.27	01:31:24.755	1.37248	1.37251			6
2025.06.27	01:31:29.366	1.37247	1.37250			6
2025.06.27	01:31:33.657	1.37248	1.37251			6
2025.06.27	01:31:33.969	1.37247	1.37250			6
2025.06.27	01:31:34.883	1.37248	1.37251			6
2025.06.27	01:31:35.185	1.37247	1.37250			6
2025.06.27	01:31:37.332	1.37248	1.37251			6
2025.06.27	01:31:38.257	1.37247	1.37250			6
2025.06.27	01:31:46.244		1.37249			4
2025.06.27	01:31:49.954	1.37246				2
2025.06.27	01:31:54.893	1.37247	1.37250			6
2025.06.27	01:32:00.160	1.37247				2
2025.06.27	01:32:00.467	1.37240	1.37243			6
2025.06.27	01:32:00.782	1.37239	1.37242			6
2025.06.27	01:32:01.392	1.37238	1.37246			6
2025.06.27	01:32:01.700	1.37237	1.37245			6
2025.06.27	01:32:05.416	1.37238	1.37247			6
2025.06.27	01:32:06.346	1.37239				2
2025.06.27	01:32:06.661		1.37246			4
2025.06.27	01:32:08.213		1.37247			4
2025.06.27	01:32:09.761	1.37240	1.37248			6
2025.06.27	01:32:11.006	1.37239				2
2025.06.27	01:32:11.936	1.37240				2
2025.06.27	01:32:12.238	1.37239				2
2025.06.27	01:32:12.548		1.37247			4
2025.06.27	01:32:13.469	1.37238	1.37246			6
2025.06.27	01:32:13.774		1.37247			4
2025.06.27	01:32:15.635	1.37236	1.37244			6
2025.06.27	01:32:18.409	1.37237				2
2025.06.27	01:32:21.831	1.37236				2
2025.06.27	01:32:23.682	1.37235	1.37243			6
2025.06.27	01:32:25.836	1.37230	1.37238			6
2025.06.27	01:32:26.138		1.37239			4
2025.06.27	01:32:26.446		1.37238			4
2025.06.27	01:32:27.676		1.37239			4
2025.06.27	01:32:28.599		1.37238			4
2025.06.27	01:32:29.514	1.37229				2
2025.06.27	01:32:29.818	1.37230				2
2025.06.27	01:32:31.048		1.37237			4
2025.06.27	01:32:31.353		1.37238			4
2025.06.27	01:32:31.656		1.37239			4
2025.06.27	01:32:31.958	1.37229	1.37238			6
2025.06.27	01:32:33.189	1.37230	1.37239			6
2025.06.27	01:32:34.407	1.37229				2
2025.06.27	01:32:38.085	1.37230				2
2025.06.27	01:32:38.401	1.37229	1.37238			6
2025.06.27	01:32:39.638		1.37237			4
2025.06.27	01:32:39.939		1.37238			4
2025.06.27	01:32:42.091		1.37237			4
2025.06.27	01:32:44.231		1.37236			4
2025.06.27	01:32:44.546		1.37237			4
2025.06.27	01:32:47.924		1.37236			4
2025.06.27	01:32:48.227		1.37237			4
2025.06.27	01:32:51.298		1.37236			4
2025.06.27	01:32:56.544		1.37237			4
2025.06.27	01:33:00.261	1.37229				2
2025.06.27	01:33:01.816		1.37236			4
2025.06.27	01:33:02.427		1.37237			4
2025.06.27	01:33:05.211		1.37236			4
2025.06.27	01:33:07.070		1.37237			4
2025.06.27	01:33:07.681		1.37236			4
2025.06.27	01:33:10.162		1.37235			4
2025.06.27	01:33:11.410		1.37236			4
2025.06.27	01:33:17.596		1.37235			4
2025.06.27	01:33:19.757		1.37234			4
2025.06.27	01:33:20.686		1.37235			4
2025.06.27	01:33:27.163		1.37234			4
2025.06.27	01:33:28.377		1.37233			4
2025.06.27	01:33:37.258		1.37232			4
2025.06.27	01:33:44.265	1.37230	1.37233			6
2025.06.27	01:33:45.796	1.37229	1.37232			6
2025.06.27	01:34:00.125	1.37229				2
2025.06.27	01:34:01.951		1.37231			4
2025.06.27	01:34:02.558		1.37232			4
2025.06.27	01:34:02.866	1.37230	1.37233			6
2025.06.27	01:34:03.177	1.37229	1.37232			6
2025.06.27	01:34:05.322	1.37230	1.37233			6
2025.06.27	01:34:06.243	1.37229	1.37232			6
2025.06.27	01:34:06.858	1.37230	1.37233			6
2025.06.27	01:34:07.163	1.37229	1.37232			6
2025.06.27	01:34:07.772	1.37230	1.37233			6
2025.06.27	01:34:08.382	1.37229	1.37232			6
2025.06.27	01:34:08.684		1.37230			4
2025.06.27	01:34:08.989		1.37232			4
2025.06.27	01:34:09.291		1.37231			4
2025.06.27	01:34:09.603		1.37232			4
2025.06.27	01:34:10.221		1.37231			4
2025.06.27	01:34:11.132		1.37232			4
2025.06.27	01:34:11.438		1.37231			4
2025.06.27	01:34:11.745		1.37232			4
2025.06.27	01:34:12.356	1.37230	1.37233			6
2025.06.27	01:34:12.663	1.37229	1.37232			6
2025.06.27	01:34:16.637	1.37230	1.37233			6
2025.06.27	01:34:17.846	1.37229	1.37232			6
2025.06.27	01:34:23.623		1.37231			4
2025.06.27	01:34:30.948		1.37232			4
2025.06.27	01:34:31.862	1.37230	1.37233			6
2025.06.27	01:34:33.075	1.37229	1.37232			6
2025.06.27	01:34:33.376	1.37228	1.37231			6
2025.06.27	01:34:33.682		1.37230			4
2025.06.27	01:34:35.814		1.37231			4
2025.06.27	01:34:40.684		1.37230			4
2025.06.27	01:34:43.420		1.37231			4
2025.06.27	01:34:46.489		1.37230			4
2025.06.27	01:34:49.866		1.37231			4
2025.06.27	01:34:53.833		1.37230			4
2025.06.27	01:35:00.226	1.37228				2
2025.06.27	01:35:01.150		1.37231			4
2025.06.27	01:35:02.683		1.37230			4
2025.06.27	01:35:02.988	1.37227				2
2025.06.27	01:35:18.511		1.37229			4
2025.06.27	01:35:18.813		1.37230			4
2025.06.27	01:35:22.158	1.37225	1.37228			6
2025.06.27	01:35:25.237	1.37226				2
2025.06.27	01:35:25.540		1.37229			4
2025.06.27	01:35:32.598	1.37225	1.37226			6
2025.06.27	01:35:32.910	1.37213	1.37216			6
2025.06.27	01:35:33.213	1.37214	1.37217			6
2025.06.27	01:35:34.138	1.37213	1.37220			6
2025.06.27	01:35:54.405	1.37208	1.37217			6
2025.06.27	01:35:55.036	1.37211				2
2025.06.27	01:36:00.006	1.37211				2
2025.06.27	01:36:00.307	1.37213	1.37220			6
2025.06.27	01:36:11.703	1.37219	1.37221			6
2025.06.27	01:36:12.005	1.37225	1.37232			6
2025.06.27	01:36:15.088	1.37231				2
2025.06.27	01:36:17.870		1.37233			4
2025.06.27	01:36:22.830		1.37234			4
2025.06.27	01:36:24.987		1.37233			4
2025.06.27	01:36:29.896		1.37232			4
2025.06.27	01:36:33.289		1.37233			4
2025.06.27	01:36:40.372	1.37225	1.37232			6
2025.06.27	01:36:53.540		1.37226			4
2025.06.27	01:37:00.301	1.37225				2
2025.06.27	01:37:08.578	1.37220	1.37225			6
2025.06.27	01:37:13.486		1.37224			4
2025.06.27	01:37:13.791		1.37225			4
2025.06.27	01:37:14.401		1.37224			4
2025.06.27	01:37:17.464	1.37211	1.37216			6
2025.06.27	01:37:17.769		1.37215			4
2025.06.27	01:37:18.383		1.37216			4
2025.06.27	01:37:19.307		1.37217			4
2025.06.27	01:37:22.087		1.37216			4
2025.06.27	01:37:22.699		1.37217			4
2025.06.27	01:37:23.322	1.37209	1.37213			6
2025.06.27	01:37:23.624	1.37202	1.37207			6
2025.06.27	01:37:24.848	1.37203	1.37206			6
2025.06.27	01:37:26.722		1.37207			4
2025.06.27	01:37:28.902		1.37209			4
2025.06.27	01:37:29.528		1.37207			4
2025.06.27	01:37:29.833		1.37206			4
2025.06.27	01:37:30.138		1.37207			4
2025.06.27	01:37:30.761		1.37206			4
2025.06.27	01:37:32.304		1.37207			4
2025.06.27	01:37:32.928		1.37206			4
2025.06.27	01:37:33.238		1.37207			4
2025.06.27	01:37:33.553	1.37202				2
2025.06.27	01:37:35.412		1.37206			4
2025.06.27	01:37:35.719	1.37189	1.37191			6
2025.06.27	01:37:36.026	1.37183	1.37190			6
2025.06.27	01:37:36.333	1.37181	1.37189			6
2025.06.27	01:37:36.638	1.37182	1.37188			6
2025.06.27	01:37:36.944		1.37187			4
2025.06.27	01:37:37.249		1.37188			4
2025.06.27	01:37:37.872	1.37188	1.37194			6
2025.06.27	01:37:38.177	1.37189	1.37195			6
2025.06.27	01:37:38.480	1.37188	1.37193			6
2025.06.27	01:37:40.329	1.37186	1.37194			6
2025.06.27	01:37:44.027		1.37193			4
2025.06.27	01:37:44.945	1.37179	1.37188			6
2025.06.27	01:37:45.251		1.37189			4
2025.06.27	01:37:46.179	1.37181				2
2025.06.27	01:37:46.485		1.37188			4
2025.06.27	01:37:46.799		1.37189			4
2025.06.27	01:37:47.106	1.37182				2
2025.06.27	01:37:47.413	1.37177	1.37183			6
2025.06.27	01:37:48.035	1.37173	1.37181			6
2025.06.27	01:37:48.340	1.37165	1.37175			6
2025.06.27	01:37:49.256	1.37168				2
2025.06.27	01:37:49.571	1.37167	1.37174			6
2025.06.27	01:37:50.800	1.37168				2
2025.06.27	01:37:51.412	1.37167				2
2025.06.27	01:37:51.731	1.37163	1.37172			6
2025.06.27	01:37:56.080	1.37164				2
2025.06.27	01:37:57.010	1.37166				2
2025.06.27	01:37:58.562	1.37165				2
2025.06.27	01:38:00.114	1.37165				2
2025.06.27	01:38:01.350	1.37164	1.37171			6
2025.06.27	01:38:02.593		1.37172			4
2025.06.27	01:38:05.368	1.37165				2
2025.06.27	01:38:09.388	1.37166				2
2025.06.27	01:38:09.704	1.37167				2
2025.06.27	01:38:10.011	1.37165				2
2025.06.27	01:38:16.529		1.37173			4
2025.06.27	01:38:30.442	1.37173	1.37179			6
2025.06.27	01:38:30.748	1.37186	1.37193			6
2025.06.27	01:38:31.048	1.37181	1.37189			6
2025.06.27	01:38:31.354	1.37182	1.37191			6
2025.06.27	01:38:31.979	1.37181				2
2025.06.27	01:38:32.281	1.37182				2
2025.06.27	01:38:33.517	1.37183				2
2025.06.27	01:38:34.138	1.37182				2
2025.06.27	01:38:36.011	1.37185				2
2025.06.27	01:38:38.168		1.37192			4
2025.06.27	01:38:38.477	1.37184				2
2025.06.27	01:38:56.468		1.37191			4
2025.06.27	01:39:00.184	1.37184	1.37192			6
2025.06.27	01:39:00.504	1.37183				2
2025.06.27	01:39:02.343		1.37191			4
2025.06.27	01:39:03.269	1.37185				2
2025.06.27	01:39:04.190		1.37192			4
2025.06.27	01:39:04.497	1.37184				2
2025.06.27	01:39:08.152		1.37191			4
2025.06.27	01:39:13.322	1.37185				2
2025.06.27	01:39:17.604	1.37184	1.37190			6
2025.06.27	01:39:17.905	1.37185	1.37191			6
2025.06.27	01:39:18.215	1.37184	1.37190			6
2025.06.27	01:39:18.521	1.37185	1.37191			6
2025.06.27	01:39:19.741	1.37184	1.37190			6
2025.06.27	01:39:20.367		1.37189			4
2025.06.27	01:39:29.222	1.37185				2
2025.06.27	01:39:29.531	1.37184	1.37188			6
2025.06.27	01:39:29.836	1.37185	1.37189			6
2025.06.27	01:39:30.440	1.37183	1.37184			6
2025.06.27	01:39:30.743		1.37186			4
2025.06.27	01:39:31.350	1.37185	1.37187			6
2025.06.27	01:39:31.653		1.37188			4
2025.06.27	01:39:33.490		1.37187			4
2025.06.27	01:39:33.792		1.37188			4
2025.06.27	01:39:41.136	1.37182	1.37186			6
2025.06.27	01:39:41.439		1.37185			4
2025.06.27	01:39:42.349	1.37183	1.37187			6
2025.06.27	01:39:42.661	1.37181	1.37185			6
2025.06.27	01:39:42.962	1.37182	1.37186			6
2025.06.27	01:39:43.267	1.37183	1.37187			6
2025.06.27	01:39:43.878	1.37182	1.37186			6
2025.06.27	01:39:44.486	1.37183	1.37187			6
2025.06.27	01:39:44.793	1.37182	1.37186			6
2025.06.27	01:39:45.096	1.37183	1.37187			6
2025.06.27	01:39:45.710	1.37182	1.37186			6
2025.06.27	01:39:46.018	1.37183	1.37187			6
2025.06.27	01:39:46.931	1.37182	1.37186			6
2025.06.27	01:39:47.234	1.37183	1.37187			6
2025.06.27	01:39:47.533	1.37184	1.37188			6
2025.06.27	01:39:49.362	1.37185				2
2025.06.27	01:39:49.669	1.37184	1.37187			6
2025.06.27	01:39:50.597	1.37185	1.37188			6
2025.06.27	01:39:50.906	1.37184	1.37187			6
2025.06.27	01:39:51.214	1.37185	1.37188			6
2025.06.27	01:39:51.518	1.37184	1.37187			6
2025.06.27	01:39:51.827	1.37185	1.37188			6
2025.06.27	01:39:52.140	1.37184	1.37187			6
2025.06.27	01:39:52.441	1.37185	1.37188			6
2025.06.27	01:39:52.745	1.37184	1.37187			6
2025.06.27	01:39:53.047	1.37185	1.37188			6
2025.06.27	01:39:53.349	1.37184	1.37187			6
2025.06.27	01:39:54.885	1.37185	1.37188			6
2025.06.27	01:39:55.196	1.37184	1.37187			6
2025.06.27	01:40:00.094	1.37183	1.37186			6
2025.06.27	01:40:01.014	1.37184	1.37187			6
2025.06.27	01:40:01.927	1.37183	1.37186			6
2025.06.27	01:40:02.230	1.37184	1.37187			6
2025.06.27	01:40:02.532	1.37183	1.37186			6
2025.06.27	01:40:02.836	1.37184	1.37187			6
2025.06.27	01:40:03.139	1.37183	1.37186			6
2025.06.27	01:40:14.752	1.37182	1.37185			6
2025.06.27	01:40:16.911	1.37183	1.37186			6
2025.06.27	01:40:23.916	1.37178	1.37181			6
2025.06.27	01:40:24.229	1.37177	1.37180			6
2025.06.27	01:40:25.147	1.37178	1.37181			6
2025.06.27	01:40:25.452	1.37177	1.37180			6
2025.06.27	01:40:27.268	1.37178	1.37181			6
2025.06.27	01:40:27.572	1.37177	1.37180			6
2025.06.27	01:40:28.489	1.37178	1.37181			6
2025.06.27	01:40:32.464	1.37177	1.37180			6
2025.06.27	01:40:33.071	1.37176	1.37179			6
2025.06.27	01:40:33.676	1.37177	1.37180			6
2025.06.27	01:40:33.983	1.37176	1.37179			6
2025.06.27	01:40:34.293	1.37177	1.37180			6
2025.06.27	01:40:34.910	1.37178	1.37181			6
2025.06.27	01:40:35.211	1.37177	1.37180			6
2025.06.27	01:40:35.814	1.37178	1.37181			6
2025.06.27	01:40:36.119	1.37177	1.37180			6
2025.06.27	01:40:36.431	1.37178	1.37181			6
2025.06.27	01:40:36.739	1.37177	1.37180			6
2025.06.27	01:40:37.047	1.37178	1.37181			6
2025.06.27	01:40:38.260	1.37177	1.37180			6
2025.06.27	01:40:38.563	1.37178	1.37181			6
2025.06.27	01:40:38.865	1.37177	1.37180			6
2025.06.27	01:40:43.738	1.37174	1.37177			6
2025.06.27	01:40:44.663	1.37176	1.37179			6
2025.06.27	01:40:44.966	1.37177	1.37180			6
2025.06.27	01:40:48.329	1.37176	1.37179			6
2025.06.27	01:40:48.635	1.37177	1.37180			6
2025.06.27	01:40:49.554	1.37176	1.37179			6
2025.06.27	01:40:52.624	1.37177	1.37180			6
2025.06.27	01:40:52.927	1.37176	1.37179			6
2025.06.27	01:40:54.765	1.37177	1.37180			6
2025.06.27	01:40:55.072	1.37176	1.37179			6
2025.06.27	01:40:56.300	1.37177	1.37180			6
2025.06.27	01:40:56.602	1.37176	1.37179			6
2025.06.27	01:40:56.909	1.37177	1.37180			6
2025.06.27	01:40:57.514	1.37176	1.37179			6
2025.06.27	01:40:59.641	1.37177	1.37180			6
2025.06.27	01:41:00.249	1.37177				2
2025.06.27	01:41:00.861	1.37176	1.37179			6
2025.06.27	01:41:02.406	1.37177	1.37180			6
2025.06.27	01:41:04.845	1.37176	1.37179			6
2025.06.27	01:41:06.068	1.37177	1.37180			6
2025.06.27	01:41:08.210	1.37178	1.37181			6
2025.06.27	01:41:11.297	1.37177	1.37180			6
2025.06.27	01:41:20.735	1.37178	1.37181			6
2025.06.27	01:41:21.041	1.37177	1.37180			6
2025.06.27	01:41:24.706	1.37176	1.37179			6
2025.06.27	01:41:25.013	1.37177	1.37180			6
2025.06.27	01:41:25.315	1.37176	1.37179			6
2025.06.27	01:41:25.617	1.37177	1.37180			6
2025.06.27	01:41:25.918	1.37176	1.37179			6
2025.06.27	01:41:36.002	1.37177	1.37180			6
2025.06.27	01:41:36.306	1.37176	1.37179			6
2025.06.27	01:41:42.415	1.37177	1.37180			6
2025.06.27	01:41:44.867	1.37176	1.37179			6
2025.06.27	01:41:45.177	1.37177	1.37180			6
2025.06.27	01:41:45.481	1.37176	1.37179			6
2025.06.27	01:41:45.790	1.37177	1.37180			6
2025.06.27	01:41:48.551	1.37176	1.37179			6
2025.06.27	01:41:49.782	1.37177	1.37180			6
2025.06.27	01:41:50.100	1.37176	1.37179			6
2025.06.27	01:41:54.394	1.37174	1.37176			6
2025.06.27	01:41:54.697		1.37175			4
2025.06.27	01:41:55.011	1.37173	1.37174			6
2025.06.27	01:42:00.229	1.37173				2
2025.06.27	01:42:02.073	1.37172	1.37173			6
2025.06.27	01:42:02.379	1.37173	1.37174			6
2025.06.27	01:42:03.912	1.37172	1.37175			6
2025.06.27	01:42:04.537		1.37174			4
2025.06.27	01:42:05.464		1.37175			4
2025.06.27	01:42:06.075		1.37174			4
2025.06.27	01:42:06.379		1.37175			4
2025.06.27	01:42:06.997		1.37174			4
2025.06.27	01:42:07.302		1.37175			4
2025.06.27	01:42:07.609		1.37174			4
2025.06.27	01:42:07.911		1.37175			4
2025.06.27	01:42:08.528	1.37173	1.37176			6
2025.06.27	01:42:09.758	1.37172	1.37175			6
2025.06.27	01:42:10.060	1.37173	1.37176			6
2025.06.27	01:42:10.369		1.37175			4
2025.06.27	01:42:12.243	1.37174	1.37177			6
2025.06.27	01:42:12.547	1.37173	1.37176			6
2025.06.27	01:42:16.854	1.37174	1.37177			6
2025.06.27	01:42:17.161	1.37173	1.37176			6
2025.06.27	01:42:18.713	1.37172	1.37175			6
2025.06.27	01:42:19.034	1.37173	1.37176			6
2025.06.27	01:42:20.885	1.37172	1.37175			6
2025.06.27	01:42:22.428	1.37173	1.37176			6
2025.06.27	01:42:23.048	1.37172	1.37175			6
2025.06.27	01:42:23.661	1.37174	1.37177			6
2025.06.27	01:42:24.590	1.37173	1.37176			6
2025.06.27	01:42:24.898	1.37174	1.37177			6
2025.06.27	01:42:25.210	1.37173	1.37176			6
2025.06.27	01:42:25.520	1.37174	1.37177			6
2025.06.27	01:42:25.825	1.37173	1.37176			6
2025.06.27	01:42:27.988	1.37174	1.37177			6
2025.06.27	01:42:28.302	1.37173	1.37176			6
2025.06.27	01:42:30.466	1.37172	1.37175			6
2025.06.27	01:42:32.326	1.37173	1.37176			6
2025.06.27	01:42:36.672	1.37174	1.37177			6
2025.06.27	01:42:37.599	1.37175	1.37178			6
2025.06.27	01:42:38.210	1.37174	1.37177			6
2025.06.27	01:42:38.524	1.37173	1.37176			6
2025.06.27	01:42:38.830	1.37172	1.37175			6
2025.06.27	01:42:39.148		1.37174			4
2025.06.27	01:42:39.452		1.37175			4
2025.06.27	01:42:39.764		1.37174			4
2025.06.27	01:42:40.066		1.37175			4
2025.06.27	01:42:40.375		1.37174			4
2025.06.27	01:42:41.311		1.37175			4
2025.06.27	01:42:41.614	1.37173	1.37176			6
2025.06.27	01:42:42.224	1.37172	1.37175			6
2025.06.27	01:42:42.533	1.37173	1.37176			6
2025.06.27	01:42:42.853	1.37172	1.37175			6
2025.06.27	01:42:43.779	1.37173	1.37176			6
2025.06.27	01:42:44.085	1.37172	1.37175			6
2025.06.27	01:42:46.876		1.37174			4
2025.06.27	01:42:48.733	1.37173	1.37176			6
2025.06.27	01:42:49.039	1.37172	1.37175			6
2025.06.27	01:42:52.754	1.37173	1.37176			6
2025.06.27	01:42:56.762	1.37172	1.37175			6
2025.06.27	01:42:59.226	1.37174	1.37177			6
2025.06.27	01:43:00.156	1.37174				2
2025.06.27	01:43:01.082	1.37173	1.37176			6
2025.06.27	01:43:05.407	1.37172	1.37175			6
2025.06.27	01:43:05.714	1.37173	1.37176			6
2025.06.27	01:43:06.646	1.37172	1.37175			6
2025.06.27	01:43:07.264	1.37176	1.37177			6
2025.06.27	01:43:07.570	1.37178	1.37181			6
2025.06.27	01:43:09.731	1.37177	1.37180			6
2025.06.27	01:43:10.668	1.37178	1.37181			6
2025.06.27	01:43:11.914	1.37177	1.37180			6
2025.06.27	01:43:13.758	1.37178	1.37181			6
2025.06.27	01:43:14.687	1.37177	1.37180			6
2025.06.27	01:43:15.312	1.37178	1.37181			6
2025.06.27	01:43:15.616	1.37176	1.37179			6
2025.06.27	01:43:19.639	1.37177	1.37180			6
2025.06.27	01:43:20.560	1.37176	1.37179			6
2025.06.27	01:43:22.101	1.37177	1.37180			6
2025.06.27	01:43:23.336	1.37176	1.37179			6
2025.06.27	01:43:25.499	1.37177	1.37180			6
2025.06.27	01:43:26.427	1.37178	1.37181			6
2025.06.27	01:43:33.546	1.37176	1.37178			6
2025.06.27	01:43:34.486	1.37175	1.37177			6
2025.06.27	01:43:37.261	1.37176				2
2025.06.27	01:44:00.180	1.37176				2
2025.06.27	01:44:01.422	1.37171	1.37172			6
2025.06.27	01:44:02.665	1.37172	1.37173			6
2025.06.27	01:44:05.133	1.37171	1.37172			6
2025.06.27	01:44:06.060	1.37172	1.37173			6
2025.06.27	01:44:06.373	1.37171	1.37172			6
2025.06.27	01:44:08.540	1.37170	1.37171			6
2025.06.27	01:44:15.353		1.37172			4
2025.06.27	01:44:22.166	1.37176	1.37178			6
2025.06.27	01:44:22.473		1.37179			4
2025.06.27	01:44:28.341	1.37175	1.37178			6
2025.06.27	01:44:31.769	1.37176	1.37179			6
2025.06.27	01:44:32.071	1.37175	1.37178			6
2025.06.27	01:44:33.931	1.37174	1.37177			6
2025.06.27	01:44:37.958	1.37175	1.37178			6
2025.06.27	01:44:38.273	1.37174	1.37177			6
2025.06.27	01:44:41.058	1.37175	1.37178			6
2025.06.27	01:44:48.169	1.37176	1.37179			6
2025.06.27	01:44:48.785	1.37175	1.37178			6
2025.06.27	01:44:51.569	1.37174	1.37177			6
2025.06.27	01:44:56.199	1.37170	1.37172			6
2025.06.27	01:44:56.500	1.37172	1.37175			6
2025.06.27	01:44:59.285		1.37174			4
2025.06.27	01:45:00.217	1.37172				2
2025.06.27	01:45:02.384	1.37171				2
2025.06.27	01:45:02.689		1.37173			4
2025.06.27	01:45:03.313		1.37174			4
2025.06.27	01:45:07.647	1.37172	1.37175			6
2025.06.27	01:45:07.963		1.37174			4
2025.06.27	01:45:08.576	1.37173				2
2025.06.27	01:45:08.881	1.37172				2
2025.06.27	01:45:09.196		1.37175			4
2025.06.27	01:45:09.819	1.37173	1.37176			6
2025.06.27	01:45:10.736	1.37172	1.37175			6
2025.06.27	01:45:16.327	1.37171	1.37174			6
2025.06.27	01:45:18.490	1.37172	1.37175			6
2025.06.27	01:45:19.110	1.37173	1.37176			6
2025.06.27	01:45:19.417	1.37172	1.37175			6
2025.06.27	01:45:19.728	1.37173	1.37176			6
2025.06.27	01:45:22.529	1.37172	1.37175			6
2025.06.27	01:45:24.699	1.37173	1.37176			6
2025.06.27	01:45:26.552	1.37172	1.37175			6
2025.06.27	01:45:31.801	1.37171	1.37174			6
2025.06.27	01:45:32.109	1.37172	1.37175			6
2025.06.27	01:45:32.729	1.37171	1.37174			6
