<DATE>	<TIME>	<BID>	<ASK>	<LAST>	<VOLUME>	<FLAGS>
2025.12.08	00:03:31.325	1.33152	1.33353			6
2025.12.08	00:04:00.267	1.33152				2
2025.12.08	00:04:31.378		1.33353			4
2025.12.08	00:05:00.057	1.33152				2
2025.12.08	00:05:02.844	1.33164	1.33365			6
2025.12.08	00:05:04.695	1.33157	1.33355			6
2025.12.08	00:05:08.402		1.33349			4
2025.12.08	00:05:09.026		1.33339			4
2025.12.08	00:05:10.865	1.33153	1.33343			6
2025.12.08	00:05:11.170		1.33341			4
2025.12.08	00:05:11.791		1.33349			4
2025.12.08	00:05:24.465		1.33347			4
2025.12.08	00:05:25.392		1.33348			4
2025.12.08	00:05:30.979		1.33341			4
2025.12.08	00:05:41.165		1.33345			4
2025.12.08	00:06:00.231	1.33153				2
2025.12.08	00:06:11.283		1.33343			4
2025.12.08	00:06:12.816		1.33340			4
2025.12.08	00:06:13.121		1.33343			4
2025.12.08	00:06:14.661		1.33341			4
2025.12.08	00:06:14.972		1.33343			4
2025.12.08	00:06:25.080		1.33344			4
2025.12.08	00:06:45.449	1.33154	1.33345			6
2025.12.08	00:06:46.072		1.33343			4
2025.12.08	00:06:56.013	1.33155	1.33341			6
2025.12.08	00:07:00.044	1.33155				2
2025.12.08	00:07:40.517	1.33157	1.33343			6
2025.12.08	00:07:40.825		1.33341			4
2025.12.08	00:08:00.252	1.33157				2
2025.12.08	00:08:01.183	1.33146				2
2025.12.08	00:08:01.491	1.33158	1.33342			6
2025.12.08	00:08:06.116		1.33337			4
2025.12.08	00:08:06.429		1.33342			4
2025.12.08	00:08:13.530		1.33345			4
2025.12.08	00:08:13.837		1.33342			4
2025.12.08	00:08:16.610		1.33345			4
2025.12.08	00:08:16.922		1.33342			4
2025.12.08	00:08:31.705	1.33148	1.33349			6
2025.12.08	00:08:32.012	1.33147	1.33348			6
2025.12.08	00:08:35.709		1.33347			4
2025.12.08	00:08:36.024		1.33346			4
2025.12.08	00:08:40.662		1.33347			4
2025.12.08	00:08:57.064	1.33146				2
2025.12.08	00:08:57.371	1.33148	1.33344			6
2025.12.08	00:08:57.682		1.33343			4
2025.12.08	00:09:00.173	1.33148				2
2025.12.08	00:09:15.943		1.33344			4
2025.12.08	00:09:18.116		1.33343			4
2025.12.08	00:09:34.135		1.33344			4
2025.12.08	00:09:45.846		1.33343			4
2025.12.08	00:09:55.716		1.33344			4
2025.12.08	00:10:00.039	1.33148				2
2025.12.08	00:10:01.581	1.33146				2
2025.12.08	00:10:03.118		1.33345			4
2025.12.08	00:10:06.492	1.33148				2
2025.12.08	00:10:25.501	1.33155	1.33347			6
2025.12.08	00:10:25.809	1.33152	1.33345			6
2025.12.08	00:10:26.742	1.33154	1.33346			6
2025.12.08	00:10:28.593	1.33155				2
2025.12.08	00:10:35.372	1.33148	1.33345			6
2025.12.08	00:10:37.232	1.33149				2
2025.12.08	00:10:46.158	1.33148				2
2025.12.08	00:10:59.104	1.33151				2
2025.12.08	00:11:00.041	1.33151				2
2025.12.08	00:11:01.889	1.33148				2
2025.12.08	00:11:05.270	1.33149				2
2025.12.08	00:11:16.389	1.33150				2
2025.12.08	00:11:18.241	1.33149	1.33339			6
2025.12.08	00:11:20.096		1.33340			4
2025.12.08	00:11:22.258	1.33147	1.33338			6
2025.12.08	00:11:25.038	1.33148	1.33339			6
2025.12.08	00:11:27.198	1.33147				2
2025.12.08	00:11:28.427	1.33149				2
2025.12.08	00:11:40.421	1.33148				2
2025.12.08	00:11:41.342	1.33149				2
2025.12.08	00:11:43.197	1.33148				2
2025.12.08	00:11:43.505	1.33151	1.33341			6
2025.12.08	00:11:44.435		1.33339			4
2025.12.08	00:11:45.661	1.33150				2
2025.12.08	00:11:48.731	1.33148				2
2025.12.08	00:11:51.193	1.33149				2
2025.12.08	00:11:53.661	1.33148				2
2025.12.08	00:12:00.130	1.33148				2
2025.12.08	00:12:06.301	1.33149				2
2025.12.08	00:12:06.609		1.33340			4
2025.12.08	00:12:08.147	1.33147	1.33343			6
2025.12.08	00:12:19.272		1.33342			4
2025.12.08	00:12:21.746		1.33341			4
2025.12.08	00:12:22.368		1.33340			4
2025.12.08	00:12:28.556		1.33341			4
2025.12.08	00:12:29.179		1.33340			4
2025.12.08	00:12:32.267		1.33339			4
2025.12.08	00:12:47.708		1.33338			4
2025.12.08	00:12:50.184		1.33339			4
2025.12.08	00:12:57.266		1.33340			4
2025.12.08	00:13:00.031	1.33147				2
2025.12.08	00:13:22.235		1.33341			4
2025.12.08	00:13:56.744	1.33148				2
2025.12.08	00:14:00.174	1.33148				2
2025.12.08	00:14:18.145		1.33342			4
2025.12.08	00:14:20.001	1.33155	1.33356			6
2025.12.08	00:14:22.775	1.33154	1.33355			6
2025.12.08	00:14:34.644	1.33155	1.33356			6
2025.12.08	00:14:39.626	1.33154	1.33355			6
2025.12.08	00:14:53.020	1.33155	1.33356			6
2025.12.08	00:14:54.265	1.33154	1.33355			6
2025.12.08	00:15:00.168	1.33154				2
2025.12.08	00:15:02.354	1.33156	1.33357			6
2025.12.08	00:15:02.665	1.33154	1.33355			6
2025.12.08	00:15:03.598	1.33155	1.33356			6
2025.12.08	00:15:03.905	1.33162	1.33363			6
2025.12.08	00:15:04.211	1.33156	1.33357			6
2025.12.08	00:15:04.519	1.33158	1.33359			6
2025.12.08	00:15:04.839	1.33160	1.33361			6
2025.12.08	00:15:05.154	1.33168	1.33369			6
2025.12.08	00:15:11.039	1.33166	1.33365			6
2025.12.08	00:15:11.973	1.33167				2
2025.12.08	00:15:12.280	1.33161	1.33361			6
2025.12.08	00:15:12.587	1.33166				2
2025.12.08	00:15:12.898	1.33168	1.33369			6
2025.12.08	00:15:13.219	1.33170	1.33371			6
2025.12.08	00:15:15.712	1.33172	1.33373			6
2025.12.08	00:15:18.521	1.33169	1.33370			6
2025.12.08	00:15:29.091	1.33170	1.33371			6
2025.12.08	00:15:35.302	1.33169	1.33370			6
2025.12.08	00:15:36.859	1.33166	1.33367			6
2025.12.08	00:15:37.786	1.33167				2
2025.12.08	00:15:38.404	1.33169				2
2025.12.08	00:15:39.949	1.33170				2
2025.12.08	00:15:42.415		1.33370			4
2025.12.08	00:15:47.372	1.33171				2
2025.12.08	00:15:48.302		1.33371			4
2025.12.08	00:15:53.902	1.33172				2
2025.12.08	00:15:54.832		1.33370			4
2025.12.08	00:16:00.116	1.33172				2
2025.12.08	00:16:01.051		1.33371			4
2025.12.08	00:16:05.737	1.33173				2
2025.12.08	00:16:15.662	1.33170				2
2025.12.08	00:16:24.451	1.33171				2
2025.12.08	00:16:33.731	1.33188				2
2025.12.08	00:16:34.032	1.33166	1.33365			6
2025.12.08	00:16:34.658	1.33167				2
2025.12.08	00:16:35.893	1.33166				2
2025.12.08	00:16:51.303	1.33175	1.33368			6
2025.12.08	00:16:53.153	1.33171				2
2025.12.08	00:16:53.456	1.33174	1.33365			6
2025.12.08	00:16:53.768	1.33175				2
2025.12.08	00:16:54.999	1.33176				2
2025.12.08	00:16:59.010		1.33359			4
2025.12.08	00:17:00.249	1.33176				2
2025.12.08	00:17:05.809	1.33157	1.33324			6
2025.12.08	00:17:06.118	1.33143				2
2025.12.08	00:17:06.429	1.33133	1.33323			6
2025.12.08	00:17:06.735		1.33325			4
2025.12.08	00:17:07.051	1.33150	1.33334			6
2025.12.08	00:17:07.358	1.33149	1.33333			6
2025.12.08	00:17:07.675	1.33133	1.33325			6
2025.12.08	00:17:07.991	1.33149	1.33333			6
2025.12.08	00:17:08.302	1.33146				2
2025.12.08	00:17:10.174	1.33147				2
2025.12.08	00:17:11.730	1.33148				2
2025.12.08	00:17:16.062	1.33149				2
2025.12.08	00:17:17.296	1.33148				2
2025.12.08	00:17:18.227	1.33151				2
2025.12.08	00:17:18.535	1.33134	1.33325			6
2025.12.08	00:17:23.515	1.33135				2
2025.12.08	00:17:24.133		1.33324			4
2025.12.08	00:17:24.751	1.33134				2
2025.12.08	00:17:26.914	1.33154	1.33327			6
2025.12.08	00:17:28.468		1.33330			4
2025.12.08	00:17:30.334	1.33153	1.33329			6
2025.12.08	00:17:37.764	1.33155	1.33328			6
2025.12.08	00:17:38.071		1.33327			4
2025.12.08	00:17:38.689		1.33325			4
2025.12.08	00:17:38.998		1.33323			4
2025.12.08	00:17:39.314	1.33157	1.33324			6
2025.12.08	00:17:42.362		1.33322			4
2025.12.08	00:17:42.664		1.33320			4
2025.12.08	00:17:43.585	1.33155	1.33311			6
2025.12.08	00:17:43.894		1.33323			4
2025.12.08	00:17:44.197		1.33322			4
2025.12.08	00:17:44.515	1.33158	1.33324			6
2025.12.08	00:17:44.827	1.33155	1.33321			6
2025.12.08	00:17:45.130		1.33323			4
2025.12.08	00:17:46.982		1.33322			4
2025.12.08	00:17:47.918	1.33154	1.33314			6
2025.12.08	00:17:48.846		1.33319			4
2025.12.08	00:17:49.771		1.33317			4
2025.12.08	00:17:51.935		1.33313			4
2025.12.08	00:17:55.971		1.33314			4
2025.12.08	00:17:56.287		1.33312			4
2025.12.08	00:17:57.836	1.33142				2
2025.12.08	00:17:58.152		1.33316			4
2025.12.08	00:17:58.459	1.33155				2
2025.12.08	00:17:58.766		1.33303			4
2025.12.08	00:17:59.077		1.33299			4
2025.12.08	00:17:59.386		1.33307			4
2025.12.08	00:18:00.299	1.33155				2
2025.12.08	00:18:01.538	1.33159	1.33298			6
2025.12.08	00:18:01.848		1.33300			4
2025.12.08	00:18:02.156	1.33156	1.33310			6
2025.12.08	00:18:03.068	1.33155				2
2025.12.08	00:18:03.682		1.33309			4
2025.12.08	00:18:07.711	1.33140				2
2025.12.08	00:18:08.018	1.33154	1.33306			6
2025.12.08	00:18:08.950	1.33157	1.33296			6
2025.12.08	00:18:09.251		1.33298			4
2025.12.08	00:18:12.620		1.33297			4
2025.12.08	00:18:17.831	1.33158	1.33308			6
2025.12.08	00:18:18.443		1.33310			4
2025.12.08	00:18:18.760		1.33307			4
2025.12.08	00:18:19.066	1.33161	1.33296			6
2025.12.08	00:18:19.376	1.33163				2
2025.12.08	00:18:19.682	1.33164				2
2025.12.08	00:18:22.447	1.33165				2
2025.12.08	00:18:25.213	1.33164				2
2025.12.08	00:18:27.966		1.33314			4
2025.12.08	00:18:28.891	1.33165				2
2025.12.08	00:18:29.197	1.33146	1.33302			6
2025.12.08	00:18:29.504	1.33166	1.33313			6
2025.12.08	00:18:29.816	1.33146				2
2025.12.08	00:18:33.521	1.33145				2
2025.12.08	00:18:34.448	1.33144				2
2025.12.08	00:18:34.755	1.33143				2
2025.12.08	00:18:36.001	1.33144				2
2025.12.08	00:18:39.096		1.33316			4
2025.12.08	00:18:39.407	1.33147	1.33306			6
2025.12.08	00:18:39.715		1.33305			4
2025.12.08	00:18:45.601	1.33148				2
2025.12.08	00:18:46.535		1.33296			4
2025.12.08	00:18:53.693	1.33165	1.33297			6
2025.12.08	00:18:53.999	1.33147	1.33320			6
2025.12.08	00:18:54.304	1.33148	1.33306			6
2025.12.08	00:18:54.615		1.33296			4
2025.12.08	00:18:55.231	1.33161	1.33313			6
2025.12.08	00:18:55.545		1.33306			4
2025.12.08	00:18:56.164	1.33160				2
2025.12.08	00:18:56.476	1.33161				2
2025.12.08	00:18:56.780	1.33160				2
2025.12.08	00:18:58.016		1.33313			4
2025.12.08	00:18:58.324		1.33306			4
2025.12.08	00:18:59.561	1.33163	1.33308			6
2025.12.08	00:19:00.177	1.33163				2
2025.12.08	00:19:07.908		1.33313			4
2025.12.08	00:19:09.766	1.33160	1.33307			6
2025.12.08	00:19:10.071		1.33298			4
2025.12.08	00:19:12.239	1.33161				2
2025.12.08	00:19:17.498	1.33166				2
2025.12.08	00:19:18.119		1.33307			4
2025.12.08	00:19:19.046		1.33306			4
2025.12.08	00:19:19.668	1.33167				2
2025.12.08	00:19:19.978	1.33150	1.33314			6
2025.12.08	00:19:25.863		1.33315			4
2025.12.08	00:19:26.166	1.33154	1.33318			6
2025.12.08	00:19:26.471	1.33163	1.33302			6
2025.12.08	00:19:26.788		1.33311			4
2025.12.08	00:19:27.095		1.33309			4
2025.12.08	00:19:28.331		1.33307			4
2025.12.08	00:19:29.880	1.33153	1.33310			6
2025.12.08	00:19:30.181		1.33308			4
2025.12.08	00:19:32.964		1.33309			4
2025.12.08	00:19:37.927	1.33155	1.33313			6
2025.12.08	00:19:38.236		1.33305			4
2025.12.08	00:19:38.551	1.33144				2
2025.12.08	00:19:38.856		1.33313			4
2025.12.08	00:19:40.084	1.33160	1.33305			6
2025.12.08	00:19:41.022	1.33166				2
2025.12.08	00:19:43.198	1.33153	1.33307			6
2025.12.08	00:19:43.508		1.33296			4
2025.12.08	00:19:47.848	1.33148				2
2025.12.08	00:19:48.771		1.33304			4
2025.12.08	00:19:50.306	1.33145	1.33307			6
2025.12.08	00:19:50.615		1.33299			4
2025.12.08	00:19:58.939	1.33165	1.33315			6
2025.12.08	00:19:59.246	1.33148	1.33297			6
2025.12.08	00:19:59.553	1.33146	1.33320			6
2025.12.08	00:19:59.859	1.33162	1.33313			6
2025.12.08	00:20:00.170	1.33162				2
2025.12.08	00:20:00.480	1.33146				2
2025.12.08	00:20:06.047		1.33310			4
2025.12.08	00:20:09.729		1.33311			4
2025.12.08	00:20:10.346	1.33145				2
2025.12.08	00:20:10.653	1.33163	1.33317			6
2025.12.08	00:20:10.967		1.33311			4
2025.12.08	00:20:16.187	1.33162				2
2025.12.08	00:20:20.783		1.33301			4
2025.12.08	00:20:22.629	1.33171	1.33322			6
2025.12.08	00:20:22.930	1.33172	1.33313			6
2025.12.08	00:20:23.246		1.33314			4
2025.12.08	00:20:31.552	1.33171				2
2025.12.08	00:20:38.641		1.33311			4
2025.12.08	00:20:38.950		1.33304			4
2025.12.08	00:20:46.951	1.33170	1.33305			6
2025.12.08	00:20:47.563	1.33166				2
2025.12.08	00:20:48.177		1.33310			4
2025.12.08	00:20:48.486		1.33305			4
2025.12.08	00:20:48.792	1.33170				2
2025.12.08	00:20:49.099		1.33307			4
2025.12.08	00:20:58.334	1.33171	1.33305			6
2025.12.08	00:20:59.884	1.33170				2
2025.12.08	00:21:00.191	1.33170				2
2025.12.08	00:21:08.211		1.33310			4
2025.12.08	00:21:08.524		1.33305			4
2025.12.08	00:21:28.235		1.33310			4
2025.12.08	00:21:28.538		1.33305			4
2025.12.08	00:21:48.237		1.33310			4
2025.12.08	00:21:48.544		1.33306			4
2025.12.08	00:21:52.243		1.33305			4
2025.12.08	00:21:55.632		1.33307			4
2025.12.08	00:21:58.098	1.33169				2
2025.12.08	00:22:00.261	1.33169				2
2025.12.08	00:22:08.286		1.33311			4
2025.12.08	00:22:08.596	1.33177	1.33308			6
2025.12.08	00:22:09.207		1.33305			4
2025.12.08	00:22:09.827	1.33172				2
2025.12.08	00:22:10.454	1.33171				2
2025.12.08	00:22:10.762	1.33165				2
2025.12.08	00:22:11.991	1.33164				2
2025.12.08	00:22:12.300	1.33161	1.33306			6
2025.12.08	00:22:26.444	1.33162				2
2025.12.08	00:22:30.441	1.33159				2
2025.12.08	00:22:33.227	1.33160				2
2025.12.08	00:22:36.909	1.33159				2
2025.12.08	00:22:47.693	1.33158				2
2025.12.08	00:22:56.955	1.33157	1.33304			6
2025.12.08	00:22:57.262		1.33305			4
2025.12.08	00:22:57.883	1.33156				2
2025.12.08	00:23:00.032	1.33156				2
2025.12.08	00:23:01.577	1.33157				2
2025.12.08	00:23:05.900		1.33303			4
2025.12.08	00:23:08.685	1.33158				2
2025.12.08	00:23:08.991	1.33157				2
2025.12.08	00:23:09.297	1.33156				2
2025.12.08	00:23:09.606	1.33157				2
2025.12.08	00:23:17.301	1.33158				2
2025.12.08	00:23:18.535	1.33156				2
2025.12.08	00:23:25.615	1.33155				2
2025.12.08	00:23:33.316	1.33157	1.33318			6
2025.12.08	00:23:34.240	1.33158				2
2025.12.08	00:23:36.714	1.33160	1.33337			6
2025.12.08	00:23:37.635	1.33161				2
2025.12.08	00:23:37.947		1.33336			4
2025.12.08	00:23:38.556		1.33337			4
2025.12.08	00:23:41.332	1.33173	1.33339			6
2025.12.08	00:23:41.642	1.33175				2
2025.12.08	00:23:42.255	1.33174				2
2025.12.08	00:23:47.497		1.33340			4
2025.12.08	00:23:50.567	1.33175				2
2025.12.08	00:23:58.895	1.33176				2
2025.12.08	00:24:00.129	1.33176				2
2025.12.08	00:24:00.748	1.33175				2
2025.12.08	00:24:05.992		1.33339			4
2025.12.08	00:24:06.922	1.33176				2
2025.12.08	00:24:07.538		1.33338			4
2025.12.08	00:24:08.769	1.33178	1.33349			6
2025.12.08	00:24:09.702		1.33350			4
2025.12.08	00:24:14.321	1.33176	1.33328			6
2025.12.08	00:24:14.634		1.33324			4
2025.12.08	00:24:15.569	1.33177				2
2025.12.08	00:24:23.873		1.33317			4
2025.12.08	00:24:35.279		1.33316			4
2025.12.08	00:24:44.528	1.33178				2
2025.12.08	00:25:00.232	1.33178				2
2025.12.08	00:25:02.068	1.33179				2
2025.12.08	00:25:03.915		1.33313			4
2025.12.08	00:25:08.554		1.33308			4
2025.12.08	00:25:14.398		1.33342			4
2025.12.08	00:25:24.886		1.33358			4
2025.12.08	00:25:29.835		1.33351			4
2025.12.08	00:25:30.756		1.33343			4
2025.12.08	00:25:31.682		1.33339			4
2025.12.08	00:25:33.218		1.33338			4
2025.12.08	00:25:34.768		1.33336			4
2025.12.08	00:25:36.002		1.33335			4
2025.12.08	00:25:36.314	1.33180				2
2025.12.08	00:25:38.481	1.33179				2
2025.12.08	00:25:39.403	1.33178				2
2025.12.08	00:25:41.556		1.33332			4
2025.12.08	00:25:42.173	1.33179				2
2025.12.08	00:25:43.407		1.33329			4
2025.12.08	00:25:44.635	1.33178				2
2025.12.08	00:25:45.568	1.33180				2
2025.12.08	00:25:45.880	1.33182				2
2025.12.08	00:25:47.422	1.33179				2
2025.12.08	00:25:47.730	1.33178				2
2025.12.08	00:25:48.968	1.33179				2
2025.12.08	00:25:53.586	1.33182				2
2025.12.08	00:25:55.131		1.33330			4
2025.12.08	00:25:55.444	1.33179				2
2025.12.08	00:26:00.076	1.33179				2
2025.12.08	00:26:08.731	1.33178	1.33335			6
2025.12.08	00:26:10.892	1.33179	1.33333			6
2025.12.08	00:26:12.134		1.33332			4
2025.12.08	00:26:13.366		1.33330			4
2025.12.08	00:26:14.291		1.33357			4
2025.12.08	00:26:14.594	1.33178				2
2025.12.08	00:26:14.905		1.33354			4
2025.12.08	00:26:15.827	1.33177				2
2025.12.08	00:26:17.669	1.33178				2
2025.12.08	00:26:24.144		1.33324			4
2025.12.08	00:26:24.759	1.33179				2
2025.12.08	00:26:31.858		1.33328			4
2025.12.08	00:26:32.166		1.33325			4
2025.12.08	00:26:32.474		1.33324			4
2025.12.08	00:26:35.567	1.33177				2
2025.12.08	00:26:36.807	1.33178				2
2025.12.08	00:26:39.603		1.33319			4
2025.12.08	00:26:47.631	1.33180				2
2025.12.08	00:26:48.860	1.33178				2
2025.12.08	00:26:49.167	1.33179				2
2025.12.08	00:27:00.289	1.33179				2
2025.12.08	00:27:13.872	1.33180				2
2025.12.08	00:27:14.177	1.33179				2
2025.12.08	00:27:18.507		1.33311			4
2025.12.08	00:27:19.449	1.33178	1.33309			6
2025.12.08	00:27:20.687	1.33179				2
2025.12.08	00:27:21.000	1.33178				2
2025.12.08	00:27:25.142		1.33319			4
2025.12.08	00:27:25.763		1.33317			4
2025.12.08	00:27:26.076		1.33315			4
2025.12.08	00:27:26.382		1.33317			4
2025.12.08	00:27:27.304		1.33316			4
2025.12.08	00:27:39.077		1.33302			4
2025.12.08	00:27:43.414	1.33179				2
2025.12.08	00:27:44.346		1.33339			4
2025.12.08	00:27:52.704		1.33303			4
2025.12.08	00:27:53.014	1.33190				2
2025.12.08	00:27:53.317	1.33205	1.33332			6
2025.12.08	00:27:53.628		1.33331			4
2025.12.08	00:27:57.016		1.33328			4
2025.12.08	00:27:58.846		1.33326			4
2025.12.08	00:27:59.151		1.33324			4
2025.12.08	00:28:00.064	1.33205				2
2025.12.08	00:28:01.290		1.33350			4
2025.12.08	00:28:09.313		1.33351			4
2025.12.08	00:28:09.618		1.33350			4
2025.12.08	00:28:10.237	1.33200	1.33323			6
2025.12.08	00:28:11.164		1.33322			4
2025.12.08	00:28:11.473		1.33321			4
2025.12.08	00:28:13.002		1.33319			4
2025.12.08	00:28:13.909		1.33320			4
2025.12.08	00:28:14.219		1.33318			4
2025.12.08	00:28:14.525		1.33320			4
2025.12.08	00:28:18.245		1.33317			4
2025.12.08	00:28:20.086		1.33315			4
2025.12.08	00:28:21.003		1.33317			4
2025.12.08	00:28:21.914		1.33315			4
2025.12.08	00:28:22.527		1.33314			4
2025.12.08	00:28:24.374		1.33313			4
2025.12.08	00:28:24.683		1.33314			4
2025.12.08	00:28:25.602		1.33311			4
2025.12.08	00:28:26.212		1.33313			4
2025.12.08	00:28:26.520		1.33311			4
2025.12.08	00:28:28.977		1.33313			4
2025.12.08	00:28:29.283		1.33311			4
2025.12.08	00:28:32.963		1.33309			4
2025.12.08	00:28:33.579		1.33311			4
2025.12.08	00:28:33.881		1.33309			4
2025.12.08	00:28:35.110		1.33308			4
2025.12.08	00:28:35.415		1.33307			4
2025.12.08	00:28:35.718		1.33309			4
2025.12.08	00:28:36.020		1.33307			4
2025.12.08	00:28:36.625		1.33309			4
2025.12.08	00:28:36.927		1.33307			4
2025.12.08	00:28:39.375		1.33317			4
2025.12.08	00:28:40.599		1.33319			4
2025.12.08	00:28:40.908		1.33317			4
2025.12.08	00:28:42.144		1.33319			4
2025.12.08	00:28:42.753		1.33317			4
2025.12.08	00:28:43.061		1.33319			4
2025.12.08	00:28:43.369		1.33317			4
2025.12.08	00:28:46.451		1.33319			4
2025.12.08	00:28:46.756		1.33317			4
2025.12.08	00:28:47.379		1.33318			4
2025.12.08	00:28:47.992		1.33320			4
2025.12.08	00:28:48.298		1.33318			4
2025.12.08	00:28:49.532		1.33320			4
2025.12.08	00:28:49.841		1.33318			4
2025.12.08	00:28:51.074		1.33320			4
2025.12.08	00:28:51.387		1.33318			4
2025.12.08	00:28:52.931		1.33320			4
2025.12.08	00:28:53.238		1.33318			4
2025.12.08	00:28:54.462		1.33320			4
2025.12.08	00:28:54.771		1.33318			4
2025.12.08	00:28:58.164		1.33319			4
2025.12.08	00:28:58.473		1.33317			4
2025.12.08	00:29:00.009	1.33200				2
2025.12.08	00:29:00.624		1.33319			4
2025.12.08	00:29:00.933		1.33317			4
2025.12.08	00:29:03.714		1.33319			4
2025.12.08	00:29:04.025		1.33317			4
2025.12.08	00:29:04.332		1.33319			4
2025.12.08	00:29:04.637		1.33317			4
2025.12.08	00:29:05.575		1.33319			4
2025.12.08	00:29:05.881		1.33317			4
2025.12.08	00:29:07.118		1.33319			4
2025.12.08	00:29:07.432		1.33317			4
2025.12.08	00:29:09.894		1.33319			4
2025.12.08	00:29:10.204		1.33318			4
2025.12.08	00:29:11.763		1.33320			4
2025.12.08	00:29:12.071		1.33318			4
2025.12.08	00:29:13.303		1.33319			4
2025.12.08	00:29:13.608		1.33318			4
2025.12.08	00:29:13.913		1.33319			4
2025.12.08	00:29:14.525		1.33317			4
2025.12.08	00:29:15.764		1.33318			4
2025.12.08	00:29:16.073		1.33317			4
2025.12.08	00:29:20.084		1.33319			4
2025.12.08	00:29:24.400		1.33318			4
2025.12.08	00:29:24.703		1.33319			4
2025.12.08	00:29:26.561		1.33318			4
2025.12.08	00:29:26.873		1.33319			4
2025.12.08	00:29:35.196		1.33318			4
2025.12.08	00:29:35.509		1.33319			4
2025.12.08	00:30:00.127	1.33200				2
2025.12.08	00:30:00.436	1.33199	1.33346			6
2025.12.08	00:30:03.518		1.33340			4
2025.12.08	00:30:03.834		1.33339			4
2025.12.08	00:30:18.657	1.33201	1.33347			6
2025.12.08	00:30:21.420		1.33345			4
2025.12.08	00:30:23.710		1.33331			4
2025.12.08	00:30:24.016		1.33332			4
2025.12.08	00:30:24.333		1.33324			4
2025.12.08	00:30:26.799		1.33326			4
2025.12.08	00:30:28.656		1.33341			4
2025.12.08	00:30:30.810		1.33338			4
2025.12.08	00:30:31.422		1.33339			4
2025.12.08	00:30:31.737		1.33341			4
2025.12.08	00:30:32.043		1.33339			4
2025.12.08	00:30:36.677		1.33337			4
2025.12.08	00:30:40.068	1.33198	1.33346			6
2025.12.08	00:30:40.382		1.33342			4
2025.12.08	00:30:40.688		1.33339			4
2025.12.08	00:30:44.078		1.33338			4
2025.12.08	00:30:45.627	1.33201	1.33339			6
2025.12.08	00:30:45.932		1.33338			4
2025.12.08	00:30:46.253		1.33334			4
2025.12.08	00:30:46.868		1.33332			4
2025.12.08	00:30:49.335		1.33331			4
2025.12.08	00:30:49.952		1.33330			4
2025.12.08	00:30:50.255		1.33328			4
2025.12.08	00:30:59.518		1.33327			4
2025.12.08	00:31:00.140	1.33201				2
2025.12.08	00:31:06.298		1.33324			4
2025.12.08	00:31:06.918		1.33323			4
2025.12.08	00:31:09.375		1.33322			4
2025.12.08	00:31:15.238		1.33327			4
2025.12.08	00:31:15.551		1.33326			4
2025.12.08	00:31:15.856		1.33318			4
2025.12.08	00:31:18.327		1.33317			4
2025.12.08	00:31:23.569		1.33321			4
2025.12.08	00:31:25.114		1.33320			4
2025.12.08	00:31:28.197		1.33318			4
2025.12.08	00:31:28.510		1.33319			4
2025.12.08	00:31:29.431		1.33317			4
2025.12.08	00:31:32.519		1.33316			4
2025.12.08	00:31:34.998		1.33321			4
2025.12.08	00:31:35.305		1.33314			4
2025.12.08	00:31:35.613		1.33313			4
2025.12.08	00:31:40.233		1.33319			4
2025.12.08	00:31:44.247		1.33317			4
2025.12.08	00:31:45.790		1.33315			4
2025.12.08	00:31:46.097		1.33316			4
2025.12.08	00:31:50.099		1.33315			4
2025.12.08	00:31:52.562		1.33313			4
2025.12.08	00:31:54.717		1.33315			4
2025.12.08	00:31:56.882		1.33313			4
2025.12.08	00:32:00.277	1.33201				2
2025.12.08	00:32:03.671	1.33213	1.33320			6
2025.12.08	00:32:04.603		1.33322			4
2025.12.08	00:32:14.159		1.33319			4
2025.12.08	00:32:15.091		1.33317			4
2025.12.08	00:32:16.325		1.33318			4
2025.12.08	00:32:23.112		1.33317			4
2025.12.08	00:32:28.052		1.33316			4
2025.12.08	00:32:35.770		1.33319			4
2025.12.08	00:32:43.159		1.33317			4
2025.12.08	00:32:43.770		1.33316			4
2025.12.08	00:32:56.393		1.33320			4
2025.12.08	00:32:59.170		1.33319			4
2025.12.08	00:33:00.091	1.33213				2
2025.12.08	00:33:02.260		1.33318			4
2025.12.08	00:33:11.837		1.33317			4
2025.12.08	00:33:12.762	1.33212	1.33320			6
2025.12.08	00:33:15.534		1.33318			4
2025.12.08	00:33:18.320		1.33320			4
2025.12.08	00:33:50.998	1.33213	1.33317			6
2025.12.08	00:33:59.633	1.33214	1.33321			6
2025.12.08	00:34:00.249	1.33214				2
2025.12.08	00:34:01.788		1.33319			4
2025.12.08	00:34:04.556		1.33318			4
2025.12.08	00:34:08.869		1.33320			4
2025.12.08	00:34:12.871	1.33217	1.33319			6
2025.12.08	00:34:13.183		1.33315			4
2025.12.08	00:34:15.343		1.33318			4
2025.12.08	00:34:25.811	1.33216	1.33319			6
2025.12.08	00:34:26.123		1.33321			4
2025.12.08	00:34:46.187	1.33214	1.33316			6
2025.12.08	00:35:00.076	1.33214				2
2025.12.08	00:35:04.704		1.33325			4
2025.12.08	00:35:05.012		1.33321			4
2025.12.08	00:35:05.932		1.33325			4
2025.12.08	00:35:12.716	1.33215				2
2025.12.08	00:35:13.022		1.33323			4
2025.12.08	00:35:15.485	1.33214	1.33325			6
2025.12.08	00:35:15.798		1.33321			4
2025.12.08	00:35:24.105		1.33319			4
2025.12.08	00:35:33.943		1.33320			4
2025.12.08	00:35:36.097	1.33215	1.33317			6
2025.12.08	00:35:36.405		1.33316			4
2025.12.08	00:35:38.254		1.33315			4
2025.12.08	00:35:45.645		1.33316			4
2025.12.08	00:35:50.280		1.33315			4
2025.12.08	00:35:51.824		1.33313			4
2025.12.08	00:35:52.131	1.33216	1.33320			6
2025.12.08	00:35:53.363		1.33318			4
2025.12.08	00:36:00.138	1.33216				2
2025.12.08	00:36:00.446		1.33319			4
2025.12.08	00:36:01.984		1.33318			4
2025.12.08	00:36:03.226		1.33317			4
2025.12.08	00:36:03.836		1.33314			4
2025.12.08	00:36:10.927		1.33316			4
2025.12.08	00:36:11.232		1.33318			4
2025.12.08	00:36:12.468		1.33316			4
2025.12.08	00:36:12.779	1.33219				2
2025.12.08	00:36:15.544	1.33216	1.33311			6
2025.12.08	00:36:15.853		1.33314			4
2025.12.08	00:36:17.400		1.33312			4
2025.12.08	00:36:18.019		1.33314			4
2025.12.08	00:36:25.112		1.33313			4
2025.12.08	00:36:35.883		1.33314			4
2025.12.08	00:36:36.186		1.33315			4
2025.12.08	00:36:42.045	1.33217	1.33316			6
2025.12.08	00:36:42.351		1.33317			4
2025.12.08	00:36:46.349		1.33316			4
2025.12.08	00:36:46.660		1.33313			4
2025.12.08	00:36:58.108	1.33218	1.33314			6
2025.12.08	00:37:00.268	1.33218				2
2025.12.08	00:37:02.116		1.33311			4
2025.12.08	00:37:02.427		1.33312			4
2025.12.08	00:37:03.664		1.33311			4
2025.12.08	00:37:04.284		1.33313			4
2025.12.08	00:37:04.898		1.33312			4
2025.12.08	00:37:07.057	1.33219	1.33315			6
2025.12.08	00:37:07.987		1.33312			4
2025.12.08	00:37:17.541		1.33316			4
2025.12.08	00:37:21.847		1.33314			4
2025.12.08	00:37:25.859		1.33316			4
2025.12.08	00:37:27.089		1.33312			4
2025.12.08	00:37:28.629		1.33313			4
2025.12.08	00:37:40.377	1.33220				2
2025.12.08	00:37:43.457		1.33310			4
2025.12.08	00:37:44.377		1.33309			4
2025.12.08	00:37:44.682		1.33311			4
2025.12.08	00:37:45.305		1.33313			4
2025.12.08	00:37:45.615		1.33317			4
2025.12.08	00:37:49.314	1.33221				2
2025.12.08	00:37:54.559		1.33315			4
2025.12.08	00:37:56.102	1.33222				2
2025.12.08	00:37:56.719		1.33318			4
2025.12.08	00:37:57.027	1.33220				2
2025.12.08	00:37:57.648		1.33316			4
2025.12.08	00:37:58.572	1.33221				2
2025.12.08	00:38:00.119	1.33221				2
2025.12.08	00:38:01.048	1.33220				2
2025.12.08	00:38:02.278		1.33317			4
2025.12.08	00:38:03.508		1.33316			4
2025.12.08	00:38:06.907	1.33221				2
2025.12.08	00:38:10.292	1.33222				2
2025.12.08	00:38:11.523	1.33220				2
2025.12.08	00:38:17.362	1.33219				2
2025.12.08	00:38:21.962	1.33218				2
2025.12.08	00:38:23.803	1.33217				2
2025.12.08	00:38:50.791		1.33314			4
2025.12.08	00:38:57.852		1.33315			4
2025.12.08	00:39:00.000	1.33217				2
2025.12.08	00:39:58.089		1.33315			4
2025.12.08	00:39:59.938		1.33314			4
2025.12.08	00:40:00.242	1.33217				2
2025.12.08	00:40:18.071	1.33219				2
2025.12.08	00:40:59.962		1.33314			4
2025.12.08	00:41:00.281	1.33219				2
2025.12.08	00:41:01.207		1.33316			4
2025.12.08	00:41:04.303	1.33218				2
2025.12.08	00:41:18.270	1.33225	1.33313			6
2025.12.08	00:41:19.205	1.33216	1.33316			6
2025.12.08	00:41:55.787		1.33315			4
2025.12.08	00:42:00.138	1.33216				2
2025.12.08	00:42:06.326		1.33314			4
2025.12.08	00:42:08.181		1.33313			4
2025.12.08	00:42:08.488		1.33314			4
2025.12.08	00:42:16.537		1.33313			4
2025.12.08	00:42:19.322		1.33314			4
2025.12.08	00:42:19.629		1.33315			4
2025.12.08	00:42:31.090	1.33215				2
2025.12.08	00:42:58.625	1.33216				2
2025.12.08	00:43:00.176	1.33216				2
2025.12.08	00:43:02.964		1.33314			4
2025.12.08	00:43:03.584	1.33213				2
2025.12.08	00:43:03.891	1.33220	1.33316			6
2025.12.08	00:43:04.200	1.33219	1.33315			6
2025.12.08	00:43:05.124	1.33214	1.33316			6
2025.12.08	00:43:05.435	1.33213	1.33318			6
2025.12.08	00:43:07.289		1.33317			4
2025.12.08	00:43:07.909	1.33219	1.33319			6
2025.12.08	00:43:08.215		1.33314			4
2025.12.08	00:43:14.086		1.33313			4
2025.12.08	00:43:16.861		1.33314			4
2025.12.08	00:43:18.713		1.33318			4
2025.12.08	00:43:19.333		1.33316			4
2025.12.08	00:43:31.091	1.33224	1.33319			6
2025.12.08	00:43:31.400		1.33316			4
2025.12.08	00:43:33.870		1.33318			4
2025.12.08	00:43:36.039		1.33317			4
2025.12.08	00:43:36.355		1.33316			4
2025.12.08	00:43:46.580		1.33315			4
2025.12.08	00:43:49.052		1.33314			4
2025.12.08	00:43:57.754		1.33315			4
2025.12.08	00:44:00.224	1.33224				2
2025.12.08	00:44:02.712		1.33313			4
2025.12.08	00:44:06.416		1.33314			4
2025.12.08	00:44:07.344		1.33317			4
2025.12.08	00:44:09.517		1.33318			4
2025.12.08	00:44:11.071		1.33317			4
2025.12.08	00:44:14.157		1.33315			4
2025.12.08	00:44:24.432	1.33225	1.33318			6
2025.12.08	00:44:25.667		1.33315			4
2025.12.08	00:44:27.205		1.33316			4
2025.12.08	00:44:29.060		1.33314			4
2025.12.08	00:44:31.207	1.33226	1.33316			6
2025.12.08	00:44:32.439		1.33317			4
2025.12.08	00:44:33.676		1.33316			4
2025.12.08	00:44:44.178		1.33313			4
2025.12.08	00:44:44.797	1.33225	1.33316			6
2025.12.08	00:44:45.720		1.33315			4
2025.12.08	00:44:48.809		1.33317			4
2025.12.08	00:44:53.132		1.33316			4
2025.12.08	00:44:54.367		1.33314			4
2025.12.08	00:44:57.772		1.33312			4
2025.12.08	00:44:58.085		1.33318			4
2025.12.08	00:44:58.394		1.33316			4
2025.12.08	00:44:58.705	1.33226				2
2025.12.08	00:44:59.014		1.33315			4
2025.12.08	00:44:59.326		1.33314			4
2025.12.08	00:45:00.252	1.33226				2
2025.12.08	00:45:03.033	1.33213				2
2025.12.08	00:45:03.649	1.33211				2
2025.12.08	00:45:04.579		1.33316			4
2025.12.08	00:45:04.894	1.33212	1.33315			6
2025.12.08	00:45:05.830	1.33213				2
2025.12.08	00:45:06.137	1.33214	1.33320			6
2025.12.08	00:45:06.450	1.33230	1.33316			6
2025.12.08	00:45:07.691	1.33228				2
2025.12.08	00:45:09.613	1.33229				2
2025.12.08	00:45:11.693	1.33245	1.33300			6
2025.12.08	00:45:14.194		1.33301			4
2025.12.08	00:45:14.819	1.33244				2
2025.12.08	00:45:15.126	1.33246				2
2025.12.08	00:45:15.746	1.33244				2
2025.12.08	00:45:16.368		1.33298			4
2025.12.08	00:45:21.042	1.33245	1.33301			6
2025.12.08	00:45:21.960		1.33300			4
2025.12.08	00:45:23.809		1.33301			4
2025.12.08	00:45:27.206		1.33299			4
2025.12.08	00:45:30.605		1.33301			4
2025.12.08	00:45:30.913		1.33307			4
2025.12.08	00:45:31.223		1.33300			4
2025.12.08	00:45:32.153	1.33257				2
2025.12.08	00:45:32.458		1.33298			4
2025.12.08	00:45:32.763	1.33247	1.33299			6
2025.12.08	00:45:33.079		1.33298			4
2025.12.08	00:45:33.385	1.33245				2
2025.12.08	00:45:36.165		1.33302			4
2025.12.08	00:45:38.017		1.33301			4
2025.12.08	00:45:41.104		1.33302			4
2025.12.08	00:45:43.260		1.33301			4
2025.12.08	00:45:45.104		1.33299			4
2025.12.08	00:45:45.419		1.33298			4
2025.12.08	00:45:46.039	1.33246				2
2025.12.08	00:45:46.347		1.33299			4
2025.12.08	00:45:46.657	1.33245				2
2025.12.08	00:45:46.966	1.33248	1.33298			6
2025.12.08	00:45:47.270		1.33296			4
2025.12.08	00:45:47.584	1.33246	1.33298			6
2025.12.08	00:45:47.890		1.33297			4
2025.12.08	00:45:49.747	1.33245				2
2025.12.08	00:45:50.056	1.33244				2
2025.12.08	00:45:50.983	1.33246				2
2025.12.08	00:45:53.454	1.33252				2
2025.12.08	00:45:53.768	1.33253				2
2025.12.08	00:45:54.073		1.33296			4
2025.12.08	00:45:54.993	1.33251				2
2025.12.08	00:45:55.604		1.33297			4
2025.12.08	00:45:55.914	1.33250				2
2025.12.08	00:45:56.225		1.33300			4
2025.12.08	00:45:56.531	1.33252				2
2025.12.08	00:45:56.845	1.33250	1.33294			6
2025.12.08	00:45:57.145	1.33251	1.33297			6
2025.12.08	00:45:57.454	1.33253				2
2025.12.08	00:45:58.368	1.33266				2
2025.12.08	00:45:59.292	1.33270	1.33303			6
2025.12.08	00:45:59.899	1.33269	1.33299			6
2025.12.08	00:46:00.209	1.33270	1.33301			6
2025.12.08	00:46:00.815	1.33269	1.33299			6
2025.12.08	00:46:01.122	1.33272	1.33295			6
2025.12.08	00:46:01.433		1.33298			4
2025.12.08	00:46:01.743	1.33271	1.33295			6
2025.12.08	00:46:02.049		1.33293			4
2025.12.08	00:46:02.357		1.33298			4
2025.12.08	00:46:02.665	1.33269				2
2025.12.08	00:46:02.967	1.33272	1.33294			6
2025.12.08	00:46:03.283	1.33271	1.33296			6
2025.12.08	00:46:03.586		1.33295			4
2025.12.08	00:46:03.887	1.33272				2
2025.12.08	00:46:04.194		1.33294			4
2025.12.08	00:46:04.500		1.33297			4
2025.12.08	00:46:04.807	1.33270	1.33298			6
2025.12.08	00:46:05.110		1.33291			4
2025.12.08	00:46:05.419	1.33269	1.33295			6
2025.12.08	00:46:05.729		1.33298			4
2025.12.08	00:46:06.032		1.33291			4
2025.12.08	00:46:06.333	1.33270	1.33297			6
2025.12.08	00:46:06.644	1.33268				2
2025.12.08	00:46:06.947		1.33291			4
2025.12.08	00:46:07.259	1.33270	1.33294			6
2025.12.08	00:46:07.861		1.33295			4
2025.12.08	00:46:08.170		1.33293			4
2025.12.08	00:46:09.400		1.33292			4
2025.12.08	00:46:10.943	1.33268	1.33293			6
2025.12.08	00:46:11.253		1.33295			4
2025.12.08	00:46:14.002	1.33267				2
2025.12.08	00:46:14.303		1.33296			4
2025.12.08	00:46:14.607		1.33291			4
2025.12.08	00:46:14.907	1.33265	1.33293			6
2025.12.08	00:46:16.748	1.33268				2
2025.12.08	00:46:17.362	1.33264	1.33296			6
2025.12.08	00:46:19.522	1.33265				2
2025.12.08	00:46:19.824		1.33298			4
2025.12.08	00:46:20.125	1.33262	1.33297			6
2025.12.08	00:46:22.599		1.33299			4
2025.12.08	00:46:24.767		1.33295			4
2025.12.08	00:46:25.998		1.33296			4
2025.12.08	00:46:27.536	1.33261				2
2025.12.08	00:46:29.372		1.33297			4
2025.12.08	00:46:30.615	1.33262				2
2025.12.08	00:46:31.541	1.33261				2
2025.12.08	00:46:34.624		1.33296			4
2025.12.08	00:46:39.551	1.33262	1.33291			6
2025.12.08	00:46:40.777	1.33261				2
2025.12.08	00:46:41.995	1.33262				2
2025.12.08	00:46:46.270	1.33261				2
2025.12.08	00:46:48.104		1.33293			4
2025.12.08	00:46:49.336	1.33262				2
2025.12.08	00:46:50.564		1.33292			4
2025.12.08	00:46:53.319		1.33293			4
2025.12.08	00:47:00.078	1.33262				2
2025.12.08	00:47:01.617		1.33291			4
2025.12.08	00:47:03.151	1.33248				2
2025.12.08	00:47:04.376		1.33292			4
2025.12.08	00:47:06.537	1.33262				2
2025.12.08	00:47:17.318	1.33261				2
2025.12.08	00:47:28.088		1.33291			4
2025.12.08	00:47:31.166		1.33290			4
2025.12.08	00:47:39.166		1.33298			4
2025.12.08	00:47:56.106		1.33299			4
2025.12.08	00:48:00.128	1.33261				2
2025.12.08	00:48:02.293		1.33301			4
2025.12.08	00:48:06.336		1.33299			4
2025.12.08	00:48:06.651	1.33262				2
2025.12.08	00:48:19.952		1.33296			4
2025.12.08	00:48:24.883	1.33264				2
2025.12.08	00:48:44.647	1.33265				2
2025.12.08	00:48:45.878	1.33262				2
2025.12.08	00:49:00.076	1.33262				2
2025.12.08	00:49:02.232	1.33263				2
2025.12.08	00:49:05.017	1.33262				2
2025.12.08	00:49:06.245	1.33261	1.33298			6
2025.12.08	00:49:08.097		1.33295			4
2025.12.08	00:49:11.483	1.33263				2
2025.12.08	00:49:12.713	1.33262				2
2025.12.08	00:49:13.944	1.33263				2
2025.12.08	00:49:14.256	1.33262	1.33296			6
2025.12.08	00:49:15.790	1.33260	1.33298			6
2025.12.08	00:49:16.100		1.33299			4
2025.12.08	00:49:17.648		1.33298			4
2025.12.08	00:49:19.492		1.33294			4
2025.12.08	00:49:19.800		1.33295			4
2025.12.08	00:49:26.899		1.33294			4
2025.12.08	00:49:27.206		1.33297			4
2025.12.08	00:49:30.905	1.33262	1.33299			6
2025.12.08	00:49:31.214		1.33298			4
2025.12.08	00:49:31.527		1.33296			4
2025.12.08	00:49:31.838	1.33260				2
2025.12.08	00:49:32.765		1.33297			4
2025.12.08	00:49:33.687		1.33298			4
2025.12.08	00:49:34.608		1.33297			4
2025.12.08	00:49:36.769	1.33259				2
2025.12.08	00:49:38.002		1.33296			4
2025.12.08	00:49:40.163	1.33260				2
2025.12.08	00:49:46.002		1.33297			4
2025.12.08	00:49:54.926	1.33261				2
2025.12.08	00:50:00.172	1.33261				2
2025.12.08	00:50:03.255	1.33260				2
2025.12.08	00:50:04.801		1.33295			4
2025.12.08	00:50:05.413	1.33259				2
2025.12.08	00:50:06.032		1.33293			4
2025.12.08	00:50:07.265		1.33294			4
2025.12.08	00:50:08.187		1.33293			4
2025.12.08	00:50:11.271		1.33296			4
2025.12.08	00:50:36.531		1.33299			4
2025.12.08	00:50:37.460		1.33298			4
2025.12.08	00:50:41.153		1.33297			4
2025.12.08	00:50:43.936	1.33261	1.33296			6
2025.12.08	00:51:00.264	1.33261				2
2025.12.08	00:51:09.506	1.33262	1.33295			6
2025.12.08	00:51:15.984	1.33263				2
2025.12.08	00:51:16.896	1.33262				2
2025.12.08	00:51:22.748		1.33293			4
2025.12.08	00:51:23.057		1.33295			4
2025.12.08	00:51:31.068	1.33263				2
2025.12.08	00:51:36.296	1.33264				2
2025.12.08	00:51:36.608		1.33294			4
2025.12.08	00:51:38.460		1.33295			4
2025.12.08	00:51:39.378	1.33265				2
2025.12.08	00:51:46.195		1.33293			4
2025.12.08	00:51:48.660		1.33295			4
2025.12.08	00:51:51.125	1.33264				2
2025.12.08	00:52:00.131	1.33264				2
2025.12.08	00:52:01.060		1.33296			4
2025.12.08	00:52:04.157		1.33292			4
2025.12.08	00:52:04.771		1.33293			4
2025.12.08	00:52:05.076	1.33265				2
2025.12.08	00:52:10.636		1.33294			4
2025.12.08	00:52:11.565		1.33295			4
2025.12.08	00:52:36.287	1.33264				2
2025.12.08	00:52:36.594		1.33296			4
2025.12.08	00:52:37.525	1.33266				2
2025.12.08	00:52:37.831	1.33265				2
2025.12.08	00:52:49.015		1.33294			4
2025.12.08	00:52:49.323	1.33266	1.33293			6
2025.12.08	00:52:52.433	1.33267				2
2025.12.08	00:52:52.740	1.33268				2
2025.12.08	00:53:00.123	1.33268				2
2025.12.08	00:53:05.981		1.33294			4
2025.12.08	00:53:09.065	1.33267				2
2025.12.08	00:53:10.295		1.33293			4
2025.12.08	00:53:10.910	1.33268				2
2025.12.08	00:53:12.751	1.33267				2
2025.12.08	00:53:14.297		1.33294			4
2025.12.08	00:53:15.847		1.33292			4
2025.12.08	00:53:18.316		1.33294			4
2025.12.08	00:53:19.862		1.33293			4
2025.12.08	00:53:20.169		1.33294			4
2025.12.08	00:53:23.031	1.33266	1.33295			6
2025.12.08	00:53:23.333		1.33294			4
2025.12.08	00:53:24.879	1.33265				2
2025.12.08	00:53:26.119	1.33266				2
2025.12.08	00:53:28.889	1.33265				2
2025.12.08	00:53:30.757		1.33295			4
2025.12.08	00:53:31.697		1.33296			4
2025.12.08	00:53:32.933	1.33266	1.33295			6
2025.12.08	00:53:33.549		1.33296			4
2025.12.08	00:53:34.773		1.33298			4
2025.12.08	00:53:35.078	1.33265				2
2025.12.08	00:53:36.621		1.33299			4
2025.12.08	00:53:36.929		1.33300			4
2025.12.08	00:53:37.544		1.33299			4
2025.12.08	00:53:37.850	1.33266				2
2025.12.08	00:53:38.158		1.33301			4
2025.12.08	00:53:38.465		1.33299			4
2025.12.08	00:53:39.084		1.33300			4
2025.12.08	00:53:40.013		1.33301			4
2025.12.08	00:53:44.024		1.33303			4
2025.12.08	00:53:46.187		1.33304			4
2025.12.08	00:53:48.037		1.33305			4
2025.12.08	00:53:48.959		1.33306			4
2025.12.08	00:53:51.114		1.33312			4
2025.12.08	00:53:51.734		1.33313			4
2025.12.08	00:53:52.371		1.33312			4
2025.12.08	00:53:52.676		1.33314			4
2025.12.08	00:53:57.633		1.33315			4
2025.12.08	00:53:59.484		1.33314			4
2025.12.08	00:54:00.098	1.33266				2
2025.12.08	00:54:02.887		1.33315			4
2025.12.08	00:54:06.284		1.33314			4
2025.12.08	00:54:09.368		1.33313			4
2025.12.08	00:54:09.673		1.33314			4
2025.12.08	00:54:10.914		1.33316			4
2025.12.08	00:54:13.686		1.33314			4
2025.12.08	00:54:17.081		1.33319			4
2025.12.08	00:54:18.313		1.33318			4
2025.12.08	00:54:26.008		1.33319			4
2025.12.08	00:54:32.176		1.33318			4
2025.12.08	00:54:42.344		1.33316			4
2025.12.08	00:54:45.128	1.33265				2
2025.12.08	00:54:46.360	1.33266	1.33314			6
2025.12.08	00:54:49.438		1.33313			4
2025.12.08	00:54:49.752	1.33265				2
2025.12.08	00:54:56.541	1.33263				2
2025.12.08	00:54:57.159	1.33271	1.33317			6
2025.12.08	00:54:57.465	1.33274	1.33318			6
2025.12.08	00:54:58.084		1.33316			4
2025.12.08	00:54:58.396	1.33276				2
2025.12.08	00:54:59.323	1.33275	1.33318			6
2025.12.08	00:54:59.634		1.33312			4
2025.12.08	00:55:00.244	1.33269	1.33335			6
2025.12.08	00:55:00.553		1.33333			4
2025.12.08	00:55:00.870	1.33268	1.33334			6
2025.12.08	00:55:02.723		1.33333			4
2025.12.08	00:55:03.959		1.33334			4
2025.12.08	00:55:04.580	1.33270	1.33341			6
2025.12.08	00:55:04.885		1.33340			4
2025.12.08	00:55:05.806	1.33271	1.33341			6
2025.12.08	00:55:10.124	1.33272				2
2025.12.08	00:55:10.426	1.33273	1.33340			6
2025.12.08	00:55:11.657	1.33278	1.33350			6
2025.12.08	00:55:11.959		1.33348			4
2025.12.08	00:55:12.577		1.33346			4
2025.12.08	00:55:12.893	1.33280	1.33343			6
2025.12.08	00:55:13.195		1.33344			4
2025.12.08	00:55:13.817	1.33281				2
2025.12.08	00:55:15.362		1.33343			4
2025.12.08	00:55:19.069		1.33342			4
2025.12.08	00:55:21.226		1.33344			4
2025.12.08	00:55:22.771		1.33342			4
2025.12.08	00:55:25.844		1.33343			4
2025.12.08	00:55:26.464	1.33280				2
2025.12.08	00:55:31.713	1.33281	1.33345			6
2025.12.08	00:55:32.335		1.33343			4
2025.12.08	00:55:33.578	1.33280				2
2025.12.08	00:55:36.366	1.33281	1.33344			6
2025.12.08	00:55:37.908	1.33280				2
2025.12.08	00:55:40.379		1.33346			4
2025.12.08	00:55:40.686		1.33342			4
2025.12.08	00:55:49.076	1.33279				2
2025.12.08	00:55:49.701		1.33344			4
2025.12.08	00:55:50.013		1.33342			4
2025.12.08	00:55:50.321	1.33280				2
2025.12.08	00:55:55.862		1.33343			4
2025.12.08	00:55:56.790	1.33281				2
2025.12.08	00:55:58.041	1.33280				2
2025.12.08	00:55:59.288	1.33281				2
2025.12.08	00:56:00.216	1.33281				2
2025.12.08	00:56:01.766		1.33345			4
2025.12.08	00:56:02.072		1.33343			4
2025.12.08	00:56:03.928		1.33344			4
2025.12.08	00:56:06.399	1.33280				2
2025.12.08	00:56:06.709		1.33343			4
2025.12.08	00:56:11.645	1.33278	1.33342			6
2025.12.08	00:56:11.953		1.33343			4
2025.12.08	00:56:12.263		1.33341			4
2025.12.08	00:56:12.887		1.33343			4
2025.12.08	00:56:26.127		1.33342			4
2025.12.08	00:56:26.441		1.33341			4
2025.12.08	00:56:27.683		1.33343			4
2025.12.08	00:56:29.532		1.33341			4
2025.12.08	00:56:30.764	1.33277				2
2025.12.08	00:56:32.002		1.33343			4
2025.12.08	00:56:32.933		1.33342			4
2025.12.08	00:56:40.043	1.33278				2
2025.12.08	00:56:41.280	1.33277				2
2025.12.08	00:56:43.468		1.33344			4
2025.12.08	00:56:44.707	1.33278				2
2025.12.08	00:56:45.633	1.33277				2
2025.12.08	00:56:47.178		1.33343			4
2025.12.08	00:56:47.484		1.33344			4
2025.12.08	00:56:48.415	1.33276				2
2025.12.08	00:56:49.030		1.33346			4
2025.12.08	00:56:49.955		1.33347			4
2025.12.08	00:56:53.654		1.33345			4
2025.12.08	00:57:00.129	1.33276				2
2025.12.08	00:57:03.841	1.33275	1.33344			6
2025.12.08	00:57:04.155		1.33342			4
2025.12.08	00:57:05.074	1.33276				2
2025.12.08	00:57:06.927	1.33275				2
2025.12.08	00:57:11.864	1.33274	1.33346			6
2025.12.08	00:57:16.187		1.33343			4
2025.12.08	00:57:16.807		1.33344			4
2025.12.08	00:57:22.060	1.33273				2
2025.12.08	00:57:27.003		1.33345			4
2025.12.08	00:57:27.622	1.33274				2
2025.12.08	00:57:28.239		1.33340			4
2025.12.08	00:57:28.547	1.33273				2
2025.12.08	00:57:35.339		1.33341			4
2025.12.08	00:57:36.262		1.33339			4
2025.12.08	00:57:38.125		1.33343			4
2025.12.08	00:57:38.433	1.33272	1.33341			6
2025.12.08	00:57:41.827		1.33342			4
2025.12.08	00:57:54.170		1.33339			4
2025.12.08	00:57:56.332	1.33271	1.33340			6
2025.12.08	00:58:00.046	1.33271				2
2025.12.08	00:58:01.591		1.33341			4
2025.12.08	00:58:04.989		1.33337			4
2025.12.08	00:58:08.383		1.33336			4
2025.12.08	00:58:08.701		1.33335			4
2025.12.08	00:58:09.009		1.33334			4
2025.12.08	00:58:15.183	1.33270				2
2025.12.08	00:58:19.509	1.33272	1.33338			6
2025.12.08	00:58:19.817		1.33339			4
2025.12.08	00:58:20.128	1.33270				2
2025.12.08	00:58:20.743	1.33269	1.33336			6
2025.12.08	00:58:21.056		1.33335			4
2025.12.08	00:58:23.204		1.33334			4
2025.12.08	00:58:28.762		1.33336			4
2025.12.08	00:58:33.686	1.33268	1.33335			6
2025.12.08	00:58:39.225	1.33267				2
2025.12.08	00:58:52.794		1.33337			4
2025.12.08	00:58:56.792		1.33335			4
2025.12.08	00:59:00.181	1.33267				2
2025.12.08	00:59:00.797	1.33266				2
2025.12.08	00:59:07.276		1.33334			4
2025.12.08	00:59:10.670		1.33337			4
2025.12.08	00:59:10.978		1.33336			4
2025.12.08	00:59:11.283		1.33335			4
2025.12.08	00:59:14.671	1.33267				2
2025.12.08	00:59:14.972	1.33266				2
2025.12.08	00:59:18.358	1.33267				2
2025.12.08	00:59:20.837	1.33266	1.33336			6
2025.12.08	00:59:21.144		1.33337			4
2025.12.08	00:59:22.075		1.33334			4
2025.12.08	00:59:22.999		1.33333			4
2025.12.08	00:59:24.545	1.33265				2
2025.12.08	00:59:28.244	1.33266	1.33337			6
2025.12.08	00:59:29.793	1.33265				2
2025.12.08	00:59:31.028		1.33336			4
2025.12.08	00:59:31.649		1.33334			4
2025.12.08	00:59:36.582		1.33333			4
2025.12.08	00:59:37.200	1.33263				2
2025.12.08	00:59:37.504		1.33334			4
2025.12.08	00:59:38.119		1.33335			4
2025.12.08	00:59:38.430		1.33334			4
2025.12.08	00:59:39.052	1.33264				2
2025.12.08	00:59:39.661		1.33333			4
2025.12.08	00:59:40.888		1.33332			4
2025.12.08	00:59:41.195		1.33334			4
2025.12.08	00:59:41.807	1.33263				2
2025.12.08	00:59:42.115		1.33333			4
2025.12.08	00:59:45.488		1.33331			4
2025.12.08	00:59:49.813	1.33262				2
2025.12.08	00:59:51.048	1.33263	1.33332			6
2025.12.08	00:59:52.590		1.33330			4
2025.12.08	00:59:52.897	1.33262				2
2025.12.08	00:59:54.131		1.33334			4
2025.12.08	00:59:57.511		1.33335			4
2025.12.08	00:59:59.046	1.33261				2
2025.12.08	01:00:00.283	1.33253	1.33329			6
2025.12.08	01:00:00.591	1.33254	1.33319			6
2025.12.08	01:00:00.900		1.33325			4
2025.12.08	01:00:01.213		1.33329			4
2025.12.08	01:00:01.533	1.33255				2
2025.12.08	01:00:01.837	1.33254				2
2025.12.08	01:00:02.453	1.33257				2
2025.12.08	01:00:03.395	1.33244	1.33369			6
2025.12.08	01:00:04.331	1.33243	1.33368			6
2025.12.08	01:00:05.563	1.33244	1.33369			6
2025.12.08	01:00:05.877	1.33243	1.33368			6
2025.12.08	01:00:06.184	1.33244	1.33369			6
2025.12.08	01:00:06.802	1.33255	1.33329			6
2025.12.08	01:00:11.123	1.33256				2
2025.12.08	01:00:11.428	1.33253	1.33323			6
2025.12.08	01:00:12.979	1.33254				2
2025.12.08	01:00:16.379	1.33257				2
2025.12.08	01:00:16.686	1.33258				2
2025.12.08	01:00:17.924	1.33259				2
2025.12.08	01:00:21.942	1.33262				2
2025.12.08	01:00:22.870	1.33263				2
2025.12.08	01:00:23.810	1.33261				2
2025.12.08	01:00:24.739	1.33263	1.33329			6
2025.12.08	01:00:25.048	1.33262	1.33327			6
2025.12.08	01:00:26.299	1.33263				2
2025.12.08	01:00:28.462	1.33264				2
2025.12.08	01:00:29.672	1.33248	1.33323			6
2025.12.08	01:00:29.980	1.33246				2
2025.12.08	01:00:30.292		1.33318			4
2025.12.08	01:00:30.913	1.33245				2
2025.12.08	01:00:31.531	1.33239				2
2025.12.08	01:00:36.488	1.33244				2
2025.12.08	01:00:39.270	1.33257				2
2025.12.08	01:00:40.196	1.33282				2
2025.12.08	01:00:40.499		1.33319			4
2025.12.08	01:00:41.125	1.33280				2
2025.12.08	01:00:41.433	1.33275				2
2025.12.08	01:00:43.920	1.33276				2
2025.12.08	01:00:44.228	1.33270				2
2025.12.08	01:00:45.464	1.33269				2
2025.12.08	01:00:46.390		1.33318			4
2025.12.08	01:00:50.424		1.33314			4
2025.12.08	01:00:50.744	1.33267				2
2025.12.08	01:00:52.595		1.33311			4
2025.12.08	01:00:59.720		1.33307			4
2025.12.08	01:01:00.026	1.33274				2
2025.12.08	01:01:03.404	1.33275	1.33300			6
2025.12.08	01:01:03.709	1.33274	1.33297			6
2025.12.08	01:01:07.672	1.33272	1.33296			6
2025.12.08	01:01:09.190	1.33264				2
2025.12.08	01:01:09.806	1.33265	1.33298			6
2025.12.08	01:01:10.119	1.33266	1.33292			6
2025.12.08	01:01:10.732	1.33265	1.33290			6
2025.12.08	01:01:11.036		1.33289			4
2025.12.08	01:01:11.643	1.33266	1.33291			6
2025.12.08	01:01:11.946		1.33293			4
2025.12.08	01:01:14.096	1.33264	1.33286			6
2025.12.08	01:01:15.018		1.33280			4
2025.12.08	01:01:16.237	1.33265				2
2025.12.08	01:01:17.476		1.33281			4
2025.12.08	01:01:18.092		1.33285			4
2025.12.08	01:01:21.465		1.33283			4
2025.12.08	01:01:27.720	1.33263	1.33282			6
2025.12.08	01:01:28.325	1.33261	1.33283			6
2025.12.08	01:01:28.943		1.33286			4
2025.12.08	01:01:29.561	1.33265				2
2025.12.08	01:01:33.540	1.33266	1.33288			6
2025.12.08	01:01:39.673	1.33265	1.33286			6
2025.12.08	01:01:40.590		1.33287			4
2025.12.08	01:01:43.658	1.33266	1.33285			6
2025.12.08	01:01:45.505	1.33265	1.33281			6
2025.12.08	01:01:46.111	1.33259	1.33282			6
2025.12.08	01:01:48.861		1.33281			4
2025.12.08	01:01:49.172	1.33272	1.33273			6
2025.12.08	01:01:59.339	1.33258	1.33281			6
2025.12.08	01:01:59.965		1.33276			4
2025.12.08	01:02:00.272	1.33257				2
2025.12.08	01:02:00.586		1.33273			4
2025.12.08	01:02:01.209		1.33272			4
2025.12.08	01:02:03.681	1.33258	1.33274			6
2025.12.08	01:02:04.296	1.33271	1.33272			6
2025.12.08	01:02:05.211	1.33253	1.33274			6
2025.12.08	01:02:07.675	1.33252				2
2025.12.08	01:02:09.533	1.33251				2
2025.12.08	01:02:10.765	1.33252				2
2025.12.08	01:02:11.068		1.33273			4
2025.12.08	01:02:11.707	1.33251				2
2025.12.08	01:02:12.021		1.33269			4
2025.12.08	01:02:12.326	1.33252				2
2025.12.08	01:02:12.948		1.33271			4
2025.12.08	01:02:13.255	1.33251				2
2025.12.08	01:02:13.564		1.33270			4
2025.12.08	01:02:13.869		1.33269			4
2025.12.08	01:02:14.176	1.33252				2
2025.12.08	01:02:15.108		1.33271			4
2025.12.08	01:02:15.719	1.33253				2
2025.12.08	01:02:16.033		1.33270			4
2025.12.08	01:02:17.265	1.33255	1.33274			6
2025.12.08	01:02:17.581	1.33254				2
2025.12.08	01:02:19.420		1.33273			4
2025.12.08	01:02:20.667	1.33249	1.33270			6
2025.12.08	01:02:24.801	1.33251	1.33271			6
2025.12.08	01:02:25.413		1.33272			4
2025.12.08	01:02:30.350	1.33246	1.33270			6
2025.12.08	01:02:33.446	1.33244				2
2025.12.08	01:02:34.681	1.33245				2
2025.12.08	01:02:41.147	1.33247	1.33268			6
2025.12.08	01:02:44.224	1.33246				2
2025.12.08	01:02:45.147	1.33245				2
2025.12.08	01:02:47.600		1.33266			4
2025.12.08	01:02:49.163		1.33265			4
2025.12.08	01:02:52.247		1.33264			4
2025.12.08	01:02:52.871	1.33244	1.33263			6
2025.12.08	01:02:53.798		1.33261			4
2025.12.08	01:02:54.415		1.33262			4
2025.12.08	01:02:55.651		1.33261			4
2025.12.08	01:02:56.883		1.33262			4
2025.12.08	01:03:00.283	1.33244				2
2025.12.08	01:03:03.392		1.33261			4
2025.12.08	01:03:04.310		1.33260			4
2025.12.08	01:03:05.857		1.33262			4
2025.12.08	01:03:09.250		1.33261			4
2025.12.08	01:03:14.483		1.33262			4
2025.12.08	01:03:19.111		1.33261			4
2025.12.08	01:03:34.336		1.33260			4
2025.12.08	01:03:34.957		1.33261			4
2025.12.08	01:03:50.970		1.33260			4
2025.12.08	01:03:52.497	1.33241				2
2025.12.08	01:03:52.804	1.33251	1.33252			6
2025.12.08	01:03:53.722	1.33250	1.33251			6
2025.12.08	01:03:54.343	1.33248	1.33253			6
2025.12.08	01:03:55.260		1.33252			4
2025.12.08	01:03:55.564	1.33250	1.33254			6
2025.12.08	01:03:55.867	1.33249	1.33253			6
2025.12.08	01:03:56.169	1.33248	1.33252			6
2025.12.08	01:03:57.088	1.33249				2
2025.12.08	01:03:58.319		1.33251			4
2025.12.08	01:03:59.543	1.33250	1.33252			6
2025.12.08	01:04:00.159	1.33251				2
2025.12.08	01:04:01.387	1.33241	1.33260			6
2025.12.08	01:04:02.922	1.33248	1.33254			6
2025.12.08	01:04:03.234	1.33249				2
2025.12.08	01:04:03.535	1.33250	1.33255			6
2025.12.08	01:04:04.139	1.33249				2
2025.12.08	01:04:04.755	1.33248	1.33254			6
2025.12.08	01:04:06.283	1.33249	1.33255			6
2025.12.08	01:04:08.112	1.33250				2
2025.12.08	01:04:09.334	1.33239	1.33260			6
2025.12.08	01:04:13.019	1.33249	1.33251			6
2025.12.08	01:04:13.323	1.33250				2
2025.12.08	01:04:13.630	1.33249	1.33250			6
2025.12.08	01:04:14.240	1.33246	1.33254			6
2025.12.08	01:04:15.158	1.33247				2
2025.12.08	01:04:17.292		1.33253			4
2025.12.08	01:04:17.600	1.33246	1.33252			6
2025.12.08	01:04:18.209	1.33248	1.33253			6
2025.12.08	01:04:19.123		1.33252			4
2025.12.08	01:04:19.435	1.33247	1.33251			6
2025.12.08	01:04:20.052	1.33246	1.33250			6
2025.12.08	01:04:20.364	1.33247				2
2025.12.08	01:04:22.193		1.33249			4
2025.12.08	01:04:23.116	1.33249	1.33250			6
2025.12.08	01:04:23.732	1.33248	1.33249			6
2025.12.08	01:04:24.654	1.33247	1.33248			6
2025.12.08	01:04:25.272	1.33246	1.33249			6
2025.12.08	01:04:25.901	1.33247	1.33250			6
2025.12.08	01:04:26.207	1.33248	1.33249			6
2025.12.08	01:04:27.132	1.33247	1.33250			6
2025.12.08	01:04:28.349	1.33248	1.33249			6
2025.12.08	01:04:29.271	1.33249	1.33250			6
2025.12.08	01:04:31.413	1.33248	1.33249			6
2025.12.08	01:04:33.247	1.33249	1.33250			6
2025.12.08	01:04:34.170	1.33248	1.33249			6
2025.12.08	01:04:35.393	1.33247	1.33248			6
2025.12.08	01:04:36.319	1.33245	1.33247			6
2025.12.08	01:04:37.236	1.33246				2
2025.12.08	01:04:38.470	1.33247	1.33248			6
2025.12.08	01:04:39.390	1.33246	1.33247			6
2025.12.08	01:04:41.545	1.33245	1.33246			6
2025.12.08	01:04:42.468	1.33246	1.33247			6
2025.12.08	01:04:44.918	1.33244	1.33245			6
2025.12.08	01:04:45.532	1.33245	1.33246			6
2025.12.08	01:04:47.378	1.33244	1.33245			6
2025.12.08	01:04:49.217	1.33245	1.33246			6
2025.12.08	01:04:49.524	1.33244	1.33245			6
2025.12.08	01:04:49.826	1.33245	1.33246			6
2025.12.08	01:04:53.507	1.33246	1.33247			6
2025.12.08	01:04:54.422	1.33245	1.33246			6
2025.12.08	01:04:55.042	1.33246	1.33247			6
2025.12.08	01:04:57.198	1.33247	1.33248			6
2025.12.08	01:04:57.812	1.33246	1.33247			6
2025.12.08	01:04:58.116	1.33247	1.33248			6
2025.12.08	01:04:58.720	1.33248	1.33249			6
2025.12.08	01:04:59.027	1.33247	1.33248			6
2025.12.08	01:04:59.339	1.33244	1.33249			6
2025.12.08	01:05:00.260	1.33243				2
2025.12.08	01:05:00.872	1.33241	1.33247			6
2025.12.08	01:05:01.180	1.33242				2
2025.12.08	01:05:02.094	1.33240	1.33248			6
2025.12.08	01:05:02.403	1.33241	1.33249			6
2025.12.08	01:05:03.014	1.33242	1.33250			6
2025.12.08	01:05:03.931	1.33241	1.33249			6
2025.12.08	01:05:06.381	1.33242	1.33248			6
2025.12.08	01:05:07.301	1.33243				2
2025.12.08	01:05:08.225		1.33247			4
2025.12.08	01:05:08.831	1.33244	1.33248			6
2025.12.08	01:05:09.137		1.33246			4
2025.12.08	01:05:10.357	1.33245				2
2025.12.08	01:05:11.271	1.33246	1.33247			6
2025.12.08	01:05:25.395	1.33245	1.33246			6
2025.12.08	01:05:25.710	1.33246	1.33247			6
2025.12.08	01:05:26.626	1.33245	1.33246			6
2025.12.08	01:05:26.932	1.33246	1.33247			6
2025.12.08	01:05:27.546	1.33245	1.33246			6
2025.12.08	01:05:35.227	1.33247	1.33248			6
2025.12.08	01:05:36.144	1.33245	1.33246			6
2025.12.08	01:05:36.454	1.33246	1.33247			6
2025.12.08	01:05:40.428	1.33245	1.33246			6
2025.12.08	01:05:48.701	1.33244	1.33245			6
2025.12.08	01:05:49.316	1.33241				2
2025.12.08	01:05:49.624	1.33242	1.33246			6
2025.12.08	01:05:50.241	1.33241	1.33247			6
2025.12.08	01:05:51.156	1.33242				2
2025.12.08	01:05:51.458	1.33243	1.33248			6
2025.12.08	01:05:53.297		1.33247			4
2025.12.08	01:05:54.222	1.33244				2
2025.12.08	01:05:55.138		1.33246			4
2025.12.08	01:05:56.361	1.33245				2
2025.12.08	01:06:00.041	1.33245				2
2025.12.08	01:06:00.967	1.33246	1.33247			6
2025.12.08	01:06:01.274	1.33245	1.33246			6
2025.12.08	01:06:05.259	1.33246	1.33247			6
2025.12.08	01:06:05.570	1.33245	1.33246			6
2025.12.08	01:06:06.491	1.33246	1.33247			6
2025.12.08	01:06:07.410	1.33245	1.33246			6
2025.12.08	01:06:09.861	1.33246	1.33247			6
2025.12.08	01:06:10.172	1.33245	1.33246			6
2025.12.08	01:06:20.305	1.33246	1.33247			6
2025.12.08	01:06:20.609	1.33245	1.33246			6
2025.12.08	01:06:21.231	1.33246	1.33247			6
2025.12.08	01:06:21.839	1.33244	1.33245			6
2025.12.08	01:06:22.145	1.33242	1.33247			6
2025.12.08	01:06:23.376	1.33241	1.33248			6
2025.12.08	01:06:24.299		1.33247			4
2025.12.08	01:06:25.227	1.33242				2
2025.12.08	01:06:25.534	1.33243	1.33248			6
2025.12.08	01:06:27.385		1.33247			4
2025.12.08	01:06:28.301	1.33244				2
2025.12.08	01:06:29.214	1.33243	1.33245			6
2025.12.08	01:06:31.356	1.33244				2
2025.12.08	01:06:32.284	1.33245	1.33246			6
2025.12.08	01:06:35.329	1.33247	1.33248			6
2025.12.08	01:06:35.644	1.33246	1.33247			6
2025.12.08	01:06:35.953	1.33247	1.33248			6
2025.12.08	01:06:36.256	1.33242	1.33250			6
2025.12.08	01:06:37.490	1.33239	1.33247			6
2025.12.08	01:06:39.653	1.33240	1.33248			6
2025.12.08	01:06:41.813	1.33241	1.33249			6
2025.12.08	01:06:43.661	1.33242	1.33250			6
2025.12.08	01:06:44.900	1.33243	1.33251			6
2025.12.08	01:06:45.214	1.33244				2
2025.12.08	01:06:45.520	1.33243	1.33250			6
2025.12.08	01:06:46.445	1.33241	1.33248			6
2025.12.08	01:06:47.372	1.33240				2
2025.12.08	01:06:48.297	1.33241				2
2025.12.08	01:06:49.221		1.33247			4
2025.12.08	01:06:51.062	1.33242	1.33248			6
2025.12.08	01:06:51.367	1.33243				2
2025.12.08	01:06:52.291	1.33242				2
2025.12.08	01:06:53.217		1.33247			4
2025.12.08	01:06:54.141	1.33241				2
2025.12.08	01:06:55.370	1.33242				2
2025.12.08	01:06:56.292		1.33246			4
2025.12.08	01:06:57.215	1.33243				2
2025.12.08	01:06:58.143		1.33245			4
2025.12.08	01:06:59.363	1.33245	1.33246			6
2025.12.08	01:06:59.668	1.33244	1.33245			6
2025.12.08	01:07:00.274	1.33244				2
2025.12.08	01:07:01.194	1.33246	1.33247			6
2025.12.08	01:07:02.117	1.33244				2
2025.12.08	01:07:02.423	1.33247	1.33248			6
2025.12.08	01:07:08.238	1.33245	1.33246			6
2025.12.08	01:07:12.840	1.33246	1.33247			6
2025.12.08	01:07:13.758	1.33245	1.33246			6
2025.12.08	01:07:14.675	1.33247	1.33248			6
2025.12.08	01:07:15.280	1.33246	1.33251			6
2025.12.08	01:07:15.894	1.33245				2
2025.12.08	01:07:16.201		1.33250			4
2025.12.08	01:07:16.512		1.33249			4
2025.12.08	01:07:16.819	1.33246				2
2025.12.08	01:07:17.126		1.33250			4
2025.12.08	01:07:18.352		1.33249			4
2025.12.08	01:07:19.893	1.33245				2
2025.12.08	01:07:20.206		1.33248			4
2025.12.08	01:07:22.357		1.33247			4
2025.12.08	01:07:22.666	1.33246	1.33248			6
2025.12.08	01:07:23.277		1.33249			4
2025.12.08	01:07:24.186	1.33247	1.33248			6
2025.12.08	01:07:25.411	1.33249	1.33250			6
2025.12.08	01:07:26.326	1.33245	1.33248			6
2025.12.08	01:07:26.937	1.33247	1.33250			6
2025.12.08	01:07:28.172		1.33249			4
2025.12.08	01:07:29.394	1.33248				2
2025.12.08	01:07:30.625	1.33247	1.33248			6
2025.12.08	01:07:31.235	1.33244	1.33249			6
2025.12.08	01:07:31.852	1.33245	1.33250			6
2025.12.08	01:07:33.394		1.33249			4
2025.12.08	01:07:34.318	1.33246				2
2025.12.08	01:07:35.237	1.33247	1.33248			6
2025.12.08	01:07:36.154	1.33248	1.33249			6
2025.12.08	01:07:37.687	1.33246	1.33247			6
2025.12.08	01:07:38.308	1.33244	1.33248			6
2025.12.08	01:07:39.237	1.33245	1.33247			6
2025.12.08	01:07:40.157	1.33246				2
2025.12.08	01:07:45.355	1.33248	1.33249			6
2025.12.08	01:07:45.662	1.33247	1.33248			6
2025.12.08	01:07:48.728	1.33249	1.33250			6
2025.12.08	01:07:50.254	1.33248	1.33249			6
2025.12.08	01:07:51.177	1.33249	1.33250			6
2025.12.08	01:07:51.781	1.33248	1.33249			6
2025.12.08	01:07:53.315	1.33244	1.33251			6
2025.12.08	01:07:54.235	1.33245	1.33250			6
2025.12.08	01:07:55.169	1.33246	1.33249			6
2025.12.08	01:07:56.095	1.33248				2
2025.12.08	01:07:57.326	1.33247	1.33250			6
2025.12.08	01:07:58.260	1.33248	1.33249			6
2025.12.08	01:07:59.181	1.33249	1.33250			6
2025.12.08	01:07:59.488	1.33250	1.33251			6
2025.12.08	01:07:59.793	1.33248	1.33249			6
2025.12.08	01:08:00.100	1.33248				2
2025.12.08	01:08:04.990	1.33250	1.33251			6
2025.12.08	01:08:05.599	1.33248	1.33249			6
2025.12.08	01:08:07.142	1.33245	1.33252			6
2025.12.08	01:08:08.380		1.33251			4
2025.12.08	01:08:08.687	1.33244	1.33250			6
2025.12.08	01:08:09.308		1.33248			4
2025.12.08	01:08:10.256	1.33245				2
2025.12.08	01:08:11.198	1.33244				2
2025.12.08	01:08:11.501	1.33243	1.33247			6
2025.12.08	01:08:12.136	1.33242	1.33249			6
2025.12.08	01:08:13.083	1.33241				2
2025.12.08	01:08:14.331	1.33243	1.33251			6
2025.12.08	01:08:14.647	1.33242	1.33250			6
2025.12.08	01:08:14.967	1.33241	1.33249			6
2025.12.08	01:08:18.077	1.33242	1.33250			6
2025.12.08	01:08:18.382	1.33240	1.33248			6
2025.12.08	01:08:19.000	1.33241	1.33249			6
2025.12.08	01:08:19.313	1.33242	1.33250			6
2025.12.08	01:08:19.623	1.33241	1.33249			6
2025.12.08	01:08:20.237	1.33242	1.33250			6
2025.12.08	01:08:20.857	1.33244	1.33252			6
2025.12.08	01:08:21.172	1.33243	1.33251			6
2025.12.08	01:08:21.477	1.33242	1.33250			6
2025.12.08	01:08:22.402	1.33243	1.33251			6
2025.12.08	01:08:24.267	1.33244				2
2025.12.08	01:08:25.194		1.33250			4
2025.12.08	01:08:25.498	1.33245	1.33251			6
2025.12.08	01:08:26.131	1.33246				2
2025.12.08	01:08:28.007	1.33245	1.33250			6
2025.12.08	01:08:28.323		1.33249			4
2025.12.08	01:08:28.629	1.33246	1.33250			6
2025.12.08	01:08:29.261		1.33251			4
2025.12.08	01:08:31.110	1.33247	1.33250			6
2025.12.08	01:08:32.333		1.33249			4
2025.12.08	01:08:33.262	1.33248				2
2025.12.08	01:08:34.486	1.33249	1.33250			6
2025.12.08	01:08:36.315	1.33248				2
2025.12.08	01:08:36.926	1.33247	1.33249			6
2025.12.08	01:08:37.227	1.33248				2
2025.12.08	01:08:37.533	1.33247	1.33248			6
2025.12.08	01:08:38.154	1.33245	1.33250			6
2025.12.08	01:08:39.384	1.33246	1.33249			6
2025.12.08	01:08:40.303	1.33247				2
2025.12.08	01:08:40.912	1.33245	1.33247			6
2025.12.08	01:08:41.219		1.33250			4
2025.12.08	01:08:42.143	1.33244				2
2025.12.08	01:08:43.060	1.33247				2
2025.12.08	01:08:43.375		1.33248			4
2025.12.08	01:08:44.299	1.33246	1.33249			6
2025.12.08	01:08:45.226	1.33245	1.33247			6
2025.12.08	01:08:45.839	1.33246	1.33248			6
2025.12.08	01:08:46.149	1.33245	1.33250			6
2025.12.08	01:08:47.392		1.33249			4
2025.12.08	01:08:48.316	1.33246				2
2025.12.08	01:08:49.243	1.33250	1.33251			6
2025.12.08	01:08:49.852	1.33248	1.33249			6
2025.12.08	01:08:50.155	1.33243	1.33251			6
2025.12.08	01:08:50.458	1.33244				2
2025.12.08	01:08:51.374	1.33243				2
2025.12.08	01:08:55.363	1.33244				2
2025.12.08	01:08:55.980	1.33245	1.33252			6
2025.12.08	01:08:56.285		1.33251			4
2025.12.08	01:08:57.212	1.33246				2
2025.12.08	01:08:58.141		1.33250			4
2025.12.08	01:08:58.450	1.33245	1.33249			6
2025.12.08	01:08:59.376	1.33246	1.33248			6
2025.12.08	01:08:59.680	1.33248	1.33250			6
2025.12.08	01:09:00.297	1.33248	1.33251			6
2025.12.08	01:09:00.604	1.33246	1.33249			6
2025.12.08	01:09:01.220	1.33244	1.33250			6
2025.12.08	01:09:02.135		1.33251			4
2025.12.08	01:09:03.368	1.33245				2
2025.12.08	01:09:04.291	1.33244	1.33249			6
2025.12.08	01:09:05.212	1.33243				2
2025.12.08	01:09:05.832	1.33247	1.33253			6
2025.12.08	01:09:06.146	1.33248				2
2025.12.08	01:09:07.379	1.33246	1.33254			6
2025.12.08	01:09:10.150	1.33247				2
2025.12.08	01:09:10.772	1.33246	1.33253			6
2025.12.08	01:09:11.391		1.33252			4
2025.12.08	01:09:12.316	1.33247				2
2025.12.08	01:09:13.243		1.33251			4
2025.12.08	01:09:14.167	1.33248				2
2025.12.08	01:09:15.090	1.33239	1.33266			6
2025.12.08	01:09:15.407	1.33250	1.33251			6
2025.12.08	01:09:16.630	1.33251	1.33252			6
2025.12.08	01:09:17.542	1.33250	1.33251			6
2025.12.08	01:09:19.378	1.33239	1.33265			6
2025.12.08	01:09:20.310	1.33238				2
2025.12.08	01:09:20.932	1.33250	1.33254			6
2025.12.08	01:09:21.236	1.33251				2
2025.12.08	01:09:22.154	1.33250	1.33252			6
2025.12.08	01:09:23.070	1.33251	1.33253			6
2025.12.08	01:09:23.373	1.33252				2
2025.12.08	01:09:26.144	1.33251	1.33252			6
2025.12.08	01:09:27.367	1.33252	1.33253			6
2025.12.08	01:09:27.672	1.33238	1.33265			6
2025.12.08	01:09:27.991	1.33251	1.33252			6
2025.12.08	01:09:29.527	1.33252	1.33253			6
2025.12.08	01:09:31.356	1.33250	1.33251			6
2025.12.08	01:09:34.434	1.33251	1.33252			6
2025.12.08	01:09:34.742	1.33253	1.33254			6
2025.12.08	01:09:35.047	1.33255	1.33256			6
2025.12.08	01:09:35.357	1.33252				2
2025.12.08	01:09:35.666	1.33258	1.33262			6
2025.12.08	01:09:35.986	1.33257	1.33261			6
2025.12.08	01:09:36.291	1.33255	1.33263			6
2025.12.08	01:09:36.596	1.33256	1.33264			6
2025.12.08	01:09:36.909	1.33260	1.33267			6
2025.12.08	01:09:38.443	1.33261				2
2025.12.08	01:09:39.694	1.33259				2
2025.12.08	01:09:40.000	1.33261				2
2025.12.08	01:09:41.541	1.33260				2
2025.12.08	01:09:42.155	1.33261				2
2025.12.08	01:09:42.467	1.33260				2
2025.12.08	01:09:43.078	1.33261				2
2025.12.08	01:09:43.379	1.33259				2
2025.12.08	01:09:43.996	1.33260				2
2025.12.08	01:09:45.229	1.33262				2
2025.12.08	01:09:45.539	1.33261				2
2025.12.08	01:09:47.083	1.33262				2
2025.12.08	01:09:50.167		1.33266			4
2025.12.08	01:09:51.095	1.33263				2
2025.12.08	01:09:52.325		1.33265			4
2025.12.08	01:09:53.243	1.33264				2
2025.12.08	01:09:54.154	1.33265	1.33266			6
2025.12.08	01:09:55.688	1.33260	1.33261			6
2025.12.08	01:09:55.995	1.33262	1.33263			6
2025.12.08	01:09:57.224	1.33261				2
2025.12.08	01:09:58.146	1.33262				2
2025.12.08	01:09:58.447	1.33263	1.33264			6
2025.12.08	01:09:59.969	1.33264	1.33265			6
2025.12.08	01:10:00.273	1.33266	1.33267			6
2025.12.08	01:10:00.581	1.33265	1.33266			6
2025.12.08	01:10:01.809	1.33264	1.33265			6
2025.12.08	01:10:06.101	1.33265	1.33266			6
2025.12.08	01:10:06.722	1.33264	1.33265			6
2025.12.08	01:10:07.024	1.33263	1.33264			6
2025.12.08	01:10:07.332	1.33262	1.33263			6
2025.12.08	01:10:14.685	1.33265	1.33266			6
2025.12.08	01:10:14.991	1.33261	1.33262			6
2025.12.08	01:10:15.300	1.33259	1.33260			6
2025.12.08	01:10:15.912	1.33260	1.33261			6
2025.12.08	01:10:16.224	1.33254	1.33262			6
2025.12.08	01:10:16.839	1.33255	1.33263			6
2025.12.08	01:10:17.145	1.33251	1.33259			6
2025.12.08	01:10:17.462	1.33252	1.33260			6
2025.12.08	01:10:20.242	1.33253				2
2025.12.08	01:10:20.550	1.33252	1.33259			6
2025.12.08	01:10:21.174		1.33258			4
2025.12.08	01:10:22.094	1.33253				2
2025.12.08	01:10:24.242		1.33257			4
2025.12.08	01:10:24.862	1.33254	1.33258			6
2025.12.08	01:10:25.166		1.33257			4
2025.12.08	01:10:25.475	1.33255	1.33258			6
2025.12.08	01:10:26.094		1.33257			4
2025.12.08	01:10:27.317	1.33256				2
2025.12.08	01:10:28.549	1.33255	1.33256			6
2025.12.08	01:10:29.160	1.33254	1.33255			6
2025.12.08	01:10:32.244	1.33239	1.33263			6
2025.12.08	01:10:32.548	1.33251	1.33252			6
2025.12.08	01:10:33.467	1.33252	1.33253			6
2025.12.08	01:10:36.228	1.33251	1.33252			6
2025.12.08	01:10:37.135	1.33258	1.33259			6
2025.12.08	01:10:37.440	1.33255	1.33256			6
2025.12.08	01:10:37.743	1.33256	1.33257			6
2025.12.08	01:10:38.348	1.33251	1.33259			6
2025.12.08	01:10:38.658	1.33253	1.33261			6
2025.12.08	01:10:38.966	1.33251	1.33259			6
2025.12.08	01:10:42.370		1.33258			4
2025.12.08	01:10:42.675	1.33252	1.33259			6
2025.12.08	01:10:42.979	1.33251	1.33258			6
2025.12.08	01:10:43.288	1.33252	1.33257			6
2025.12.08	01:10:45.140	1.33253	1.33256			6
2025.12.08	01:10:46.371	1.33254	1.33255			6
2025.12.08	01:10:46.989	1.33253	1.33254			6
2025.12.08	01:10:47.290	1.33254	1.33255			6
2025.12.08	01:10:51.924	1.33255	1.33256			6
2025.12.08	01:10:57.144	1.33256	1.33257			6
2025.12.08	01:10:57.451	1.33255	1.33256			6
2025.12.08	01:11:00.222	1.33255				2
2025.12.08	01:11:03.919	1.33258	1.33259			6
2025.12.08	01:11:04.232	1.33257	1.33258			6
2025.12.08	01:11:06.075	1.33253	1.33254			6
2025.12.08	01:11:07.301	1.33249	1.33257			6
2025.12.08	01:11:08.228	1.33250				2
2025.12.08	01:11:09.152		1.33256			4
2025.12.08	01:11:10.380	1.33251	1.33255			6
2025.12.08	01:11:11.304	1.33252				2
2025.12.08	01:11:11.616	1.33255	1.33258			6
2025.12.08	01:11:12.234	1.33253	1.33260			6
2025.12.08	01:11:13.158		1.33259			4
2025.12.08	01:11:14.393	1.33254				2
2025.12.08	01:11:15.313		1.33258			4
2025.12.08	01:11:15.937	1.33255	1.33259			6
2025.12.08	01:11:16.250	1.33256	1.33258			6
2025.12.08	01:11:17.182	1.33257				2
2025.12.08	01:11:23.018	1.33255	1.33256			6
2025.12.08	01:11:26.674	1.33256	1.33257			6
2025.12.08	01:11:27.293	1.33255	1.33256			6
2025.12.08	01:11:32.831	1.33258	1.33259			6
2025.12.08	01:11:33.134	1.33254	1.33257			6
2025.12.08	01:11:34.360	1.33253	1.33259			6
2025.12.08	01:11:34.973	1.33252	1.33258			6
2025.12.08	01:11:35.291	1.33253				2
2025.12.08	01:11:36.216		1.33257			4
2025.12.08	01:11:37.148	1.33255	1.33258			6
2025.12.08	01:11:38.361	1.33256	1.33257			6
2025.12.08	01:11:42.335	1.33253	1.33254			6
2025.12.08	01:11:43.254	1.33252	1.33255			6
2025.12.08	01:11:44.186	1.33240	1.33266			6
2025.12.08	01:11:46.987	1.33251	1.33259			6
2025.12.08	01:11:47.298	1.33250	1.33258			6
2025.12.08	01:11:48.228	1.33251	1.33259			6
2025.12.08	01:11:49.769	1.33252	1.33260			6
2025.12.08	01:11:51.006	1.33250	1.33258			6
2025.12.08	01:11:51.310	1.33249	1.33257			6
2025.12.08	01:11:54.095	1.33250				2
2025.12.08	01:11:54.707	1.33249	1.33256			6
2025.12.08	01:11:55.324	1.33250				2
2025.12.08	01:11:56.249	1.33251	1.33257			6
2025.12.08	01:11:56.563	1.33250	1.33256			6
2025.12.08	01:11:57.183		1.33255			4
2025.12.08	01:11:58.105	1.33253	1.33257			6
2025.12.08	01:11:58.412	1.33252	1.33256			6
2025.12.08	01:12:00.263	1.33252	1.33255			6
2025.12.08	01:12:02.106	1.33253				2
2025.12.08	01:12:03.347	1.33254				2
2025.12.08	01:12:03.953	1.33252	1.33253			6
2025.12.08	01:12:04.266	1.33251				2
2025.12.08	01:12:05.183	1.33252				2
2025.12.08	01:12:05.793	1.33253	1.33254			6
2025.12.08	01:12:06.715	1.33241	1.33267			6
2025.12.08	01:12:08.264	1.33240				2
2025.12.08	01:12:09.191	1.33254	1.33255			6
2025.12.08	01:12:09.496	1.33253	1.33254			6
2025.12.08	01:12:09.804	1.33252	1.33253			6
2025.12.08	01:12:10.415	1.33255	1.33256			6
2025.12.08	01:12:10.716	1.33240	1.33267			6
2025.12.08	01:12:11.023	1.33251	1.33252			6
2025.12.08	01:12:13.474	1.33257	1.33258			6
2025.12.08	01:12:13.775	1.33255	1.33256			6
2025.12.08	01:12:14.083	1.33252				2
2025.12.08	01:12:14.992	1.33251	1.33255			6
2025.12.08	01:12:16.217	1.33252				2
2025.12.08	01:12:17.133		1.33254			4
2025.12.08	01:12:17.437	1.33254	1.33256			6
2025.12.08	01:12:18.360	1.33253	1.33254			6
2025.12.08	01:12:18.670	1.33252	1.33253			6
2025.12.08	01:12:19.279	1.33250	1.33254			6
2025.12.08	01:12:20.195	1.33251				2
2025.12.08	01:12:21.115		1.33253			4
2025.12.08	01:12:22.338	1.33252				2
2025.12.08	01:12:28.444	1.33253	1.33254			6
2025.12.08	01:12:29.987	1.33254	1.33255			6
2025.12.08	01:12:34.891	1.33253	1.33254			6
2025.12.08	01:12:40.413	1.33256	1.33257			6
2025.12.08	01:12:41.030	1.33258	1.33259			6
2025.12.08	01:12:41.342	1.33254	1.33256			6
2025.12.08	01:12:41.646	1.33253	1.33255			6
2025.12.08	01:12:41.951	1.33254	1.33256			6
2025.12.08	01:12:42.268	1.33253	1.33257			6
2025.12.08	01:12:43.193	1.33254				2
2025.12.08	01:12:44.108	1.33259	1.33261			6
2025.12.08	01:12:44.725	1.33261	1.33263			6
2025.12.08	01:12:45.035	1.33260	1.33262			6
2025.12.08	01:12:45.340	1.33258	1.33266			6
2025.12.08	01:12:45.645	1.33257	1.33265			6
2025.12.08	01:12:46.567	1.33260	1.33268			6
2025.12.08	01:12:47.799	1.33259	1.33267			6
2025.12.08	01:12:48.112	1.33260				2
2025.12.08	01:12:49.342	1.33259	1.33266			6
2025.12.08	01:12:49.658	1.33260	1.33267			6
2025.12.08	01:12:50.278	1.33259	1.33265			6
2025.12.08	01:12:51.822	1.33260	1.33266			6
2025.12.08	01:12:52.131	1.33261				2
2025.12.08	01:12:53.355		1.33265			4
2025.12.08	01:12:54.279	1.33262	1.33264			6
2025.12.08	01:12:55.192	1.33263				2
2025.12.08	01:12:56.119	1.33264	1.33265			6
2025.12.08	01:13:00.093	1.33264				2
2025.12.08	01:13:00.400	1.33263	1.33264			6
2025.12.08	01:13:11.132	1.33260	1.33261			6
2025.12.08	01:13:13.286	1.33247	1.33266			6
2025.12.08	01:13:13.594	1.33255	1.33256			6
2025.12.08	01:13:14.208	1.33251	1.33259			6
2025.12.08	01:13:15.126	1.33252				2
2025.12.08	01:13:17.286		1.33258			4
2025.12.08	01:13:18.219	1.33253				2
2025.12.08	01:13:18.834	1.33252	1.33257			6
2025.12.08	01:13:19.149		1.33256			4
2025.12.08	01:13:20.375	1.33254				2
2025.12.08	01:13:22.214	1.33255				2
2025.12.08	01:13:24.976	1.33254	1.33255			6
2025.12.08	01:13:25.280	1.33255	1.33256			6
2025.12.08	01:13:26.805	1.33253	1.33254			6
2025.12.08	01:13:27.728	1.33255	1.33256			6
2025.12.08	01:13:28.336	1.33254	1.33255			6
2025.12.08	01:13:29.257	1.33255	1.33256			6
2025.12.08	01:13:41.522	1.33256	1.33257			6
2025.12.08	01:13:43.063	1.33254	1.33255			6
2025.12.08	01:13:43.367	1.33255	1.33256			6
2025.12.08	01:13:44.589	1.33256	1.33257			6
2025.12.08	01:13:45.514	1.33255	1.33256			6
2025.12.08	01:13:46.126	1.33252	1.33253			6
2025.12.08	01:13:47.356	1.33248	1.33255			6
2025.12.08	01:13:48.282		1.33254			4
2025.12.08	01:13:49.204	1.33249				2
2025.12.08	01:13:50.124	1.33238	1.33265			6
2025.12.08	01:13:52.273		1.33266			4
2025.12.08	01:13:52.579	1.33240				2
2025.12.08	01:13:55.105	1.33238				2
2025.12.08	01:13:58.197		1.33267			4
2025.12.08	01:14:00.049	1.33238				2
2025.12.08	01:14:00.365	1.33252	1.33253			6
2025.12.08	01:14:00.671	1.33238	1.33267			6
2025.12.08	01:14:00.975	1.33253	1.33254			6
2025.12.08	01:14:01.282	1.33254	1.33255			6
2025.12.08	01:14:02.203	1.33252				2
2025.12.08	01:14:02.509	1.33250	1.33253			6
2025.12.08	01:14:03.126	1.33251				2
2025.12.08	01:14:05.283	1.33253	1.33254			6
2025.12.08	01:14:09.872	1.33252	1.33253			6
2025.12.08	01:14:12.351	1.33253	1.33254			6
2025.12.08	01:14:17.564	1.33254	1.33255			6
2025.12.08	01:14:17.868	1.33253	1.33254			6
2025.12.08	01:14:43.902	1.33254	1.33255			6
2025.12.08	01:14:45.112	1.33241	1.33267			6
2025.12.08	01:14:46.645	1.33242				2
2025.12.08	01:14:48.486		1.33266			4
2025.12.08	01:14:49.100	1.33240				2
2025.12.08	01:14:50.641	1.33248	1.33252			6
2025.12.08	01:14:51.263	1.33249				2
2025.12.08	01:14:51.571	1.33248	1.33251			6
2025.12.08	01:14:51.877	1.33249	1.33252			6
2025.12.08	01:14:52.186	1.33254	1.33257			6
2025.12.08	01:14:53.114	1.33251	1.33259			6
2025.12.08	01:14:57.430	1.33252	1.33260			6
2025.12.08	01:14:59.293	1.33253				2
2025.12.08	01:15:00.214	1.33253	1.33259			6
2025.12.08	01:15:00.521	1.33252	1.33258			6
2025.12.08	01:15:01.132	1.33253	1.33259			6
2025.12.08	01:15:01.439	1.33252	1.33258			6
2025.12.08	01:15:01.745	1.33245	1.33267			6
2025.12.08	01:15:02.062	1.33252	1.33258			6
2025.12.08	01:15:02.368	1.33253				2
2025.12.08	01:15:02.675	1.33254	1.33259			6
2025.12.08	01:15:02.979	1.33252	1.33257			6
2025.12.08	01:15:03.289	1.33258	1.33263			6
2025.12.08	01:15:03.594	1.33254	1.33259			6
2025.12.08	01:15:04.220	1.33259	1.33264			6
2025.12.08	01:15:04.527	1.33255	1.33260			6
2025.12.08	01:15:04.829	1.33254	1.33259			6
2025.12.08	01:15:05.138	1.33251				2
2025.12.08	01:15:05.447	1.33254	1.33262			6
2025.12.08	01:15:05.752	1.33251	1.33259			6
2025.12.08	01:15:06.373	1.33256	1.33264			6
2025.12.08	01:15:06.679	1.33251	1.33259			6
2025.12.08	01:15:06.994	1.33252	1.33260			6
2025.12.08	01:15:07.301	1.33253	1.33261			6
2025.12.08	01:15:07.919	1.33252	1.33260			6
2025.12.08	01:15:08.234	1.33253				2
2025.12.08	01:15:08.538	1.33254	1.33261			6
2025.12.08	01:15:08.845	1.33252	1.33259			6
2025.12.08	01:15:09.158	1.33253	1.33260			6
2025.12.08	01:15:09.465	1.33258	1.33265			6
2025.12.08	01:15:09.767	1.33253	1.33260			6
2025.12.08	01:15:10.382	1.33248	1.33267			6
2025.12.08	01:15:10.703	1.33254	1.33260			6
2025.12.08	01:15:11.006	1.33253	1.33259			6
2025.12.08	01:15:11.316		1.33260			4
2025.12.08	01:15:12.554	1.33257	1.33264			6
2025.12.08	01:15:12.862	1.33251	1.33258			6
2025.12.08	01:15:13.175	1.33252				2
2025.12.08	01:15:13.483	1.33253	1.33267			6
2025.12.08	01:15:13.788	1.33251	1.33257			6
2025.12.08	01:15:14.097		1.33259			4
2025.12.08	01:15:14.701	1.33255	1.33263			6
2025.12.08	01:15:15.004	1.33250	1.33258			6
2025.12.08	01:15:15.623	1.33256	1.33264			6
2025.12.08	01:15:15.927	1.33253	1.33259			6
2025.12.08	01:15:16.235	1.33252				2
2025.12.08	01:15:16.853	1.33253	1.33260			6
2025.12.08	01:15:17.158	1.33251	1.33257			6
2025.12.08	01:15:17.472	1.33252	1.33258			6
2025.12.08	01:15:17.780	1.33259	1.33265			6
2025.12.08	01:15:18.083	1.33252	1.33258			6
2025.12.08	01:15:18.692	1.33257	1.33263			6
2025.12.08	01:15:19.004	1.33253	1.33259			6
2025.12.08	01:15:19.312	1.33254				2
2025.12.08	01:15:19.919	1.33257	1.33262			6
2025.12.08	01:15:20.225	1.33253	1.33257			6
2025.12.08	01:15:20.841	1.33259	1.33263			6
2025.12.08	01:15:21.148	1.33254	1.33258			6
2025.12.08	01:15:21.758	1.33257	1.33261			6
2025.12.08	01:15:22.060	1.33255	1.33259			6
2025.12.08	01:15:22.368	1.33253	1.33256			6
2025.12.08	01:15:22.679	1.33255	1.33258			6
2025.12.08	01:15:22.985	1.33257	1.33260			6
2025.12.08	01:15:23.291	1.33254	1.33257			6
2025.12.08	01:15:23.910	1.33251	1.33254			6
2025.12.08	01:15:24.222	1.33252				2
2025.12.08	01:15:24.534	1.33253	1.33255			6
2025.12.08	01:15:24.846	1.33254	1.33256			6
2025.12.08	01:15:25.149	1.33252	1.33254			6
2025.12.08	01:15:25.454	1.33253				2
2025.12.08	01:15:25.770	1.33252				2
2025.12.08	01:15:27.293	1.33253				2
2025.12.08	01:15:27.914	1.33254	1.33255			6
2025.12.08	01:15:33.129	1.33253	1.33254			6
2025.12.08	01:15:33.439	1.33252	1.33253			6
2025.12.08	01:15:33.748	1.33253	1.33254			6
2025.12.08	01:15:38.342	1.33254	1.33255			6
2025.12.08	01:15:38.956	1.33253	1.33254			6
2025.12.08	01:15:41.100	1.33254	1.33255			6
2025.12.08	01:15:42.941	1.33253	1.33254			6
2025.12.08	01:15:43.548	1.33254	1.33255			6
2025.12.08	01:15:48.444	1.33253	1.33254			6
2025.12.08	01:15:50.279	1.33254	1.33255			6
2025.12.08	01:15:55.200	1.33253	1.33254			6
2025.12.08	01:15:55.506	1.33254	1.33255			6
2025.12.08	01:15:58.557	1.33255	1.33256			6
2025.12.08	01:15:58.860	1.33254	1.33255			6
2025.12.08	01:15:59.475	1.33253	1.33254			6
2025.12.08	01:15:59.783	1.33254	1.33255			6
2025.12.08	01:16:00.086	1.33255	1.33256			6
2025.12.08	01:16:02.236	1.33254	1.33255			6
2025.12.08	01:16:02.542	1.33255	1.33256			6
2025.12.08	01:16:02.848	1.33254	1.33255			6
2025.12.08	01:16:03.154	1.33255	1.33256			6
2025.12.08	01:16:06.535	1.33254	1.33255			6
2025.12.08	01:16:09.587	1.33253	1.33254			6
2025.12.08	01:16:09.888	1.33254	1.33255			6
2025.12.08	01:16:10.198	1.33253	1.33254			6
2025.12.08	01:16:11.115	1.33251	1.33252			6
2025.12.08	01:16:11.731	1.33252	1.33253			6
2025.12.08	01:16:13.582	1.33251	1.33252			6
2025.12.08	01:16:13.886	1.33252	1.33253			6
2025.12.08	01:16:14.501	1.33253	1.33254			6
2025.12.08	01:16:14.805	1.33252	1.33253			6
2025.12.08	01:16:15.414	1.33253	1.33254			6
2025.12.08	01:16:16.023	1.33251	1.33252			6
2025.12.08	01:16:16.336		1.33253			4
2025.12.08	01:16:16.644	1.33252	1.33254			6
2025.12.08	01:16:17.255	1.33251	1.33253			6
2025.12.08	01:16:17.860	1.33252	1.33254			6
2025.12.08	01:16:18.163	1.33253				2
2025.12.08	01:16:18.770	1.33254	1.33255			6
2025.12.08	01:16:19.086	1.33253	1.33268			6
2025.12.08	01:16:19.392	1.33252	1.33254			6
2025.12.08	01:16:19.704	1.33251	1.33253			6
2025.12.08	01:16:20.015	1.33250	1.33268			6
2025.12.08	01:16:20.320	1.33245				2
2025.12.08	01:16:20.637	1.33257	1.33260			6
2025.12.08	01:16:20.940	1.33253	1.33256			6
2025.12.08	01:16:21.259		1.33258			4
2025.12.08	01:16:21.565	1.33251	1.33271			6
2025.12.08	01:16:21.871	1.33256	1.33261			6
2025.12.08	01:16:22.186		1.33263			4
2025.12.08	01:16:22.499		1.33264			4
2025.12.08	01:16:22.804		1.33263			4
2025.12.08	01:16:23.121	1.33254	1.33262			6
2025.12.08	01:16:23.743	1.33256	1.33263			6
2025.12.08	01:16:24.045	1.33254	1.33262			6
2025.12.08	01:16:24.350	1.33253	1.33261			6
2025.12.08	01:16:24.668	1.33254	1.33262			6
2025.12.08	01:16:25.276	1.33255	1.33263			6
2025.12.08	01:16:25.902	1.33256	1.33264			6
2025.12.08	01:16:26.210	1.33255	1.33263			6
2025.12.08	01:16:26.819	1.33252	1.33260			6
2025.12.08	01:16:27.135	1.33255	1.33262			6
2025.12.08	01:16:27.757	1.33254	1.33261			6
2025.12.08	01:16:28.058	1.33256	1.33263			6
2025.12.08	01:16:28.680	1.33255	1.33262			6
2025.12.08	01:16:29.290		1.33261			4
2025.12.08	01:16:29.911	1.33254	1.33260			6
2025.12.08	01:16:30.217	1.33257	1.33262			6
2025.12.08	01:16:32.382		1.33261			4
2025.12.08	01:16:33.305	1.33256	1.33260			6
2025.12.08	01:16:33.927	1.33257	1.33261			6
2025.12.08	01:16:34.242	1.33258				2
2025.12.08	01:16:35.468	1.33257	1.33260			6
2025.12.08	01:16:36.091	1.33258	1.33261			6
2025.12.08	01:16:36.394	1.33257	1.33260			6
2025.12.08	01:16:36.703	1.33259	1.33262			6
2025.12.08	01:16:37.014	1.33258	1.33261			6
2025.12.08	01:16:39.155		1.33260			4
2025.12.08	01:16:39.463	1.33259	1.33261			6
2025.12.08	01:16:40.384	1.33260				2
2025.12.08	01:16:42.209	1.33262	1.33263			6
2025.12.08	01:16:42.513	1.33263	1.33264			6
2025.12.08	01:16:43.116	1.33261				2
2025.12.08	01:16:44.666	1.33262	1.33265			6
2025.12.08	01:16:45.274	1.33261	1.33263			6
2025.12.08	01:16:47.110	1.33265	1.33266			6
2025.12.08	01:16:47.424	1.33266	1.33267			6
2025.12.08	01:16:47.734	1.33265	1.33266			6
2025.12.08	01:16:48.350	1.33263	1.33268			6
2025.12.08	01:16:50.215		1.33267			4
2025.12.08	01:16:51.139	1.33264				2
2025.12.08	01:16:52.378		1.33266			4
2025.12.08	01:16:52.992	1.33268	1.33269			6
2025.12.08	01:16:53.607	1.33266	1.33267			6
2025.12.08	01:16:53.914	1.33265	1.33266			6
2025.12.08	01:16:54.219	1.33266	1.33267			6
2025.12.08	01:16:54.531	1.33265	1.33266			6
2025.12.08	01:16:54.837	1.33266	1.33267			6
2025.12.08	01:16:55.457	1.33264	1.33265			6
2025.12.08	01:16:55.762	1.33265	1.33266			6
2025.12.08	01:16:56.065	1.33264	1.33265			6
2025.12.08	01:16:56.377	1.33263	1.33264			6
2025.12.08	01:16:56.683	1.33264	1.33265			6
2025.12.08	01:16:57.295	1.33261				2
2025.12.08	01:16:58.233	1.33262	1.33264			6
2025.12.08	01:16:58.537	1.33263	1.33265			6
2025.12.08	01:16:59.153	1.33264				2
2025.12.08	01:16:59.455	1.33262	1.33263			6
2025.12.08	01:16:59.759	1.33264	1.33265			6
2025.12.08	01:17:00.065	1.33264				2
2025.12.08	01:17:01.597	1.33263	1.33264			6
2025.12.08	01:17:01.902	1.33264	1.33265			6
2025.12.08	01:17:04.352	1.33265	1.33266			6
2025.12.08	01:17:04.963	1.33264	1.33265			6
2025.12.08	01:17:05.275	1.33265	1.33266			6
2025.12.08	01:17:05.885	1.33264	1.33265			6
2025.12.08	01:17:06.811	1.33263	1.33264			6
2025.12.08	01:17:07.116	1.33264	1.33265			6
2025.12.08	01:17:07.723	1.33263	1.33264			6
2025.12.08	01:17:08.341	1.33264	1.33265			6
2025.12.08	01:17:12.030	1.33263	1.33264			6
2025.12.08	01:17:12.335	1.33264	1.33265			6
2025.12.08	01:17:12.941	1.33262	1.33263			6
2025.12.08	01:17:16.303	1.33263	1.33264			6
2025.12.08	01:17:16.613	1.33264	1.33265			6
2025.12.08	01:17:19.064	1.33265	1.33266			6
2025.12.08	01:17:19.369	1.33264	1.33265			6
2025.12.08	01:17:21.817	1.33265	1.33266			6
2025.12.08	01:17:26.423	1.33267	1.33268			6
2025.12.08	01:17:26.723	1.33266	1.33267			6
2025.12.08	01:17:28.560	1.33267	1.33268			6
2025.12.08	01:17:29.786	1.33266	1.33267			6
2025.12.08	01:17:30.406	1.33267	1.33268			6
2025.12.08	01:17:30.715	1.33266	1.33267			6
2025.12.08	01:17:31.629	1.33267	1.33268			6
2025.12.08	01:17:35.312	1.33266	1.33267			6
2025.12.08	01:17:35.619	1.33265	1.33266			6
2025.12.08	01:17:36.840	1.33266	1.33267			6
2025.12.08	01:17:42.364	1.33265	1.33266			6
2025.12.08	01:17:49.110	1.33266	1.33267			6
2025.12.08	01:17:49.414	1.33264	1.33265			6
2025.12.08	01:17:50.331	1.33265	1.33266			6
2025.12.08	01:17:50.636	1.33266	1.33267			6
2025.12.08	01:17:51.560	1.33265	1.33266			6
2025.12.08	01:17:52.477	1.33266	1.33267			6
2025.12.08	01:17:53.719	1.33265	1.33266			6
2025.12.08	01:17:54.336	1.33266	1.33267			6
2025.12.08	01:17:56.476	1.33265	1.33266			6
2025.12.08	01:17:56.782	1.33257	1.33258			6
2025.12.08	01:17:57.097	1.33258	1.33266			6
2025.12.08	01:17:57.706	1.33259	1.33267			6
2025.12.08	01:17:58.948	1.33258	1.33266			6
2025.12.08	01:17:59.871		1.33265			4
2025.12.08	01:18:00.175	1.33258				2
2025.12.08	01:18:01.420		1.33264			4
2025.12.08	01:18:01.724		1.33266			4
2025.12.08	01:18:02.345		1.33265			4
2025.12.08	01:18:02.649	1.33260	1.33268			6
2025.12.08	01:18:02.959	1.33258	1.33266			6
2025.12.08	01:18:04.176		1.33265			4
2025.12.08	01:18:04.801		1.33263			4
2025.12.08	01:18:05.109	1.33259	1.33266			6
2025.12.08	01:18:05.416	1.33258	1.33264			6
2025.12.08	01:18:06.034		1.33265			4
2025.12.08	01:18:06.340		1.33264			4
2025.12.08	01:18:06.960	1.33259	1.33265			6
2025.12.08	01:18:08.197	1.33260				2
2025.12.08	01:18:08.505	1.33258	1.33263			6
2025.12.08	01:18:08.810		1.33262			4
2025.12.08	01:18:09.122		1.33263			4
2025.12.08	01:18:09.445	1.33259	1.33264			6
2025.12.08	01:18:10.230	1.33260				2
2025.12.08	01:18:10.546	1.33259	1.33263			6
2025.12.08	01:18:10.854	1.33260	1.33264			6
2025.12.08	01:18:11.161	1.33259	1.33263			6
2025.12.08	01:18:11.470	1.33258	1.33262			6
2025.12.08	01:18:11.778		1.33261			4
2025.12.08	01:18:12.089	1.33260	1.33263			6
2025.12.08	01:18:13.326	1.33262	1.33265			6
2025.12.08	01:18:14.866	1.33261	1.33264			6
2025.12.08	01:18:16.103		1.33263			4
2025.12.08	01:18:17.029	1.33262	1.33264			6
2025.12.08	01:18:18.259	1.33263				2
2025.12.08	01:18:18.561	1.33261	1.33262			6
2025.12.08	01:18:18.868	1.33260	1.33261			6
2025.12.08	01:18:19.179	1.33258	1.33262			6
2025.12.08	01:18:19.803	1.33259	1.33263			6
2025.12.08	01:18:20.105	1.33257	1.33261			6
2025.12.08	01:18:20.407	1.33255	1.33259			6
2025.12.08	01:18:21.023	1.33253	1.33257			6
2025.12.08	01:18:21.330	1.33254	1.33259			6
2025.12.08	01:18:22.249	1.33253	1.33257			6
2025.12.08	01:18:22.559	1.33254	1.33258			6
2025.12.08	01:18:23.181	1.33257	1.33262			6
2025.12.08	01:18:23.801	1.33258	1.33263			6
2025.12.08	01:18:24.107	1.33254	1.33259			6
2025.12.08	01:18:24.418	1.33258	1.33263			6
2025.12.08	01:18:24.723	1.33256	1.33261			6
2025.12.08	01:18:25.039	1.33257	1.33262			6
2025.12.08	01:18:25.346	1.33256	1.33260			6
2025.12.08	01:18:25.653	1.33257	1.33261			6
2025.12.08	01:18:26.271	1.33258				2
2025.12.08	01:18:27.810	1.33256	1.33259			6
2025.12.08	01:18:28.112	1.33258	1.33260			6
2025.12.08	01:18:28.416	1.33255	1.33257			6
2025.12.08	01:18:29.342	1.33256	1.33258			6
2025.12.08	01:18:29.647	1.33258	1.33260			6
2025.12.08	01:18:30.263	1.33256	1.33259			6
2025.12.08	01:18:30.566	1.33253	1.33256			6
2025.12.08	01:18:31.179	1.33252				2
2025.12.08	01:18:31.494		1.33257			4
2025.12.08	01:18:31.808	1.33253	1.33258			6
2025.12.08	01:18:32.115		1.33257			4
2025.12.08	01:18:32.426	1.33252	1.33256			6
2025.12.08	01:18:33.357	1.33253				2
2025.12.08	01:18:35.214		1.33255			4
2025.12.08	01:18:36.129	1.33254				2
2025.12.08	01:18:37.359	1.33253	1.33254			6
2025.12.08	01:18:37.673	1.33254	1.33255			6
2025.12.08	01:18:37.978	1.33255	1.33256			6
2025.12.08	01:18:38.593	1.33254	1.33255			6
2025.12.08	01:18:39.816	1.33253	1.33254			6
2025.12.08	01:18:40.117	1.33254	1.33255			6
2025.12.08	01:18:40.421	1.33255	1.33256			6
2025.12.08	01:18:42.581	1.33256	1.33257			6
2025.12.08	01:18:42.892	1.33254	1.33255			6
2025.12.08	01:18:43.195	1.33255	1.33256			6
2025.12.08	01:18:43.497	1.33254	1.33255			6
2025.12.08	01:18:44.719	1.33257	1.33258			6
2025.12.08	01:18:45.024	1.33258	1.33259			6
2025.12.08	01:18:45.327	1.33256	1.33257			6
2025.12.08	01:18:45.631	1.33255	1.33256			6
2025.12.08	01:18:45.940	1.33256	1.33257			6
2025.12.08	01:18:46.247	1.33260	1.33261			6
2025.12.08	01:18:46.550	1.33256	1.33257			6
2025.12.08	01:18:46.853	1.33255	1.33256			6
2025.12.08	01:18:47.771	1.33254	1.33255			6
2025.12.08	01:18:48.701	1.33255	1.33256			6
2025.12.08	01:18:52.062	1.33256	1.33257			6
2025.12.08	01:18:53.897	1.33255	1.33256			6
2025.12.08	01:18:54.506	1.33256	1.33257			6
2025.12.08	01:18:54.812	1.33255	1.33256			6
2025.12.08	01:18:55.115	1.33256	1.33257			6
2025.12.08	01:18:55.725	1.33255	1.33256			6
2025.12.08	01:18:56.339	1.33256	1.33257			6
2025.12.08	01:18:56.643	1.33255	1.33256			6
2025.12.08	01:19:00.016	1.33255				2
2025.12.08	01:19:16.890	1.33248	1.33249			6
2025.12.08	01:19:17.198	1.33249	1.33250			6
2025.12.08	01:19:17.501	1.33246	1.33247			6
2025.12.08	01:19:17.805	1.33249	1.33250			6
2025.12.08	01:19:18.113	1.33244	1.33252			6
2025.12.08	01:19:18.422	1.33243	1.33251			6
2025.12.08	01:19:19.664	1.33244	1.33252			6
2025.12.08	01:19:20.277	1.33245				2
2025.12.08	01:19:22.133		1.33251			4
2025.12.08	01:19:24.114	1.33246				2
2025.12.08	01:19:24.749	1.33250	1.33255			6
2025.12.08	01:19:25.365	1.33249	1.33253			6
2025.12.08	01:19:26.293	1.33248	1.33254			6
2025.12.08	01:19:27.222	1.33247	1.33253			6
2025.12.08	01:19:27.835	1.33248	1.33254			6
2025.12.08	01:19:28.145	1.33249				2
2025.12.08	01:19:29.380		1.33253			4
2025.12.08	01:19:30.306	1.33250				2
2025.12.08	01:19:31.232		1.33252			4
2025.12.08	01:19:32.159	1.33251				2
2025.12.08	01:19:35.831	1.33252	1.33253			6
2025.12.08	01:19:36.142	1.33248	1.33249			6
2025.12.08	01:19:36.447	1.33253	1.33254			6
2025.12.08	01:19:36.753	1.33254	1.33255			6
2025.12.08	01:19:37.059	1.33253	1.33254			6
2025.12.08	01:19:37.367	1.33251				2
2025.12.08	01:19:38.291	1.33252	1.33256			6
2025.12.08	01:19:38.604	1.33248				2
2025.12.08	01:19:39.222	1.33252				2
2025.12.08	01:19:39.527	1.33248				2
2025.12.08	01:19:40.150	1.33249	1.33257			6
2025.12.08	01:19:41.072	1.33248	1.33256			6
2025.12.08	01:19:41.388	1.33246	1.33253			6
2025.12.08	01:19:41.692	1.33249	1.33256			6
2025.12.08	01:19:42.003	1.33252				2
2025.12.08	01:19:42.317		1.33255			4
2025.12.08	01:19:42.625		1.33256			4
2025.12.08	01:19:42.933	1.33249	1.33255			6
2025.12.08	01:19:43.545	1.33252	1.33257			6
2025.12.08	01:19:43.851		1.33255			4
2025.12.08	01:19:44.159	1.33250	1.33256			6
2025.12.08	01:19:45.084	1.33252	1.33257			6
2025.12.08	01:19:45.395	1.33251	1.33254			6
2025.12.08	01:19:46.007	1.33250				2
2025.12.08	01:19:46.630	1.33252				2
2025.12.08	01:19:46.936	1.33250				2
2025.12.08	01:19:47.247	1.33251				2
2025.12.08	01:19:47.867	1.33250				2
2025.12.08	01:19:48.173	1.33248				2
2025.12.08	01:19:48.477	1.33247				2
2025.12.08	01:19:49.717	1.33251				2
2025.12.08	01:19:50.026	1.33248	1.33255			6
2025.12.08	01:19:51.276	1.33247				2
2025.12.08	01:19:52.206	1.33251	1.33252			6
2025.12.08	01:19:52.512	1.33249	1.33254			6
2025.12.08	01:19:52.821	1.33251	1.33255			6
2025.12.08	01:19:53.132	1.33247				2
2025.12.08	01:19:53.439	1.33248				2
2025.12.08	01:19:54.363	1.33251				2
2025.12.08	01:19:54.668	1.33248				2
2025.12.08	01:19:55.909	1.33247	1.33254			6
2025.12.08	01:19:56.215		1.33253			4
2025.12.08	01:19:56.528	1.33251	1.33254			6
2025.12.08	01:19:56.833	1.33247	1.33253			6
2025.12.08	01:19:57.139	1.33248				2
2025.12.08	01:19:57.760	1.33249	1.33254			6
2025.12.08	01:19:58.378		1.33253			4
2025.12.08	01:19:59.308		1.33252			4
2025.12.08	01:19:59.622	1.33251				2
2025.12.08	01:19:59.935		1.33254			4
2025.12.08	01:20:00.249	1.33251	1.33252			6
2025.12.08	01:20:01.160	1.33250	1.33251			6
2025.12.08	01:20:01.472	1.33251	1.33252			6
2025.12.08	01:20:02.089	1.33252	1.33253			6
2025.12.08	01:20:02.391	1.33248	1.33249			6
2025.12.08	01:20:02.700	1.33250	1.33251			6
2025.12.08	01:20:03.002	1.33253	1.33254			6
2025.12.08	01:20:03.309	1.33251	1.33252			6
2025.12.08	01:20:03.616	1.33250	1.33251			6
2025.12.08	01:20:04.239	1.33251	1.33252			6
2025.12.08	01:20:04.854	1.33252	1.33253			6
2025.12.08	01:20:05.156	1.33250	1.33251			6
2025.12.08	01:20:05.462	1.33252	1.33253			6
2025.12.08	01:20:05.762	1.33251	1.33252			6
2025.12.08	01:20:06.069	1.33252	1.33253			6
2025.12.08	01:20:06.376	1.33251	1.33252			6
2025.12.08	01:20:07.898	1.33252	1.33253			6
2025.12.08	01:20:09.118	1.33253	1.33254			6
2025.12.08	01:20:12.186	1.33251	1.33252			6
2025.12.08	01:20:13.113	1.33252	1.33253			6
2025.12.08	01:20:13.421	1.33251	1.33252			6
2025.12.08	01:20:13.728	1.33252	1.33253			6
2025.12.08	01:20:16.173	1.33253	1.33254			6
2025.12.08	01:20:16.479	1.33252	1.33253			6
2025.12.08	01:20:16.787	1.33253	1.33254			6
2025.12.08	01:20:17.090	1.33252	1.33253			6
2025.12.08	01:20:19.535	1.33253	1.33254			6
2025.12.08	01:20:21.964	1.33250	1.33251			6
2025.12.08	01:20:22.270	1.33251	1.33252			6
2025.12.08	01:20:22.580	1.33252	1.33253			6
2025.12.08	01:20:23.502	1.33253	1.33254			6
2025.12.08	01:20:34.533	1.33252	1.33253			6
2025.12.08	01:20:36.382	1.33254	1.33255			6
2025.12.08	01:20:36.996	1.33253	1.33254			6
2025.12.08	01:20:37.305	1.33252	1.33253			6
2025.12.08	01:20:42.196	1.33253	1.33254			6
2025.12.08	01:20:42.504	1.33254	1.33255			6
2025.12.08	01:20:43.118	1.33253	1.33254			6
2025.12.08	01:20:43.735	1.33252	1.33253			6
2025.12.08	01:20:44.351	1.33253	1.33254			6
2025.12.08	01:20:45.579	1.33254	1.33255			6
2025.12.08	01:20:51.707	1.33255	1.33256			6
2025.12.08	01:20:58.124	1.33253	1.33254			6
2025.12.08	01:20:58.440	1.33254	1.33255			6
2025.12.08	01:20:59.354	1.33255	1.33256			6
2025.12.08	01:20:59.659	1.33254	1.33255			6
2025.12.08	01:21:00.276	1.33254				2
2025.12.08	01:21:03.651	1.33252	1.33253			6
2025.12.08	01:21:03.959	1.33253	1.33254			6
2025.12.08	01:21:04.574	1.33252	1.33253			6
2025.12.08	01:21:04.884	1.33254	1.33255			6
2025.12.08	01:21:05.194	1.33252	1.33254			6
2025.12.08	01:21:05.497	1.33251				2
2025.12.08	01:21:08.290		1.33253			4
2025.12.08	01:21:10.137	1.33252				2
2025.12.08	01:21:11.368	1.33253	1.33254			6
2025.12.08	01:21:11.675	1.33252	1.33253			6
2025.12.08	01:21:11.976	1.33253	1.33254			6
2025.12.08	01:21:12.280	1.33251	1.33252			6
2025.12.08	01:21:12.584	1.33252	1.33253			6
2025.12.08	01:21:14.732	1.33254	1.33255			6
2025.12.08	01:21:15.338	1.33253	1.33254			6
2025.12.08	01:21:15.961	1.33254	1.33255			6
2025.12.08	01:21:16.570	1.33255	1.33256			6
2025.12.08	01:21:17.187	1.33253	1.33255			6
2025.12.08	01:21:17.822	1.33254				2
2025.12.08	01:21:18.752		1.33256			4
2025.12.08	01:21:19.058	1.33252	1.33254			6
2025.12.08	01:21:19.368	1.33253				2
2025.12.08	01:21:19.987	1.33255	1.33256			6
2025.12.08	01:21:20.912	1.33253	1.33254			6
2025.12.08	01:21:21.220		1.33255			4
2025.12.08	01:21:21.526	1.33252	1.33254			6
2025.12.08	01:21:21.843	1.33253	1.33255			6
2025.12.08	01:21:22.148	1.33252	1.33257			6
2025.12.08	01:21:22.457	1.33251	1.33256			6
2025.12.08	01:21:23.073	1.33252	1.33257			6
2025.12.08	01:21:23.382	1.33251	1.33255			6
2025.12.08	01:21:24.310		1.33254			4
2025.12.08	01:21:26.161		1.33253			4
2025.12.08	01:21:27.087	1.33252				2
2025.12.08	01:21:27.399	1.33253	1.33254			6
2025.12.08	01:21:27.701	1.33254	1.33255			6
2025.12.08	01:21:28.005	1.33253	1.33254			6
2025.12.08	01:21:28.928	1.33254	1.33255			6
2025.12.08	01:21:29.237	1.33255	1.33256			6
2025.12.08	01:21:29.852	1.33256	1.33257			6
2025.12.08	01:21:30.158	1.33252	1.33256			6
2025.12.08	01:21:31.384	1.33253				2
2025.12.08	01:21:31.695	1.33255	1.33258			6
2025.12.08	01:21:32.004	1.33252	1.33255			6
2025.12.08	01:21:32.320		1.33254			4
2025.12.08	01:21:33.264		1.33255			4
2025.12.08	01:21:34.204	1.33253				2
2025.12.08	01:21:35.129	1.33252	1.33256			6
2025.12.08	01:21:36.354	1.33254	1.33257			6
2025.12.08	01:21:36.668	1.33253	1.33256			6
2025.12.08	01:21:36.974	1.33251	1.33254			6
2025.12.08	01:21:37.292	1.33252				2
2025.12.08	01:21:37.906	1.33251	1.33253			6
2025.12.08	01:21:38.220		1.33256			4
2025.12.08	01:21:38.535	1.33250	1.33255			6
2025.12.08	01:21:39.150	1.33251				2
2025.12.08	01:21:40.073	1.33252	1.33256			6
2025.12.08	01:21:40.382		1.33257			4
2025.12.08	01:21:41.295	1.33251	1.33256			6
2025.12.08	01:21:41.598	1.33252	1.33257			6
2025.12.08	01:21:41.906	1.33251	1.33256			6
2025.12.08	01:21:42.214		1.33255			4
2025.12.08	01:21:42.522	1.33252	1.33256			6
2025.12.08	01:21:44.371	1.33253				2
2025.12.08	01:21:44.997	1.33252	1.33255			6
2025.12.08	01:21:45.299	1.33253				2
2025.12.08	01:21:45.602	1.33252	1.33254			6
2025.12.08	01:21:45.915	1.33253	1.33255			6
2025.12.08	01:21:46.218	1.33254				2
2025.12.08	01:21:46.833	1.33255	1.33256			6
2025.12.08	01:21:47.142	1.33254	1.33255			6
2025.12.08	01:21:47.757	1.33253	1.33254			6
2025.12.08	01:21:48.064	1.33254	1.33255			6
2025.12.08	01:21:49.280	1.33252	1.33256			6
2025.12.08	01:21:49.913	1.33251	1.33255			6
2025.12.08	01:21:50.539	1.33252	1.33256			6
2025.12.08	01:21:51.151	1.33253				2
2025.12.08	01:21:52.391		1.33255			4
2025.12.08	01:21:52.695	1.33252	1.33254			6
2025.12.08	01:21:53.004	1.33257	1.33258			6
2025.12.08	01:21:53.306	1.33254	1.33255			6
2025.12.08	01:21:53.615	1.33255	1.33256			6
2025.12.08	01:21:54.835	1.33254	1.33255			6
2025.12.08	01:21:55.456	1.33255	1.33256			6
2025.12.08	01:21:56.063	1.33254	1.33255			6
2025.12.08	01:21:56.683	1.33255	1.33256			6
2025.12.08	01:21:58.218	1.33253	1.33254			6
2025.12.08	01:21:58.524	1.33255	1.33256			6
2025.12.08	01:21:59.447	1.33254	1.33255			6
2025.12.08	01:21:59.750	1.33255	1.33256			6
2025.12.08	01:22:00.053	1.33256	1.33257			6
2025.12.08	01:22:00.972	1.33255	1.33256			6
2025.12.08	01:22:01.581	1.33254	1.33255			6
2025.12.08	01:22:02.196	1.33255	1.33257			6
2025.12.08	01:22:02.499		1.33258			4
2025.12.08	01:22:02.805	1.33256				2
2025.12.08	01:22:03.111	1.33257				2
2025.12.08	01:22:05.270	1.33255	1.33256			6
2025.12.08	01:22:06.502	1.33256	1.33257			6
2025.12.08	01:22:09.284	1.33255	1.33256			6
2025.12.08	01:22:11.129	1.33254	1.33255			6
2025.12.08	01:22:11.439	1.33255	1.33256			6
2025.12.08	01:22:11.745	1.33254	1.33255			6
2025.12.08	01:22:12.963	1.33256	1.33257			6
2025.12.08	01:22:13.576	1.33255	1.33256			6
2025.12.08	01:22:14.189	1.33256	1.33258			6
2025.12.08	01:22:15.131	1.33258	1.33259			6
2025.12.08	01:22:16.396	1.33257	1.33258			6
2025.12.08	01:22:17.009	1.33258	1.33259			6
2025.12.08	01:22:18.239	1.33256	1.33257			6
2025.12.08	01:22:18.861	1.33257	1.33258			6
2025.12.08	01:22:19.786	1.33258	1.33259			6
2025.12.08	01:22:20.092	1.33257	1.33258			6
2025.12.08	01:22:20.710	1.33256	1.33257			6
2025.12.08	01:22:21.026	1.33255	1.33256			6
2025.12.08	01:22:21.330	1.33256	1.33257			6
2025.12.08	01:22:21.648	1.33257	1.33258			6
2025.12.08	01:22:24.129	1.33258	1.33259			6
2025.12.08	01:22:25.985	1.33260	1.33261			6
2025.12.08	01:22:26.288	1.33258	1.33259			6
2025.12.08	01:22:26.603	1.33256	1.33258			6
2025.12.08	01:22:27.220		1.33257			4
2025.12.08	01:22:28.143	1.33255	1.33256			6
2025.12.08	01:22:28.453	1.33256	1.33257			6
2025.12.08	01:22:28.756	1.33255	1.33256			6
2025.12.08	01:22:29.385	1.33256	1.33257			6
2025.12.08	01:22:30.611	1.33257	1.33258			6
2025.12.08	01:22:33.082	1.33256	1.33257			6
2025.12.08	01:22:33.391	1.33253	1.33255			6
2025.12.08	01:22:33.697	1.33254	1.33256			6
2025.12.08	01:22:34.006		1.33257			4
2025.12.08	01:22:34.625		1.33256			4
2025.12.08	01:22:34.936	1.33255	1.33257			6
2025.12.08	01:22:35.238		1.33258			4
2025.12.08	01:22:35.542	1.33254	1.33257			6
2025.12.08	01:22:35.845	1.33253	1.33259			6
2025.12.08	01:22:36.153		1.33258			4
2025.12.08	01:22:36.463	1.33254				2
2025.12.08	01:22:36.767		1.33260			4
2025.12.08	01:22:37.082		1.33258			4
2025.12.08	01:22:37.389		1.33256			4
2025.12.08	01:22:37.697	1.33253	1.33258			6
2025.12.08	01:22:38.007	1.33254	1.33257			6
2025.12.08	01:22:38.315	1.33252	1.33256			6
2025.12.08	01:22:38.616	1.33253				2
2025.12.08	01:22:39.239		1.33259			4
2025.12.08	01:22:39.549	1.33252	1.33258			6
2025.12.08	01:22:39.850		1.33259			4
2025.12.08	01:22:40.764	1.33250	1.33257			6
2025.12.08	01:22:41.074	1.33252	1.33259			6
2025.12.08	01:22:41.695	1.33251	1.33258			6
2025.12.08	01:22:42.004	1.33250	1.33257			6
2025.12.08	01:22:42.310		1.33256			4
2025.12.08	01:22:42.932	1.33253	1.33259			6
2025.12.08	01:22:43.235	1.33252	1.33257			6
2025.12.08	01:22:43.547	1.33253	1.33258			6
2025.12.08	01:22:43.855	1.33252	1.33257			6
2025.12.08	01:22:44.159		1.33256			4
2025.12.08	01:22:44.471	1.33251	1.33255			6
2025.12.08	01:22:45.091	1.33250	1.33254			6
2025.12.08	01:22:45.398	1.33251	1.33255			6
2025.12.08	01:22:45.704	1.33252	1.33256			6
2025.12.08	01:22:46.015	1.33253	1.33255			6
2025.12.08	01:22:46.318	1.33255	1.33258			6
2025.12.08	01:22:46.625	1.33253	1.33256			6
2025.12.08	01:22:47.253		1.33255			4
2025.12.08	01:22:49.083	1.33254				2
2025.12.08	01:22:50.922	1.33255	1.33256			6
2025.12.08	01:22:51.838	1.33254	1.33255			6
2025.12.08	01:22:53.376	1.33255	1.33256			6
2025.12.08	01:22:54.295	1.33253	1.33254			6
2025.12.08	01:22:54.908	1.33255	1.33256			6
2025.12.08	01:22:55.215	1.33256	1.33257			6
2025.12.08	01:22:56.137	1.33255	1.33256			6
2025.12.08	01:22:56.444	1.33256	1.33257			6
2025.12.08	01:22:56.755	1.33255	1.33256			6
2025.12.08	01:22:57.058	1.33253	1.33254			6
2025.12.08	01:22:57.362	1.33255	1.33256			6
2025.12.08	01:22:58.282	1.33256	1.33257			6
2025.12.08	01:22:58.584	1.33255	1.33256			6
2025.12.08	01:22:59.504	1.33254	1.33255			6
2025.12.08	01:23:00.111	1.33255	1.33256			6
2025.12.08	01:23:01.337	1.33254	1.33255			6
