<DATE>	<TIME>	<BID>	<ASK>	<LAST>	<VOLUME>	<FLAGS>
2025.10.20	00:03:30.588	1.34252	1.34366			6
2025.10.20	00:04:00.376	1.34252				2
2025.10.20	00:04:41.084		1.34366			4
2025.10.20	00:05:00.779	1.34252	1.34372			6
2025.10.20	00:06:01.879	1.34252	1.34372			6
2025.10.20	00:06:15.874		1.34371			4
2025.10.20	00:07:02.042	1.34253				2
2025.10.20	00:07:25.879		1.34371			4
2025.10.20	00:08:02.041	1.34253				2
2025.10.20	00:08:03.944	1.34250				2
2025.10.20	00:08:15.059	1.34252				2
2025.10.20	00:08:28.031	1.34254	1.34371			6
2025.10.20	00:08:32.331	1.34256				2
2025.10.20	00:09:00.284	1.34256	1.34368			6
2025.10.20	00:09:00.602		1.34369			4
2025.10.20	00:09:03.687	1.34252				2
2025.10.20	00:09:40.379		1.34368			4
2025.10.20	00:09:50.620	1.34259				2
2025.10.20	00:10:00.180	1.34259				2
2025.10.20	00:10:00.492	1.34267	1.34360			6
2025.10.20	00:10:02.240	1.34263	1.34363			6
2025.10.20	00:10:02.988		1.34364			4
2025.10.20	00:10:06.117	1.34262				2
2025.10.20	00:10:07.356	1.34266	1.34361			6
2025.10.20	00:10:15.655		1.34360			4
2025.10.20	00:10:25.255	1.34267				2
2025.10.20	00:10:32.641	1.34263	1.34353			6
2025.10.20	00:10:34.553	1.34264				2
2025.10.20	00:10:50.296		1.34352			4
2025.10.20	00:11:00.819	1.34264				2
2025.10.20	00:11:01.555	1.34265				2
2025.10.20	00:11:11.734	1.34266	1.34351			6
2025.10.20	00:11:27.952		1.34350			4
2025.10.20	00:11:42.056	1.34267				2
2025.10.20	00:12:00.376	1.34267				2
2025.10.20	00:12:08.153		1.34349			4
2025.10.20	00:12:10.252		1.34350			4
2025.10.20	00:12:14.192		1.34349			4
2025.10.20	00:12:31.558	1.34268				2
2025.10.20	00:12:43.662	1.34269	1.34358			6
2025.10.20	00:12:47.971		1.34357			4
2025.10.20	00:12:51.354	1.34270				2
2025.10.20	00:13:00.629	1.34270				2
2025.10.20	00:13:12.033	1.34271	1.34356			6
2025.10.20	00:13:13.038	1.34272	1.34355			6
2025.10.20	00:13:31.852		1.34354			4
2025.10.20	00:13:34.687		1.34355			4
2025.10.20	00:14:03.039	1.34272				2
2025.10.20	00:14:11.754		1.34354			4
2025.10.20	00:14:13.060		1.34355			4
2025.10.20	00:14:26.313		1.34354			4
2025.10.20	00:14:35.460		1.34355			4
2025.10.20	00:14:38.968		1.34354			4
2025.10.20	00:15:00.605	1.34272	1.34355			6
2025.10.20	00:15:14.453	1.34273	1.34354			6
2025.10.20	00:15:23.704	1.34272	1.34355			6
2025.10.20	00:15:46.853		1.34354			4
2025.10.20	00:16:01.083	1.34272				2
2025.10.20	00:16:04.622	1.34273				2
2025.10.20	00:16:05.752	1.34272				2
2025.10.20	00:16:55.552		1.34354			4
2025.10.20	00:17:00.655	1.34272				2
2025.10.20	00:17:31.252	1.34273				2
2025.10.20	00:17:34.078	1.34272	1.34355			6
2025.10.20	00:17:35.455		1.34354			4
2025.10.20	00:17:59.441	1.34266	1.34351			6
2025.10.20	00:18:00.352	1.34266				2
2025.10.20	00:18:11.238	1.34267	1.34350			6
2025.10.20	00:18:12.352	1.34266				2
2025.10.20	00:18:38.791	1.34269	1.34348			6
2025.10.20	00:18:58.255		1.34347			4
2025.10.20	00:18:59.441		1.34358			4
2025.10.20	00:19:01.853	1.34269	1.34357			6
2025.10.20	00:19:02.753	1.34270				2
2025.10.20	00:19:21.589	1.34271	1.34356			6
2025.10.20	00:19:33.783	1.34270				2
2025.10.20	00:19:56.459	1.34271				2
2025.10.20	00:20:00.376	1.34271				2
2025.10.20	00:20:21.951		1.34356			4
2025.10.20	00:20:33.794		1.34355			4
2025.10.20	00:20:47.047		1.34356			4
2025.10.20	00:21:03.974	1.34271				2
2025.10.20	00:21:08.117	1.34274	1.34352			6
2025.10.20	00:21:09.355		1.34353			4
2025.10.20	00:21:30.956		1.34352			4
2025.10.20	00:21:35.452		1.34353			4
2025.10.20	00:22:03.354	1.34274				2
2025.10.20	00:22:06.356	1.34273				2
2025.10.20	00:22:07.854	1.34274				2
2025.10.20	00:22:09.655	1.34273				2
2025.10.20	00:22:11.454	1.34274				2
2025.10.20	00:22:13.252	1.34273				2
2025.10.20	00:22:15.356	1.34274				2
2025.10.20	00:22:18.953	1.34273				2
2025.10.20	00:22:39.524	1.34267	1.34350			6
2025.10.20	00:22:41.760		1.34349			4
2025.10.20	00:22:50.349		1.34350			4
2025.10.20	00:22:53.298	1.34266				2
2025.10.20	00:23:02.153	1.34266				2
2025.10.20	00:23:11.327	1.34268	1.34349			6
2025.10.20	00:23:35.452	1.34267				2
2025.10.20	00:23:52.568		1.34350			4
2025.10.20	00:23:57.960	1.34266				2
2025.10.20	00:24:00.353	1.34266				2
2025.10.20	00:24:02.453	1.34267				2
2025.10.20	00:24:03.629		1.34349			4
2025.10.20	00:24:05.154		1.34350			4
2025.10.20	00:24:25.136	1.34266				2
2025.10.20	00:24:50.362		1.34351			4
2025.10.20	00:25:03.957	1.34265				2
2025.10.20	00:25:24.958		1.34352			4
2025.10.20	00:26:03.736	1.34265	1.34351			6
2025.10.20	00:26:12.267		1.34352			4
2025.10.20	00:26:19.561	1.34266	1.34351			6
2025.10.20	00:26:29.759	1.34267	1.34350			6
2025.10.20	00:26:30.375	1.34269	1.34348			6
2025.10.20	00:26:33.652	1.34268				2
2025.10.20	00:26:41.540	1.34269				2
2025.10.20	00:26:50.366	1.34268	1.34349			6
2025.10.20	00:26:52.049	1.34252	1.34348			6
2025.10.20	00:27:02.182	1.34253	1.34347			6
2025.10.20	00:27:42.263	1.34252	1.34348			6
2025.10.20	00:27:47.048	1.34253	1.34347			6
2025.10.20	00:27:49.622	1.34268				2
2025.10.20	00:27:52.048	1.34267	1.34348			6
2025.10.20	00:28:02.235	1.34267				2
2025.10.20	00:28:17.154	1.34266	1.34349			6
2025.10.20	00:28:22.079	1.34267	1.34348			6
2025.10.20	00:28:25.252	1.34266	1.34349			6
2025.10.20	00:28:35.478	1.34267	1.34348			6
2025.10.20	00:28:38.759	1.34266	1.34349			6
2025.10.20	00:29:01.084	1.34266				2
2025.10.20	00:29:24.985	1.34244	1.34348			6
2025.10.20	00:29:39.623	1.34250				2
2025.10.20	00:30:00.375	1.34250				2
2025.10.20	00:30:02.153		1.34347			4
2025.10.20	00:30:24.365		1.34346			4
2025.10.20	00:30:24.810		1.34348			4
2025.10.20	00:30:26.241		1.34349			4
2025.10.20	00:30:32.877		1.34348			4
2025.10.20	00:30:35.162		1.34347			4
2025.10.20	00:30:52.110		1.34349			4
2025.10.20	00:30:53.453		1.34348			4
2025.10.20	00:30:54.116		1.34347			4
2025.10.20	00:30:57.185		1.34349			4
2025.10.20	00:30:57.957		1.34348			4
2025.10.20	00:30:59.186		1.34347			4
2025.10.20	00:31:00.053	1.34250				2
2025.10.20	00:31:02.258		1.34349			4
2025.10.20	00:31:02.784		1.34346			4
2025.10.20	00:31:04.854		1.34347			4
2025.10.20	00:31:13.267		1.34348			4
2025.10.20	00:31:15.655		1.34347			4
2025.10.20	00:31:23.186		1.34348			4
2025.10.20	00:31:27.953		1.34347			4
2025.10.20	00:31:29.627		1.34348			4
2025.10.20	00:32:01.084	1.34250				2
2025.10.20	00:32:14.754		1.34347			4
2025.10.20	00:32:18.925		1.34348			4
2025.10.20	00:33:00.353	1.34250				2
2025.10.20	00:33:19.627		1.34348			4
2025.10.20	00:34:00.387	1.34250				2
2025.10.20	00:34:09.953		1.34347			4
2025.10.20	00:34:12.868		1.34346			4
2025.10.20	00:34:17.659		1.34347			4
2025.10.20	00:34:20.752	1.34127	1.34283			6
2025.10.20	00:34:21.058	1.34205	1.34344			6
2025.10.20	00:34:23.534	1.34215	1.34345			6
2025.10.20	00:34:41.752	1.34216				2
2025.10.20	00:34:43.914		1.34344			4
2025.10.20	00:35:00.294	1.34216				2
2025.10.20	00:35:01.212	1.34220	1.34345			6
2025.10.20	00:35:03.066	1.34207				2
2025.10.20	00:35:23.165	1.34208				2
2025.10.20	00:35:26.256	1.34209				2
2025.10.20	00:35:27.799	1.34210				2
2025.10.20	00:36:00.211	1.34210				2
2025.10.20	00:36:01.445	1.34211	1.34345			6
2025.10.20	00:36:44.342	1.34212				2
2025.10.20	00:37:00.096	1.34212				2
2025.10.20	00:37:00.404	1.34242				2
2025.10.20	00:37:04.797		1.34345			4
2025.10.20	00:37:27.655		1.34344			4
2025.10.20	00:38:01.084	1.34242				2
2025.10.20	00:38:06.620		1.34345			4
2025.10.20	00:38:09.408		1.34344			4
2025.10.20	00:38:09.718		1.34345			4
2025.10.20	00:38:13.997		1.34344			4
2025.10.20	00:38:18.121		1.34343			4
2025.10.20	00:38:40.304	1.34231				2
2025.10.20	00:38:46.670	1.34226	1.34340			6
2025.10.20	00:39:00.357	1.34226				2
2025.10.20	00:39:23.813	1.34238				2
2025.10.20	00:39:27.652		1.34339			4
2025.10.20	00:40:01.083	1.34238				2
2025.10.20	00:40:06.240		1.34338			4
2025.10.20	00:40:18.652		1.34339			4
2025.10.20	00:40:23.810		1.34338			4
2025.10.20	00:41:00.380	1.34238				2
2025.10.20	00:41:04.809		1.34337			4
2025.10.20	00:41:54.684		1.34339			4
2025.10.20	00:42:01.719	1.34238	1.34337			6
2025.10.20	00:42:24.865		1.34336			4
2025.10.20	00:43:08.454	1.34238				2
2025.10.20	00:43:23.809	1.34223	1.34337			6
2025.10.20	00:43:30.296		1.34336			4
2025.10.20	00:43:33.677	1.34236	1.34335			6
2025.10.20	00:43:58.140	1.34229	1.34332			6
2025.10.20	00:44:00.004	1.34229				2
2025.10.20	00:44:00.927	1.34228	1.34329			6
2025.10.20	00:44:03.399		1.34328			4
2025.10.20	00:44:04.018	1.34227				2
2025.10.20	00:44:11.098	1.34237	1.34333			6
2025.10.20	00:44:13.767		1.34331			4
2025.10.20	00:44:43.142		1.34330			4
2025.10.20	00:44:49.697		1.34329			4
2025.10.20	00:44:50.458		1.34330			4
2025.10.20	00:44:53.546		1.34331			4
2025.10.20	00:44:57.696		1.34332			4
2025.10.20	00:44:58.170	1.34220	1.34334			6
2025.10.20	00:44:59.029	1.34237				2
2025.10.20	00:45:01.490	1.34237				2
2025.10.20	00:45:03.095	1.34220	1.34352			6
2025.10.20	00:45:06.497	1.34237	1.34334			6
2025.10.20	00:45:08.358		1.34333			4
2025.10.20	00:45:11.241	1.34253	1.34317			6
2025.10.20	00:45:13.654	1.34244	1.34318			6
2025.10.20	00:45:25.352	1.34256	1.34321			6
2025.10.20	00:45:30.273		1.34322			4
2025.10.20	00:45:42.936	1.34252				2
2025.10.20	00:46:00.191	1.34252				2
2025.10.20	00:46:01.110		1.34323			4
2025.10.20	00:46:06.044		1.34324			4
2025.10.20	00:46:09.433		1.34326			4
2025.10.20	00:46:10.048		1.34327			4
2025.10.20	00:46:13.446		1.34325			4
2025.10.20	00:46:26.697		1.34324			4
2025.10.20	00:47:00.072	1.34252				2
2025.10.20	00:47:02.878	1.34226	1.34344			6
2025.10.20	00:47:06.588	1.34252	1.34324			6
2025.10.20	00:47:10.622		1.34323			4
2025.10.20	00:47:13.092	1.34251				2
2025.10.20	00:47:53.582		1.34322			4
2025.10.20	00:47:53.883		1.34321			4
2025.10.20	00:47:54.513		1.34319			4
2025.10.20	00:47:55.129		1.34321			4
2025.10.20	00:47:57.285		1.34320			4
2025.10.20	00:48:00.071	1.34251				2
2025.10.20	00:48:00.686	1.34256				2
2025.10.20	00:48:01.617		1.34318			4
2025.10.20	00:48:06.253		1.34324			4
2025.10.20	00:48:07.796	1.34241	1.34316			6
2025.10.20	00:48:08.104		1.34315			4
2025.10.20	00:48:12.425	1.34242				2
2025.10.20	00:48:14.283	1.34246	1.34314			6
2025.10.20	00:48:15.829		1.34316			4
2025.10.20	00:48:19.535		1.34315			4
2025.10.20	00:48:59.995		1.34314			4
2025.10.20	00:49:00.297	1.34246				2
2025.10.20	00:49:23.459	1.34247				2
2025.10.20	00:49:40.451		1.34313			4
2025.10.20	00:50:00.213	1.34247				2
2025.10.20	00:50:37.599		1.34312			4
2025.10.20	00:50:55.195		1.34314			4
2025.10.20	00:50:57.045		1.34313			4
2025.10.20	00:51:00.138	1.34247				2
2025.10.20	00:51:01.991		1.34312			4
2025.10.20	00:51:23.253	1.34240				2
2025.10.20	00:51:29.125		1.34311			4
2025.10.20	00:51:38.071	1.34246				2
2025.10.20	00:51:38.379	1.34248				2
2025.10.20	00:51:49.168	1.34241				2
2025.10.20	00:52:00.287	1.34241				2
2025.10.20	00:52:27.464		1.34310			4
2025.10.20	00:53:00.137	1.34241				2
2025.10.20	00:53:20.183		1.34309			4
2025.10.20	00:53:49.861	1.34236				2
2025.10.20	00:54:00.058	1.34236				2
2025.10.20	00:54:03.778		1.34311			4
2025.10.20	00:54:08.706		1.34309			4
2025.10.20	00:54:16.778		1.34308			4
2025.10.20	00:54:18.014	1.34237				2
2025.10.20	00:54:39.939		1.34304			4
2025.10.20	00:54:41.169		1.34303			4
2025.10.20	00:54:45.496	1.34231	1.34300			6
2025.10.20	00:54:47.963	1.34238				2
2025.10.20	00:54:53.518	1.34231	1.34299			6
2025.10.20	00:54:56.612	1.34232	1.34302			6
2025.10.20	00:54:58.772	1.34231	1.34300			6
2025.10.20	00:54:59.084	1.34230				2
2025.10.20	00:54:59.389		1.34299			4
2025.10.20	00:55:00.006	1.34230				2
2025.10.20	00:55:01.546		1.34300			4
2025.10.20	00:55:06.801	1.34231				2
2025.10.20	00:55:07.733		1.34301			4
2025.10.20	00:55:12.997	1.34235	1.34306			6
2025.10.20	00:55:13.311	1.34238				2
2025.10.20	00:55:20.729	1.34237				2
2025.10.20	00:55:39.588		1.34305			4
2025.10.20	00:55:58.469	1.34236				2
2025.10.20	00:56:00.020	1.34236				2
2025.10.20	00:56:00.336		1.34304			4
2025.10.20	00:56:07.779	1.34237				2
2025.10.20	00:56:44.579		1.34303			4
2025.10.20	00:56:46.735		1.34304			4
2025.10.20	00:56:54.779	1.34236	1.34330			6
2025.10.20	00:56:55.084		1.34329			4
2025.10.20	00:56:55.391	1.34194	1.34335			6
2025.10.20	00:56:56.008	1.34195	1.34334			6
2025.10.20	00:56:56.629	1.34196	1.34336			6
2025.10.20	00:57:00.018	1.34196				2
2025.10.20	00:57:00.636		1.34331			4
2025.10.20	00:57:01.874	1.34198	1.34336			6
2025.10.20	00:57:02.797	1.34196	1.34333			6
2025.10.20	00:57:03.729	1.34198	1.34336			6
2025.10.20	00:57:04.656	1.34196	1.34332			6
2025.10.20	00:57:05.896		1.34331			4
2025.10.20	00:57:07.747	1.34200	1.34333			6
2025.10.20	00:57:08.053		1.34332			4
2025.10.20	00:57:08.982		1.34333			4
2025.10.20	00:57:10.840		1.34332			4
2025.10.20	00:57:11.458		1.34331			4
2025.10.20	00:57:12.999	1.34207	1.34332			6
2025.10.20	00:57:14.537	1.34205				2
2025.10.20	00:57:15.155		1.34333			4
2025.10.20	00:57:16.079		1.34335			4
2025.10.20	00:57:19.484		1.34334			4
2025.10.20	00:57:20.104		1.34331			4
2025.10.20	00:57:21.030		1.34335			4
2025.10.20	00:57:21.956		1.34334			4
2025.10.20	00:57:24.119		1.34331			4
2025.10.20	00:57:25.044		1.34334			4
2025.10.20	00:57:25.659		1.34331			4
2025.10.20	00:57:26.596		1.34332			4
2025.10.20	00:57:28.743		1.34334			4
2025.10.20	00:57:29.054		1.34331			4
2025.10.20	00:57:29.985		1.34334			4
2025.10.20	00:57:31.525		1.34333			4
2025.10.20	00:57:34.306		1.34330			4
2025.10.20	00:57:36.470		1.34333			4
2025.10.20	00:57:37.087		1.34330			4
2025.10.20	00:57:40.180		1.34333			4
2025.10.20	00:57:41.112		1.34332			4
2025.10.20	00:57:42.658		1.34333			4
2025.10.20	00:57:45.131		1.34332			4
2025.10.20	00:57:47.297		1.34331			4
2025.10.20	00:57:49.771		1.34334			4
2025.10.20	00:57:53.160		1.34333			4
2025.10.20	00:57:55.329		1.34332			4
2025.10.20	00:57:56.563		1.34333			4
2025.10.20	00:57:58.087		1.34332			4
2025.10.20	00:58:00.234	1.34205	1.34331			6
2025.10.20	00:58:01.768		1.34329			4
2025.10.20	00:58:02.693		1.34332			4
2025.10.20	00:58:05.474		1.34331			4
2025.10.20	00:58:07.629	1.34193	1.34332			6
2025.10.20	00:58:07.936	1.34196	1.34333			6
2025.10.20	00:58:10.097	1.34195				2
2025.10.20	00:58:11.329	1.34194				2
2025.10.20	00:58:11.634		1.34332			4
2025.10.20	00:58:12.874	1.34188	1.34330			6
2025.10.20	00:58:13.175		1.34334			4
2025.10.20	00:58:13.480	1.34182	1.34328			6
2025.10.20	00:58:13.792	1.34172	1.34324			6
2025.10.20	00:58:14.097	1.34176				2
2025.10.20	00:58:14.408	1.34175				2
2025.10.20	00:58:14.717	1.34176				2
2025.10.20	00:58:15.022	1.34186				2
2025.10.20	00:58:19.951	1.34187	1.34323			6
2025.10.20	00:58:24.275	1.34193	1.34317			6
2025.10.20	00:58:25.821	1.34177	1.34323			6
2025.10.20	00:58:26.127	1.34170				2
2025.10.20	00:58:29.844		1.34321			4
2025.10.20	00:58:31.696		1.34322			4
2025.10.20	00:58:35.419	1.34169				2
2025.10.20	00:58:35.733	1.34170	1.34325			6
2025.10.20	00:58:37.881	1.34167	1.34319			6
2025.10.20	00:58:38.504	1.34166	1.34318			6
2025.10.20	00:58:38.815	1.34164	1.34317			6
2025.10.20	00:58:39.749		1.34316			4
2025.10.20	00:58:40.678		1.34317			4
2025.10.20	00:58:43.142		1.34316			4
2025.10.20	00:58:45.603	1.34165	1.34320			6
2025.10.20	00:58:46.219	1.34166				2
2025.10.20	00:58:47.139	1.34165				2
2025.10.20	00:58:47.444	1.34166				2
2025.10.20	00:58:49.897		1.34318			4
2025.10.20	00:58:52.981	1.34169				2
2025.10.20	00:58:53.602	1.34168				2
2025.10.20	00:58:53.906	1.34165				2
2025.10.20	00:58:54.209	1.34164				2
2025.10.20	00:58:56.360	1.34165				2
2025.10.20	00:58:56.665	1.34164				2
2025.10.20	00:58:57.883	1.34165				2
2025.10.20	00:58:59.415	1.34166				2
2025.10.20	00:58:59.720	1.34164				2
2025.10.20	00:59:00.027	1.34164				2
2025.10.20	00:59:00.639	1.34165				2
2025.10.20	00:59:02.786	1.34166				2
2025.10.20	00:59:07.415	1.34165				2
2025.10.20	00:59:07.717	1.34164				2
2025.10.20	00:59:11.713	1.34165				2
2025.10.20	00:59:13.880	1.34166				2
2025.10.20	00:59:14.809	1.34164				2
2025.10.20	00:59:16.653	1.34167				2
2025.10.20	00:59:17.890	1.34164				2
2025.10.20	00:59:19.126	1.34166				2
2025.10.20	00:59:20.054	1.34164				2
2025.10.20	00:59:21.910	1.34161	1.34308			6
2025.10.20	00:59:22.515	1.34162				2
2025.10.20	00:59:23.747	1.34164	1.34314			6
2025.10.20	00:59:24.050	1.34165	1.34315			6
2025.10.20	00:59:24.362	1.34164				2
2025.10.20	00:59:24.676	1.34166	1.34316			6
2025.10.20	00:59:24.983	1.34164	1.34314			6
2025.10.20	00:59:25.295	1.34165	1.34312			6
2025.10.20	00:59:25.602	1.34164				2
2025.10.20	00:59:25.907	1.34163	1.34310			6
2025.10.20	00:59:26.528		1.34311			4
2025.10.20	00:59:26.835	1.34160	1.34309			6
2025.10.20	00:59:27.153	1.34161				2
2025.10.20	00:59:28.077	1.34160				2
2025.10.20	00:59:28.393	1.34162				2
2025.10.20	00:59:28.700	1.34158				2
2025.10.20	00:59:30.567	1.34160				2
2025.10.20	00:59:30.871	1.34161				2
2025.10.20	00:59:31.177	1.34160				2
2025.10.20	00:59:31.798	1.34162				2
2025.10.20	00:59:32.104	1.34161				2
2025.10.20	00:59:32.724	1.34160	1.34307			6
2025.10.20	00:59:33.648	1.34159				2
2025.10.20	00:59:34.267	1.34158				2
2025.10.20	00:59:34.878	1.34160	1.34308			6
2025.10.20	00:59:35.192	1.34158	1.34305			6
2025.10.20	00:59:39.198	1.34160	1.34304			6
2025.10.20	00:59:41.041	1.34158				2
2025.10.20	00:59:42.895	1.34159				2
2025.10.20	00:59:44.127	1.34158				2
2025.10.20	00:59:44.748	1.34159	1.34306			6
2025.10.20	00:59:47.208	1.34158	1.34305			6
2025.10.20	00:59:47.526	1.34163	1.34310			6
2025.10.20	00:59:47.835	1.34164	1.34309			6
2025.10.20	00:59:48.143	1.34193	1.34323			6
2025.10.20	00:59:48.454	1.34194				2
2025.10.20	00:59:49.070		1.34324			4
2025.10.20	00:59:49.695	1.34195				2
2025.10.20	00:59:50.928	1.34203	1.34312			6
2025.10.20	00:59:53.083	1.34202	1.34315			6
2025.10.20	00:59:54.014	1.34203	1.34314			6
2025.10.20	00:59:54.324	1.34202	1.34315			6
2025.10.20	00:59:56.169	1.34203	1.34314			6
2025.10.20	00:59:58.955	1.34202	1.34315			6
2025.10.20	01:00:00.183	1.34197	1.34320			6
2025.10.20	01:00:00.486	1.34195	1.34267			6
2025.10.20	01:00:00.792	1.34212				2
2025.10.20	01:00:01.102	1.34209				2
2025.10.20	01:00:01.716	1.34214				2
2025.10.20	01:00:02.019	1.34221				2
2025.10.20	01:00:02.332	1.34223				2
2025.10.20	01:00:02.634	1.34229				2
2025.10.20	01:00:02.938	1.34233				2
2025.10.20	01:00:03.544	1.34201	1.34328			6
2025.10.20	01:00:03.850	1.34196	1.34323			6
2025.10.20	01:00:04.468	1.34198	1.34325			6
2025.10.20	01:00:04.785	1.34195	1.34322			6
2025.10.20	01:00:05.090	1.34196	1.34323			6
2025.10.20	01:00:05.711	1.34198	1.34325			6
2025.10.20	01:00:06.019	1.34201	1.34328			6
2025.10.20	01:00:06.334	1.34202	1.34329			6
2025.10.20	01:00:06.642	1.34197	1.34324			6
2025.10.20	01:00:06.949	1.34211	1.34275			6
2025.10.20	01:00:07.257	1.34218				2
2025.10.20	01:00:07.872	1.34212				2
2025.10.20	01:00:08.481	1.34220	1.34284			6
2025.10.20	01:00:10.021	1.34216				2
2025.10.20	01:00:10.341	1.34215				2
2025.10.20	01:00:12.185	1.34213				2
2025.10.20	01:00:12.793	1.34214				2
2025.10.20	01:00:13.406	1.34216				2
2025.10.20	01:00:14.023	1.34220				2
2025.10.20	01:00:17.691	1.34219				2
2025.10.20	01:00:17.997	1.34220				2
2025.10.20	01:00:18.916	1.34219				2
2025.10.20	01:00:19.529	1.34220				2
2025.10.20	01:00:20.139	1.34210	1.34273			6
2025.10.20	01:00:21.051	1.34212				2
2025.10.20	01:00:22.279	1.34270	1.34299			6
2025.10.20	01:00:22.581		1.34306			4
2025.10.20	01:00:33.610	1.34272				2
2025.10.20	01:00:34.532		1.34307			4
2025.10.20	01:00:35.752	1.34270	1.34306			6
2025.10.20	01:00:39.118	1.34227	1.34314			6
2025.10.20	01:00:39.431	1.34222				2
2025.10.20	01:00:39.733	1.34258	1.34298			6
2025.10.20	01:00:40.042	1.34265	1.34291			6
2025.10.20	01:00:40.344		1.34290			4
2025.10.20	01:00:40.649		1.34285			4
2025.10.20	01:00:40.961	1.34264	1.34286			6
2025.10.20	01:00:41.265		1.34284			4
2025.10.20	01:00:41.575	1.34263				2
2025.10.20	01:00:41.884	1.34254	1.34276			6
2025.10.20	01:00:42.490		1.34275			4
2025.10.20	01:00:44.335		1.34274			4
2025.10.20	01:00:47.377		1.34273			4
2025.10.20	01:00:48.296		1.34272			4
2025.10.20	01:00:49.520		1.34274			4
2025.10.20	01:00:49.822		1.34272			4
2025.10.20	01:00:51.969	1.34239	1.34275			6
2025.10.20	01:00:52.281	1.34240	1.34274			6
2025.10.20	01:00:52.590	1.34254	1.34270			6
2025.10.20	01:00:56.876		1.34271			4
2025.10.20	01:00:57.186		1.34270			4
2025.10.20	01:00:58.724		1.34268			4
2025.10.20	01:00:59.645	1.34255	1.34273			6
2025.10.20	01:01:00.261	1.34250	1.34265			6
2025.10.20	01:01:01.498	1.34249				2
2025.10.20	01:01:01.803	1.34250	1.34263			6
2025.10.20	01:01:02.106	1.34249				2
2025.10.20	01:01:02.411	1.34250	1.34264			6
2025.10.20	01:01:02.719	1.34249				2
2025.10.20	01:01:03.339	1.34250	1.34263			6
2025.10.20	01:01:04.566		1.34265			4
2025.10.20	01:01:06.406		1.34264			4
2025.10.20	01:01:06.714	1.34236	1.34269			6
2025.10.20	01:01:07.642	1.34249	1.34265			6
2025.10.20	01:01:08.261		1.34267			4
2025.10.20	01:01:10.404	1.34250	1.34266			6
2025.10.20	01:01:10.706	1.34249				2
2025.10.20	01:01:12.840		1.34264			4
2025.10.20	01:01:14.063		1.34266			4
2025.10.20	01:01:15.290	1.34250				2
2025.10.20	01:01:15.591		1.34267			4
2025.10.20	01:01:16.203	1.34249	1.34266			6
2025.10.20	01:01:20.817	1.34250				2
2025.10.20	01:01:21.740	1.34249				2
2025.10.20	01:01:23.265		1.34267			4
2025.10.20	01:01:30.611		1.34268			4
2025.10.20	01:01:36.473		1.34269			4
2025.10.20	01:01:37.686	1.34250				2
2025.10.20	01:01:38.602	1.34249				2
2025.10.20	01:01:42.863		1.34266			4
2025.10.20	01:01:45.313		1.34270			4
2025.10.20	01:01:45.920		1.34271			4
2025.10.20	01:01:46.531		1.34269			4
2025.10.20	01:01:51.735		1.34271			4
2025.10.20	01:01:55.122	1.34244	1.34278			6
2025.10.20	01:01:55.430	1.34250	1.34286			6
2025.10.20	01:01:55.733	1.34260	1.34283			6
2025.10.20	01:01:57.265		1.34285			4
2025.10.20	01:02:00.030	1.34260				2
2025.10.20	01:02:00.332		1.34284			4
2025.10.20	01:02:00.644		1.34285			4
2025.10.20	01:02:00.951		1.34286			4
2025.10.20	01:02:01.258		1.34284			4
2025.10.20	01:02:01.567		1.34285			4
2025.10.20	01:02:02.791		1.34284			4
2025.10.20	01:02:03.407		1.34283			4
2025.10.20	01:02:06.795		1.34281			4
2025.10.20	01:02:18.457		1.34280			4
2025.10.20	01:02:22.761	1.34245				2
2025.10.20	01:02:23.372	1.34260				2
2025.10.20	01:02:23.675		1.34287			4
2025.10.20	01:02:25.504		1.34286			4
2025.10.20	01:02:31.615	1.34259	1.34287			6
2025.10.20	01:02:37.760		1.34283			4
2025.10.20	01:02:38.980	1.34256	1.34282			6
2025.10.20	01:02:39.593	1.34259				2
2025.10.20	01:02:44.830	1.34249				2
2025.10.20	01:02:45.442	1.34259				2
2025.10.20	01:02:50.028		1.34277			4
2025.10.20	01:02:53.710	1.34260				2
2025.10.20	01:02:57.992	1.34255	1.34278			6
2025.10.20	01:02:58.296		1.34276			4
2025.10.20	01:03:00.129	1.34255				2
2025.10.20	01:03:00.443		1.34277			4
2025.10.20	01:03:02.590	1.34261	1.34265			6
2025.10.20	01:03:04.123	1.34255	1.34276			6
2025.10.20	01:03:04.427	1.34264	1.34268			6
2025.10.20	01:03:04.738	1.34265	1.34269			6
2025.10.20	01:03:05.046	1.34264	1.34268			6
2025.10.20	01:03:05.659	1.34267	1.34271			6
2025.10.20	01:03:07.197		1.34272			4
2025.10.20	01:03:09.340	1.34268	1.34273			6
2025.10.20	01:03:10.262		1.34272			4
2025.10.20	01:03:10.572	1.34267	1.34271			6
2025.10.20	01:03:13.330	1.34261	1.34277			6
2025.10.20	01:03:14.875	1.34262				2
2025.10.20	01:03:15.487		1.34276			4
2025.10.20	01:03:17.005	1.34269	1.34273			6
2025.10.20	01:03:17.313	1.34264	1.34278			6
2025.10.20	01:03:18.875	1.34269	1.34273			6
2025.10.20	01:03:19.183	1.34270	1.34274			6
2025.10.20	01:03:20.111	1.34269	1.34273			6
2025.10.20	01:03:21.944	1.34270	1.34274			6
2025.10.20	01:03:23.179	1.34269	1.34273			6
2025.10.20	01:03:24.101	1.34270	1.34274			6
2025.10.20	01:03:25.625		1.34272			4
2025.10.20	01:03:25.935	1.34269	1.34273			6
2025.10.20	01:03:26.239	1.34270	1.34274			6
2025.10.20	01:03:30.234	1.34269	1.34273			6
2025.10.20	01:03:34.218	1.34270	1.34274			6
2025.10.20	01:03:35.449	1.34269	1.34273			6
2025.10.20	01:03:44.006	1.34270	1.34274			6
2025.10.20	01:03:47.385	1.34269	1.34273			6
2025.10.20	01:03:48.300	1.34270	1.34274			6
2025.10.20	01:03:51.352	1.34271	1.34275			6
2025.10.20	01:03:51.658	1.34270	1.34274			6
2025.10.20	01:03:52.576	1.34271	1.34275			6
2025.10.20	01:03:57.164	1.34270	1.34274			6
2025.10.20	01:03:57.465	1.34271	1.34275			6
2025.10.20	01:04:00.199	1.34272	1.34276			6
2025.10.20	01:04:00.505	1.34271	1.34275			6
2025.10.20	01:04:12.450	1.34272	1.34276			6
2025.10.20	01:04:18.906	1.34271	1.34275			6
2025.10.20	01:04:19.216	1.34272				2
2025.10.20	01:04:20.132	1.34271				2
2025.10.20	01:04:22.582	1.34272	1.34276			6
2025.10.20	01:04:23.494	1.34271	1.34275			6
2025.10.20	01:04:26.850	1.34272				2
2025.10.20	01:04:27.456	1.34271				2
2025.10.20	01:04:32.051		1.34274			4
2025.10.20	01:04:35.126		1.34275			4
2025.10.20	01:04:35.440	1.34272				2
2025.10.20	01:04:35.749	1.34271	1.34274			6
2025.10.20	01:04:36.671	1.34272				2
2025.10.20	01:04:37.281		1.34273			4
2025.10.20	01:04:37.596	1.34271				2
2025.10.20	01:04:41.283	1.34272				2
2025.10.20	01:04:43.420		1.34275			4
2025.10.20	01:04:48.318	1.34271				2
2025.10.20	01:04:50.169		1.34273			4
2025.10.20	01:04:51.402	1.34272				2
2025.10.20	01:04:52.629	1.34271				2
2025.10.20	01:04:56.320		1.34275			4
2025.10.20	01:04:57.857		1.34273			4
2025.10.20	01:05:00.303	1.34271				2
2025.10.20	01:05:04.896		1.34274			4
2025.10.20	01:05:15.327	1.34270				2
2025.10.20	01:05:15.937	1.34271				2
2025.10.20	01:05:17.152	1.34270				2
2025.10.20	01:05:17.462	1.34271				2
2025.10.20	01:05:19.307	1.34269	1.34273			6
2025.10.20	01:05:19.614		1.34270			4
2025.10.20	01:05:19.917	1.34271	1.34275			6
2025.10.20	01:05:20.229	1.34272	1.34276			6
2025.10.20	01:05:20.532	1.34271	1.34275			6
2025.10.20	01:05:21.443	1.34272	1.34276			6
2025.10.20	01:05:22.056	1.34271	1.34275			6
2025.10.20	01:05:23.282		1.34276			4
2025.10.20	01:05:24.501	1.34272	1.34277			6
2025.10.20	01:05:26.342		1.34276			4
2025.10.20	01:05:29.402	1.34271	1.34275			6
2025.10.20	01:05:29.715	1.34272	1.34276			6
2025.10.20	01:05:31.255	1.34270	1.34278			6
2025.10.20	01:05:31.882		1.34276			4
2025.10.20	01:05:32.189	1.34269				2
2025.10.20	01:05:34.347	1.34270				2
2025.10.20	01:05:36.193	1.34268	1.34275			6
2025.10.20	01:05:36.500	1.34269	1.34276			6
2025.10.20	01:05:37.113	1.34266				2
2025.10.20	01:05:37.736		1.34277			4
2025.10.20	01:05:38.043	1.34267				2
2025.10.20	01:05:38.349	1.34266				2
2025.10.20	01:05:38.662	1.34265	1.34275			6
2025.10.20	01:05:38.974		1.34274			4
2025.10.20	01:05:41.134	1.34266				2
2025.10.20	01:05:43.291	1.34267				2
2025.10.20	01:05:44.231	1.34268				2
2025.10.20	01:05:45.160	1.34269				2
2025.10.20	01:05:47.305	1.34270				2
2025.10.20	01:05:51.605	1.34269	1.34273			6
2025.10.20	01:05:54.377	1.34270	1.34274			6
2025.10.20	01:05:54.684	1.34269	1.34273			6
2025.10.20	01:05:55.910	1.34270	1.34274			6
2025.10.20	01:05:56.213	1.34269	1.34273			6
2025.10.20	01:05:59.276	1.34270	1.34274			6
2025.10.20	01:06:00.195	1.34270				2
2025.10.20	01:06:00.500	1.34271	1.34275			6
2025.10.20	01:06:01.108		1.34276			4
2025.10.20	01:06:01.710	1.34272	1.34277			6
2025.10.20	01:06:02.319	1.34270	1.34278			6
2025.10.20	01:06:02.944	1.34268	1.34276			6
2025.10.20	01:06:03.257	1.34269				2
2025.10.20	01:06:04.172	1.34265	1.34278			6
2025.10.20	01:06:09.097	1.34266				2
2025.10.20	01:06:10.326	1.34267				2
2025.10.20	01:06:11.254		1.34277			4
2025.10.20	01:06:12.176	1.34269	1.34276			6
2025.10.20	01:06:13.098	1.34271	1.34277			6
2025.10.20	01:06:14.327	1.34267	1.34278			6
2025.10.20	01:06:16.191	1.34268				2
2025.10.20	01:06:17.119	1.34269				2
2025.10.20	01:06:18.353	1.34268				2
2025.10.20	01:06:20.198	1.34270	1.34277			6
2025.10.20	01:06:21.136		1.34276			4
2025.10.20	01:06:22.360	1.34271				2
2025.10.20	01:06:23.284	1.34272				2
2025.10.20	01:06:35.836	1.34273	1.34277			6
2025.10.20	01:06:37.677	1.34280	1.34284			6
2025.10.20	01:06:37.983	1.34281	1.34285			6
2025.10.20	01:06:38.285	1.34277	1.34289			6
2025.10.20	01:06:39.532		1.34288			4
2025.10.20	01:06:39.847		1.34287			4
2025.10.20	01:06:40.153	1.34272	1.34285			6
2025.10.20	01:06:44.181	1.34273				2
2025.10.20	01:06:46.345	1.34274				2
2025.10.20	01:06:47.271		1.34284			4
2025.10.20	01:06:47.577	1.34275	1.34285			6
2025.10.20	01:06:48.197	1.34276	1.34284			6
2025.10.20	01:06:49.123	1.34277				2
2025.10.20	01:06:50.358		1.34283			4
2025.10.20	01:06:51.272		1.34282			4
2025.10.20	01:06:54.344		1.34281			4
2025.10.20	01:06:54.650	1.34278	1.34282			6
2025.10.20	01:06:54.963	1.34277	1.34281			6
2025.10.20	01:07:00.175	1.34277				2
2025.10.20	01:07:55.013		1.34281			4
2025.10.20	01:08:00.213	1.34277				2
2025.10.20	01:08:02.357	1.34279	1.34283			6
2025.10.20	01:08:02.659	1.34278	1.34282			6
2025.10.20	01:08:04.492	1.34277	1.34281			6
2025.10.20	01:08:09.391	1.34278	1.34282			6
2025.10.20	01:08:10.305	1.34277	1.34281			6
2025.10.20	01:08:13.679	1.34278	1.34282			6
2025.10.20	01:08:43.331	1.34277	1.34281			6
2025.10.20	01:08:52.630	1.34278	1.34282			6
2025.10.20	01:08:52.937	1.34273	1.34277			6
2025.10.20	01:08:53.241	1.34261	1.34275			6
2025.10.20	01:08:53.556	1.34260	1.34274			6
2025.10.20	01:08:54.171	1.34264	1.34276			6
2025.10.20	01:08:54.479		1.34277			4
2025.10.20	01:08:55.717	1.34265	1.34278			6
2025.10.20	01:08:58.181	1.34266				2
2025.10.20	01:09:00.030	1.34266				2
2025.10.20	01:09:00.338	1.34267				2
2025.10.20	01:09:01.271		1.34277			4
2025.10.20	01:09:02.193	1.34268	1.34276			6
2025.10.20	01:09:03.118	1.34269				2
2025.10.20	01:09:04.344		1.34275			4
2025.10.20	01:09:06.215	1.34270				2
2025.10.20	01:09:08.695	1.34268	1.34273			6
2025.10.20	01:09:09.305		1.34272			4
2025.10.20	01:09:10.228		1.34273			4
2025.10.20	01:09:11.166		1.34272			4
2025.10.20	01:09:12.084	1.34267	1.34271			6
2025.10.20	01:09:12.998	1.34269	1.34273			6
2025.10.20	01:09:13.307	1.34271	1.34275			6
2025.10.20	01:09:15.135	1.34268	1.34273			6
2025.10.20	01:09:15.441	1.34267	1.34272			6
2025.10.20	01:09:15.758	1.34268	1.34273			6
2025.10.20	01:09:16.064	1.34267	1.34272			6
2025.10.20	01:09:16.370	1.34266	1.34273			6
2025.10.20	01:09:17.307		1.34272			4
2025.10.20	01:09:17.625	1.34267	1.34273			6
2025.10.20	01:09:17.929	1.34266	1.34272			6
2025.10.20	01:09:18.231	1.34268	1.34273			6
2025.10.20	01:09:21.036	1.34267	1.34272			6
2025.10.20	01:09:21.339		1.34271			4
2025.10.20	01:09:21.651	1.34279	1.34283			6
2025.10.20	01:09:23.177	1.34275	1.34286			6
2025.10.20	01:09:25.363		1.34288			4
2025.10.20	01:09:27.211		1.34287			4
2025.10.20	01:09:28.138	1.34276				2
2025.10.20	01:09:29.395		1.34286			4
2025.10.20	01:09:30.316	1.34277	1.34285			6
2025.10.20	01:09:31.241	1.34278				2
2025.10.20	01:09:32.164		1.34284			4
2025.10.20	01:09:32.789	1.34279	1.34285			6
2025.10.20	01:09:33.097	1.34280				2
2025.10.20	01:09:33.399	1.34279	1.34284			6
2025.10.20	01:09:33.708	1.34281	1.34286			6
2025.10.20	01:09:36.164		1.34285			4
2025.10.20	01:09:39.842	1.34279	1.34283			6
2025.10.20	01:09:42.912	1.34278	1.34282			6
2025.10.20	01:09:44.455	1.34277	1.34281			6
2025.10.20	01:09:49.662	1.34278	1.34282			6
2025.10.20	01:09:52.116	1.34285	1.34289			6
2025.10.20	01:09:52.418	1.34286	1.34290			6
2025.10.20	01:09:53.340	1.34283	1.34293			6
2025.10.20	01:09:53.647		1.34294			4
2025.10.20	01:09:53.952	1.34282	1.34292			6
2025.10.20	01:09:55.182	1.34283	1.34291			6
2025.10.20	01:09:56.108	1.34284	1.34290			6
2025.10.20	01:09:58.267	1.34285				2
2025.10.20	01:09:59.201		1.34289			4
2025.10.20	01:09:59.822	1.34287	1.34291			6
2025.10.20	01:10:00.124	1.34287				2
2025.10.20	01:10:00.427	1.34289	1.34293			6
2025.10.20	01:10:00.731	1.34291	1.34295			6
2025.10.20	01:10:01.043		1.34294			4
2025.10.20	01:10:01.349	1.34292				2
2025.10.20	01:10:02.265	1.34291				2
2025.10.20	01:10:03.507	1.34289				2
2025.10.20	01:10:05.979	1.34286	1.34291			6
2025.10.20	01:10:06.283	1.34285	1.34290			6
2025.10.20	01:10:07.221	1.34284	1.34291			6
2025.10.20	01:10:08.161	1.34285				2
2025.10.20	01:10:09.403		1.34290			4
2025.10.20	01:10:10.333	1.34286				2
2025.10.20	01:10:51.736	1.34287	1.34291			6
2025.10.20	01:10:56.672	1.34289	1.34293			6
2025.10.20	01:11:00.066	1.34289				2
2025.10.20	01:11:00.369	1.34291				2
2025.10.20	01:11:00.678		1.34294			4
2025.10.20	01:11:00.982	1.34292				2
2025.10.20	01:11:09.922		1.34296			4
2025.10.20	01:11:18.625		1.34293			4
2025.10.20	01:11:20.782	1.34289				2
2025.10.20	01:11:22.332	1.34288				2
2025.10.20	01:11:24.511	1.34289				2
2025.10.20	01:11:26.061	1.34288				2
2025.10.20	01:11:27.291	1.34289				2
2025.10.20	01:11:53.878	1.34291				2
2025.10.20	01:11:55.426	1.34289				2
2025.10.20	01:11:56.355	1.34286				2
2025.10.20	01:11:58.223	1.34287				2
2025.10.20	01:11:59.163	1.34288				2
2025.10.20	01:11:59.781	1.34287				2
2025.10.20	01:12:00.090	1.34287				2
2025.10.20	01:12:00.715	1.34288				2
2025.10.20	01:12:02.274	1.34289				2
2025.10.20	01:12:02.900	1.34288				2
2025.10.20	01:12:03.517	1.34290				2
2025.10.20	01:12:05.362	1.34289				2
2025.10.20	01:12:11.561	1.34288	1.34292			6
2025.10.20	01:12:14.360	1.34289	1.34293			6
2025.10.20	01:12:20.888	1.34292				2
2025.10.20	01:12:22.131	1.34287				2
2025.10.20	01:12:23.394	1.34288				2
2025.10.20	01:12:25.255	1.34289				2
2025.10.20	01:12:26.196	1.34290				2
2025.10.20	01:12:27.127	1.34291				2
2025.10.20	01:12:27.747	1.34289				2
2025.10.20	01:12:28.362	1.34284				2
2025.10.20	01:12:30.834	1.34285				2
2025.10.20	01:12:33.008	1.34287				2
2025.10.20	01:12:33.329	1.34286				2
2025.10.20	01:12:34.267	1.34287				2
2025.10.20	01:12:35.195	1.34288				2
2025.10.20	01:12:36.120	1.34289				2
2025.10.20	01:12:40.745	1.34291				2
2025.10.20	01:12:41.353	1.34287				2
2025.10.20	01:12:42.276	1.34286				2
2025.10.20	01:12:43.197	1.34285				2
2025.10.20	01:12:43.818		1.34294			4
2025.10.20	01:12:45.052	1.34287				2
2025.10.20	01:12:46.288	1.34286				2
2025.10.20	01:12:47.217	1.34287				2
2025.10.20	01:12:47.826		1.34295			4
2025.10.20	01:12:48.130	1.34288				2
2025.10.20	01:12:49.361	1.34289				2
2025.10.20	01:12:50.289	1.34290				2
2025.10.20	01:12:51.213	1.34291				2
2025.10.20	01:12:53.356	1.34292				2
2025.10.20	01:13:00.095	1.34292				2
2025.10.20	01:13:00.406	1.34291				2
2025.10.20	01:13:01.326	1.34289	1.34293			6
2025.10.20	01:13:01.633	1.34285	1.34289			6
2025.10.20	01:13:02.245	1.34283	1.34294			6
2025.10.20	01:13:03.178	1.34280	1.34291			6
2025.10.20	01:13:05.644	1.34281	1.34290			6
2025.10.20	01:13:09.350	1.34282				2
2025.10.20	01:13:11.205	1.34283				2
2025.10.20	01:13:12.131	1.34284				2
2025.10.20	01:13:14.284	1.34285				2
2025.10.20	01:13:16.116		1.34289			4
2025.10.20	01:13:22.854	1.34286	1.34290			6
2025.10.20	01:13:23.470	1.34285	1.34289			6
2025.10.20	01:13:26.841	1.34286	1.34290			6
2025.10.20	01:13:27.759	1.34285	1.34289			6
2025.10.20	01:13:34.514	1.34286	1.34290			6
2025.10.20	01:13:35.118	1.34285	1.34289			6
2025.10.20	01:13:36.330	1.34286	1.34290			6
2025.10.20	01:13:43.999	1.34285	1.34289			6
2025.10.20	01:13:45.218	1.34286	1.34290			6
2025.10.20	01:13:47.677	1.34285	1.34289			6
2025.10.20	01:13:56.543	1.34286	1.34290			6
2025.10.20	01:13:58.992	1.34285	1.34289			6
2025.10.20	01:14:00.209	1.34285				2
2025.10.20	01:14:03.585	1.34284	1.34288			6
2025.10.20	01:14:05.717	1.34285	1.34289			6
2025.10.20	01:14:07.855	1.34286	1.34287			6
2025.10.20	01:14:08.159	1.34285				2
2025.10.20	01:14:08.465	1.34286				2
2025.10.20	01:14:09.075	1.34285				2
2025.10.20	01:14:11.511		1.34288			4
2025.10.20	01:14:12.731		1.34287			4
2025.10.20	01:14:13.960	1.34286	1.34288			6
2025.10.20	01:14:15.489	1.34285				2
2025.10.20	01:14:17.938		1.34289			4
2025.10.20	01:14:19.474	1.34286	1.34290			6
2025.10.20	01:14:23.765	1.34285	1.34289			6
2025.10.20	01:14:24.692	1.34286	1.34290			6
2025.10.20	01:14:28.712	1.34285	1.34289			6
2025.10.20	01:14:29.336	1.34286	1.34290			6
2025.10.20	01:14:34.923	1.34285	1.34289			6
2025.10.20	01:14:35.229	1.34286	1.34290			6
2025.10.20	01:14:38.016	1.34287	1.34291			6
2025.10.20	01:14:38.634	1.34286	1.34290			6
2025.10.20	01:14:39.886	1.34290	1.34294			6
2025.10.20	01:14:41.127	1.34285	1.34296			6
2025.10.20	01:14:42.671	1.34286				2
2025.10.20	01:14:44.849		1.34295			4
2025.10.20	01:14:45.169		1.34296			4
2025.10.20	01:14:46.395		1.34295			4
2025.10.20	01:14:46.700	1.34283	1.34294			6
2025.10.20	01:14:47.336	1.34282				2
2025.10.20	01:14:48.277		1.34295			4
2025.10.20	01:14:49.203	1.34281				2
2025.10.20	01:14:50.129	1.34282				2
2025.10.20	01:14:52.295	1.34283	1.34294			6
2025.10.20	01:14:53.230		1.34293			4
2025.10.20	01:14:54.152	1.34284	1.34292			6
2025.10.20	01:14:55.384	1.34285	1.34291			6
2025.10.20	01:14:56.319		1.34292			4
2025.10.20	01:14:56.927	1.34284	1.34291			6
2025.10.20	01:14:57.245		1.34292			4
2025.10.20	01:14:58.182	1.34285	1.34291			6
2025.10.20	01:15:00.041	1.34285				2
2025.10.20	01:15:00.353	1.34286				2
2025.10.20	01:15:02.194	1.34287				2
2025.10.20	01:15:02.498	1.34286	1.34290			6
2025.10.20	01:15:04.955	1.34287	1.34291			6
2025.10.20	01:15:05.563	1.34285	1.34289			6
2025.10.20	01:15:06.486	1.34286	1.34290			6
2025.10.20	01:15:06.797	1.34285	1.34289			6
2025.10.20	01:15:07.098	1.34284	1.34288			6
2025.10.20	01:15:08.630	1.34283	1.34287			6
2025.10.20	01:15:15.967	1.34284	1.34288			6
2025.10.20	01:15:17.806	1.34285	1.34289			6
2025.10.20	01:15:18.114	1.34288	1.34292			6
2025.10.20	01:15:19.343	1.34286	1.34294			6
2025.10.20	01:15:20.262	1.34287				2
2025.10.20	01:15:21.187		1.34293			4
2025.10.20	01:15:22.121	1.34288				2
2025.10.20	01:15:23.368	1.34289				2
2025.10.20	01:15:23.675	1.34288	1.34292			6
2025.10.20	01:15:24.589	1.34289	1.34293			6
2025.10.20	01:15:25.813	1.34288	1.34292			6
2025.10.20	01:15:26.724	1.34289	1.34293			6
2025.10.20	01:15:27.033	1.34288	1.34292			6
2025.10.20	01:15:31.022	1.34289	1.34293			6
2025.10.20	01:15:35.918	1.34288	1.34292			6
2025.10.20	01:15:41.118	1.34287	1.34291			6
2025.10.20	01:15:42.356	1.34288	1.34292			6
2025.10.20	01:15:45.109	1.34289	1.34293			6
2025.10.20	01:15:48.769	1.34288	1.34292			6
2025.10.20	01:15:55.823	1.34289	1.34293			6
2025.10.20	01:15:56.131	1.34288	1.34292			6
2025.10.20	01:15:57.666	1.34287	1.34291			6
2025.10.20	01:15:59.519	1.34288	1.34292			6
2025.10.20	01:16:00.126	1.34287				2
2025.10.20	01:16:01.365	1.34288				2
2025.10.20	01:16:10.689	1.34287	1.34291			6
2025.10.20	01:16:11.000	1.34285	1.34289			6
2025.10.20	01:16:11.313	1.34282	1.34292			6
2025.10.20	01:16:11.930	1.34281				2
2025.10.20	01:16:12.854	1.34282				2
2025.10.20	01:16:14.085	1.34281				2
2025.10.20	01:16:15.018	1.34282				2
2025.10.20	01:16:15.325	1.34281				2
2025.10.20	01:16:16.245		1.34291			4
2025.10.20	01:16:17.173	1.34282	1.34290			6
2025.10.20	01:16:18.104	1.34283	1.34289			6
2025.10.20	01:16:19.342		1.34288			4
2025.10.20	01:16:20.273	1.34284				2
2025.10.20	01:16:21.200	1.34278	1.34282			6
2025.10.20	01:16:21.814	1.34274	1.34278			6
2025.10.20	01:16:22.119		1.34284			4
2025.10.20	01:16:22.422	1.34273	1.34283			6
2025.10.20	01:16:25.516	1.34272				2
2025.10.20	01:16:26.136	1.34271	1.34282			6
2025.10.20	01:16:26.452		1.34281			4
2025.10.20	01:16:26.756		1.34282			4
2025.10.20	01:16:29.210		1.34281			4
2025.10.20	01:16:29.831	1.34272				2
2025.10.20	01:16:31.070	1.34271				2
2025.10.20	01:16:31.377	1.34272	1.34279			6
2025.10.20	01:16:32.303	1.34273				2
2025.10.20	01:16:34.154		1.34278			4
2025.10.20	01:16:36.288	1.34274				2
2025.10.20	01:16:43.637	1.34273	1.34277			6
2025.10.20	01:16:43.944	1.34274	1.34278			6
2025.10.20	01:16:44.551	1.34273	1.34277			6
2025.10.20	01:16:44.854	1.34274	1.34278			6
2025.10.20	01:16:50.698	1.34273	1.34277			6
2025.10.20	01:16:51.009	1.34274	1.34278			6
2025.10.20	01:16:51.626	1.34277	1.34281			6
2025.10.20	01:16:54.397	1.34274	1.34278			6
2025.10.20	01:16:55.319	1.34273	1.34280			6
2025.10.20	01:16:56.246		1.34279			4
2025.10.20	01:16:57.172		1.34278			4
2025.10.20	01:16:57.791	1.34274	1.34279			6
2025.10.20	01:16:58.719	1.34273	1.34278			6
2025.10.20	01:16:59.342	1.34274				2
2025.10.20	01:17:00.262	1.34274				2
2025.10.20	01:17:03.005	1.34269	1.34273			6
2025.10.20	01:17:03.315	1.34270	1.34276			6
2025.10.20	01:17:06.097		1.34274			4
2025.10.20	01:17:07.036		1.34276			4
2025.10.20	01:17:07.344	1.34272	1.34279			6
2025.10.20	01:17:08.267		1.34282			4
2025.10.20	01:17:09.197	1.34273				2
2025.10.20	01:17:09.500	1.34272				2
2025.10.20	01:17:09.814		1.34281			4
2025.10.20	01:17:11.363		1.34280			4
2025.10.20	01:17:11.682	1.34273				2
2025.10.20	01:17:12.304		1.34279			4
2025.10.20	01:17:13.234		1.34278			4
2025.10.20	01:17:14.151	1.34274	1.34279			6
2025.10.20	01:17:15.077		1.34278			4
2025.10.20	01:17:16.003	1.34273	1.34277			6
2025.10.20	01:17:18.470	1.34274	1.34278			6
2025.10.20	01:17:23.072	1.34278	1.34282			6
2025.10.20	01:17:23.374	1.34277	1.34284			6
2025.10.20	01:17:23.996	1.34276				2
2025.10.20	01:17:24.302	1.34277				2
2025.10.20	01:17:27.091	1.34278	1.34283			6
2025.10.20	01:17:28.316		1.34282			4
2025.10.20	01:17:31.681	1.34279	1.34283			6
2025.10.20	01:17:32.602	1.34278	1.34282			6
2025.10.20	01:17:32.911	1.34279	1.34283			6
2025.10.20	01:17:35.978	1.34278	1.34282			6
2025.10.20	01:17:40.882	1.34279	1.34283			6
2025.10.20	01:17:41.197	1.34278	1.34282			6
2025.10.20	01:17:41.813	1.34274	1.34278			6
2025.10.20	01:17:42.120	1.34272	1.34282			6
2025.10.20	01:17:42.429	1.34275	1.34283			6
2025.10.20	01:17:42.736	1.34274				2
2025.10.20	01:17:43.359		1.34282			4
2025.10.20	01:17:43.671	1.34273				2
2025.10.20	01:17:44.287		1.34280			4
2025.10.20	01:17:45.225	1.34274	1.34279			6
2025.10.20	01:17:46.457	1.34273	1.34278			6
2025.10.20	01:17:47.384	1.34274				2
2025.10.20	01:17:53.504	1.34278	1.34282			6
2025.10.20	01:17:53.814	1.34279	1.34283			6
2025.10.20	01:17:54.119	1.34277	1.34285			6
2025.10.20	01:17:55.655	1.34276				2
2025.10.20	01:17:56.575		1.34284			4
2025.10.20	01:17:56.884		1.34285			4
2025.10.20	01:17:58.127	1.34277				2
2025.10.20	01:17:59.361		1.34284			4
2025.10.20	01:18:00.295	1.34278	1.34283			6
2025.10.20	01:18:01.205	1.34279				2
2025.10.20	01:18:03.666	1.34278	1.34282			6
2025.10.20	01:18:07.640	1.34279	1.34283			6
2025.10.20	01:18:14.692	1.34278	1.34282			6
2025.10.20	01:18:47.649	1.34287	1.34288			6
2025.10.20	01:18:49.181	1.34285				2
2025.10.20	01:18:50.106	1.34280	1.34289			6
2025.10.20	01:18:50.724	1.34281	1.34287			6
2025.10.20	01:18:51.036	1.34280				2
2025.10.20	01:18:51.657	1.34281				2
2025.10.20	01:18:57.237	1.34280	1.34286			6
2025.10.20	01:18:57.549	1.34281	1.34288			6
2025.10.20	01:18:58.474		1.34287			4
2025.10.20	01:19:00.016	1.34281				2
2025.10.20	01:19:00.329	1.34282	1.34288			6
2025.10.20	01:19:00.633		1.34287			4
2025.10.20	01:19:01.246	1.34280	1.34284			6
2025.10.20	01:19:01.547	1.34277	1.34283			6
2025.10.20	01:19:02.168		1.34282			4
2025.10.20	01:19:02.477	1.34278	1.34283			6
2025.10.20	01:19:03.089	1.34277	1.34285			6
2025.10.20	01:19:04.331	1.34278				2
2025.10.20	01:19:04.645	1.34277				2
2025.10.20	01:19:06.183		1.34284			4
2025.10.20	01:19:07.106	1.34278				2
2025.10.20	01:19:08.025	1.34277	1.34283			6
2025.10.20	01:19:08.329		1.34282			4
2025.10.20	01:19:10.165	1.34278				2
2025.10.20	01:19:31.635	1.34279	1.34283			6
2025.10.20	01:19:34.689	1.34278	1.34282			6
2025.10.20	01:19:40.186	1.34279	1.34283			6
2025.10.20	01:19:42.332	1.34278	1.34282			6
2025.10.20	01:19:43.254	1.34279	1.34283			6
2025.10.20	01:19:43.556	1.34278	1.34282			6
2025.10.20	01:19:50.622	1.34279	1.34283			6
2025.10.20	01:19:51.839	1.34278	1.34282			6
2025.10.20	01:19:53.677	1.34279	1.34283			6
2025.10.20	01:19:54.284	1.34278	1.34282			6
2025.10.20	01:19:56.423	1.34279	1.34283			6
2025.10.20	01:19:56.736	1.34274	1.34278			6
2025.10.20	01:19:57.656	1.34273	1.34277			6
2025.10.20	01:19:57.957	1.34274	1.34278			6
2025.10.20	01:19:58.263	1.34272	1.34280			6
2025.10.20	01:20:00.125	1.34272				2
2025.10.20	01:20:00.432		1.34279			4
2025.10.20	01:20:00.737		1.34277			4
2025.10.20	01:20:01.044	1.34270				2
2025.10.20	01:20:01.976		1.34276			4
2025.10.20	01:20:02.282	1.34272	1.34280			6
2025.10.20	01:20:05.709		1.34279			4
2025.10.20	01:20:06.339	1.34273	1.34280			6
2025.10.20	01:20:07.278	1.34278	1.34283			6
2025.10.20	01:20:07.586	1.34277				2
2025.10.20	01:20:08.204		1.34284			4
2025.10.20	01:20:09.131	1.34278				2
2025.10.20	01:20:09.450	1.34277	1.34285			6
2025.10.20	01:20:10.365		1.34284			4
2025.10.20	01:20:10.673	1.34279	1.34286			6
2025.10.20	01:20:11.294	1.34280				2
2025.10.20	01:20:12.234	1.34279	1.34287			6
2025.10.20	01:20:13.158	1.34280				2
2025.10.20	01:20:13.782	1.34279	1.34286			6
2025.10.20	01:20:14.089	1.34280				2
2025.10.20	01:20:15.333	1.34281				2
2025.10.20	01:20:15.954	1.34282	1.34287			6
2025.10.20	01:20:16.259		1.34286			4
2025.10.20	01:20:22.996	1.34281	1.34285			6
2025.10.20	01:20:23.303	1.34282	1.34286			6
2025.10.20	01:20:23.604	1.34284	1.34288			6
2025.10.20	01:20:24.823	1.34283	1.34287			6
2025.10.20	01:20:25.761	1.34282	1.34286			6
2025.10.20	01:20:26.988	1.34283	1.34287			6
2025.10.20	01:20:27.914	1.34282	1.34286			6
2025.10.20	01:20:30.364	1.34281	1.34285			6
2025.10.20	01:20:30.666	1.34278	1.34282			6
2025.10.20	01:20:31.278	1.34279	1.34283			6
2025.10.20	01:20:31.893	1.34278	1.34282			6
2025.10.20	01:20:32.195	1.34277	1.34284			6
2025.10.20	01:20:35.296	1.34278	1.34283			6
2025.10.20	01:20:37.150		1.34282			4
2025.10.20	01:20:39.297	1.34279	1.34283			6
2025.10.20	01:20:42.368	1.34278	1.34282			6
2025.10.20	01:20:43.891	1.34279	1.34283			6
2025.10.20	01:20:45.118	1.34278	1.34282			6
2025.10.20	01:20:48.184	1.34279	1.34283			6
2025.10.20	01:20:51.563	1.34278	1.34282			6
2025.10.20	01:20:58.295	1.34274	1.34278			6
2025.10.20	01:20:59.213	1.34272	1.34281			6
2025.10.20	01:20:59.839	1.34271				2
2025.10.20	01:21:00.144	1.34271				2
2025.10.20	01:21:02.629	1.34272				2
2025.10.20	01:21:03.252	1.34271				2
2025.10.20	01:21:03.567	1.34272				2
2025.10.20	01:21:04.181	1.34273	1.34280			6
2025.10.20	01:21:05.101		1.34279			4
2025.10.20	01:21:06.340		1.34278			4
2025.10.20	01:21:07.261	1.34274				2
2025.10.20	01:21:24.128	1.34273	1.34277			6
2025.10.20	01:21:24.437	1.34274	1.34278			6
2025.10.20	01:21:25.353	1.34273	1.34277			6
2025.10.20	01:21:29.020	1.34274	1.34278			6
2025.10.20	01:21:32.073	1.34277	1.34281			6
2025.10.20	01:21:32.693	1.34274	1.34278			6
2025.10.20	01:21:34.823	1.34272	1.34276			6
2025.10.20	01:21:36.343	1.34270	1.34277			6
2025.10.20	01:21:38.193	1.34271				2
2025.10.20	01:21:39.121		1.34276			4
2025.10.20	01:21:40.360	1.34272				2
2025.10.20	01:21:44.652	1.34271	1.34275			6
2025.10.20	01:21:44.955	1.34272	1.34276			6
2025.10.20	01:21:45.565	1.34271	1.34275			6
2025.10.20	01:21:47.396	1.34270	1.34273			6
2025.10.20	01:21:48.322	1.34269	1.34274			6
2025.10.20	01:21:49.260		1.34273			4
2025.10.20	01:21:59.142	1.34270				2
2025.10.20	01:22:00.056	1.34269				2
2025.10.20	01:22:01.607	1.34272	1.34276			6
2025.10.20	01:22:02.219	1.34270	1.34277			6
2025.10.20	01:22:04.392	1.34269	1.34275			6
2025.10.20	01:22:12.420		1.34274			4
2025.10.20	01:22:12.733		1.34275			4
2025.10.20	01:22:17.362		1.34274			4
2025.10.20	01:22:19.193	1.34270				2
2025.10.20	01:22:35.466	1.34269	1.34272			6
2025.10.20	01:22:38.222	1.34270	1.34274			6
2025.10.20	01:22:38.529	1.34269	1.34272			6
2025.10.20	01:22:38.840		1.34273			4
2025.10.20	01:22:49.883		1.34272			4
2025.10.20	01:22:50.188	1.34270	1.34274			6
2025.10.20	01:22:51.419	1.34269	1.34272			6
2025.10.20	01:22:51.723		1.34273			4
2025.10.20	01:22:52.336		1.34274			4
2025.10.20	01:22:53.899		1.34273			4
2025.10.20	01:22:55.141		1.34272			4
2025.10.20	01:22:56.978		1.34273			4
2025.10.20	01:23:00.043	1.34269				2
2025.10.20	01:23:01.577	1.34270	1.34274			6
2025.10.20	01:23:03.106	1.34271				2
2025.10.20	01:23:04.030		1.34275			4
2025.10.20	01:23:05.257	1.34269	1.34273			6
2025.10.20	01:23:06.163		1.34274			4
2025.10.20	01:23:09.889		1.34275			4
2025.10.20	01:23:11.125		1.34274			4
2025.10.20	01:23:12.364	1.34272	1.34275			6
2025.10.20	01:23:12.669	1.34273				2
2025.10.20	01:23:13.288	1.34269				2
2025.10.20	01:23:19.132	1.34271				2
2025.10.20	01:23:20.376	1.34272				2
2025.10.20	01:23:20.994	1.34271				2
2025.10.20	01:23:21.298	1.34272				2
2025.10.20	01:23:22.321	1.34271				2
2025.10.20	01:23:23.876	1.34272				2
2025.10.20	01:23:26.337	1.34273				2
2025.10.20	01:23:28.799	1.34270	1.34273			6
2025.10.20	01:23:29.101	1.34269				2
2025.10.20	01:23:29.402	1.34268	1.34270			6
2025.10.20	01:23:30.632	1.34269				2
2025.10.20	01:23:39.260	1.34264	1.34265			6
2025.10.20	01:23:40.182	1.34263	1.34264			6
2025.10.20	01:23:41.491	1.34262	1.34263			6
2025.10.20	01:23:41.799	1.34260				2
2025.10.20	01:23:42.730	1.34259				2
2025.10.20	01:23:49.206	1.34258				2
2025.10.20	01:23:50.124	1.34259				2
2025.10.20	01:23:50.437	1.34258				2
2025.10.20	01:23:52.292	1.34259				2
2025.10.20	01:23:52.599	1.34258				2
2025.10.20	01:23:52.904	1.34257				2
2025.10.20	01:23:53.210	1.34258				2
2025.10.20	01:23:54.436	1.34259				2
2025.10.20	01:23:56.572	1.34260	1.34264			6
2025.10.20	01:23:57.182	1.34259	1.34263			6
2025.10.20	01:23:59.629	1.34258	1.34262			6
2025.10.20	01:23:59.931	1.34260	1.34264			6
2025.10.20	01:24:00.236	1.34263	1.34265			6
2025.10.20	01:24:01.142	1.34262				2
2025.10.20	01:24:03.324	1.34263				2
2025.10.20	01:24:05.768	1.34264				2
2025.10.20	01:24:18.909	1.34263				2
2025.10.20	01:24:25.333	1.34264				2
2025.10.20	01:24:27.794	1.34263				2
2025.10.20	01:24:30.240	1.34264				2
2025.10.20	01:24:32.074	1.34263				2
2025.10.20	01:24:33.293		1.34266			4
2025.10.20	01:24:34.222		1.34265			4
2025.10.20	01:24:34.836	1.34264				2
2025.10.20	01:24:36.685		1.34266			4
2025.10.20	01:24:37.292		1.34265			4
2025.10.20	01:24:38.524		1.34266			4
2025.10.20	01:24:43.737	1.34260	1.34264			6
2025.10.20	01:24:44.343	1.34259	1.34265			6
2025.10.20	01:24:44.969	1.34258				2
2025.10.20	01:24:49.300	1.34259				2
2025.10.20	01:24:50.539		1.34264			4
2025.10.20	01:24:50.850		1.34265			4
2025.10.20	01:24:51.156		1.34264			4
2025.10.20	01:24:51.770	1.34260	1.34265			6
2025.10.20	01:24:53.305		1.34264			4
2025.10.20	01:25:00.033	1.34260				2
2025.10.20	01:25:00.961	1.34261	1.34265			6
2025.10.20	01:25:02.497	1.34260	1.34264			6
2025.10.20	01:25:03.719	1.34259	1.34263			6
2025.10.20	01:25:04.335	1.34260	1.34264			6
2025.10.20	01:25:08.951	1.34259	1.34263			6
2025.10.20	01:25:15.410	1.34258	1.34262			6
2025.10.20	01:25:16.021	1.34259	1.34263			6
2025.10.20	01:25:18.186	1.34260	1.34264			6
2025.10.20	01:25:19.705	1.34261	1.34265			6
2025.10.20	01:25:21.835	1.34260	1.34264			6
2025.10.20	01:25:30.114	1.34261	1.34265			6
2025.10.20	01:25:31.034	1.34260	1.34264			6
2025.10.20	01:25:34.707	1.34261	1.34265			6
2025.10.20	01:25:39.954	1.34260	1.34264			6
2025.10.20	01:25:40.574	1.34261	1.34265			6
2025.10.20	01:25:42.126	1.34260				2
2025.10.20	01:25:43.356		1.34264			4
2025.10.20	01:25:44.598	1.34261	1.34265			6
2025.10.20	01:25:45.533	1.34260	1.34264			6
2025.10.20	01:25:45.837	1.34259	1.34263			6
2025.10.20	01:25:46.156	1.34260	1.34264			6
2025.10.20	01:25:46.776	1.34261	1.34265			6
2025.10.20	01:25:48.640	1.34260	1.34264			6
2025.10.20	01:25:48.944	1.34262	1.34265			6
2025.10.20	01:25:49.559	1.34261	1.34264			6
2025.10.20	01:25:49.870	1.34260				2
2025.10.20	01:25:50.185	1.34258				2
2025.10.20	01:25:51.423		1.34265			4
2025.10.20	01:25:52.344		1.34264			4
2025.10.20	01:25:53.265	1.34257				2
2025.10.20	01:25:53.578		1.34263			4
2025.10.20	01:25:53.885	1.34259				2
2025.10.20	01:25:54.191	1.34257				2
2025.10.20	01:25:55.127	1.34258	1.34265			6
2025.10.20	01:25:56.360		1.34263			4
2025.10.20	01:25:56.990	1.34259				2
2025.10.20	01:25:57.292	1.34258				2
2025.10.20	01:25:57.603	1.34257	1.34265			6
2025.10.20	01:25:58.226	1.34258	1.34263			6
2025.10.20	01:26:00.091	1.34258	1.34265			6
2025.10.20	01:26:00.396	1.34259	1.34264			6
2025.10.20	01:26:00.699	1.34258				2
2025.10.20	01:26:01.020		1.34265			4
2025.10.20	01:26:02.889	1.34259				2
2025.10.20	01:26:03.210	1.34260				2
2025.10.20	01:26:03.513		1.34264			4
2025.10.20	01:26:03.826	1.34261	1.34265			6
2025.10.20	01:26:04.137	1.34260				2
2025.10.20	01:26:04.758	1.34259	1.34263			6
2025.10.20	01:26:05.070	1.34258				2
2025.10.20	01:26:05.381		1.34261			4
2025.10.20	01:26:05.685	1.34255	1.34260			6
2025.10.20	01:26:06.298	1.34252	1.34259			6
2025.10.20	01:26:06.606	1.34251				2
2025.10.20	01:26:06.914	1.34252	1.34260			6
2025.10.20	01:26:07.233	1.34253				2
2025.10.20	01:26:07.856	1.34256	1.34261			6
2025.10.20	01:26:09.401	1.34258				2
2025.10.20	01:26:09.720	1.34257				2
2025.10.20	01:26:10.964	1.34253	1.34262			6
2025.10.20	01:26:11.881		1.34261			4
2025.10.20	01:26:15.285	1.34254				2
2025.10.20	01:26:16.210	1.34255				2
2025.10.20	01:26:17.132	1.34256				2
2025.10.20	01:26:18.369	1.34257				2
2025.10.20	01:26:23.877	1.34258				2
2025.10.20	01:26:24.185	1.34257	1.34260			6
2025.10.20	01:26:26.031	1.34250	1.34254			6
2025.10.20	01:26:26.334	1.34251	1.34255			6
2025.10.20	01:26:33.133		1.34256			4
2025.10.20	01:26:35.305	1.34252				2
2025.10.20	01:26:36.233	1.34253				2
2025.10.20	01:26:38.382	1.34256	1.34260			6
2025.10.20	01:26:38.710		1.34261			4
2025.10.20	01:26:39.020	1.34255	1.34259			6
2025.10.20	01:26:39.326	1.34254				2
2025.10.20	01:26:41.806	1.34255	1.34260			6
2025.10.20	01:26:42.122	1.34256				2
2025.10.20	01:26:42.741		1.34261			4
2025.10.20	01:26:44.266	1.34257				2
2025.10.20	01:26:45.185		1.34260			4
2025.10.20	01:26:45.802		1.34261			4
2025.10.20	01:26:49.798		1.34260			4
2025.10.20	01:26:53.769		1.34261			4
2025.10.20	01:26:54.994	1.34259	1.34263			6
2025.10.20	01:26:55.607	1.34261	1.34264			6
2025.10.20	01:26:56.522	1.34259	1.34262			6
2025.10.20	01:26:56.822	1.34258				2
2025.10.20	01:26:57.130	1.34257	1.34260			6
2025.10.20	01:26:58.361	1.34253				2
2025.10.20	01:27:00.228	1.34253				2
2025.10.20	01:27:00.532	1.34254	1.34261			6
2025.10.20	01:27:01.467		1.34260			4
2025.10.20	01:27:02.398	1.34258	1.34262			6
2025.10.20	01:27:02.706		1.34264			4
2025.10.20	01:27:03.643	1.34259				2
2025.10.20	01:27:05.177	1.34260				2
2025.10.20	01:27:05.788	1.34259				2
2025.10.20	01:27:07.323	1.34260				2
2025.10.20	01:27:10.388	1.34261				2
2025.10.20	01:27:11.002	1.34260				2
2025.10.20	01:27:15.608	1.34261				2
2025.10.20	01:27:16.826	1.34260				2
2025.10.20	01:27:18.376	1.34261				2
2025.10.20	01:27:20.522	1.34260				2
2025.10.20	01:27:23.588	1.34258	1.34262			6
2025.10.20	01:27:33.410	1.34261	1.34264			6
2025.10.20	01:27:34.323	1.34260				2
2025.10.20	01:27:34.643	1.34261	1.34266			6
2025.10.20	01:27:35.263	1.34262				2
2025.10.20	01:27:35.569		1.34267			4
2025.10.20	01:27:35.875		1.34265			4
2025.10.20	01:27:37.113		1.34267			4
2025.10.20	01:27:38.357	1.34263				2
2025.10.20	01:27:38.976	1.34262	1.34266			6
2025.10.20	01:27:39.278	1.34263	1.34267			6
2025.10.20	01:27:42.014	1.34262	1.34266			6
2025.10.20	01:27:49.979	1.34263	1.34267			6
2025.10.20	01:27:54.874	1.34262	1.34266			6
2025.10.20	01:27:55.799	1.34263	1.34267			6
2025.10.20	01:27:58.552	1.34264	1.34268			6
2025.10.20	01:27:59.158	1.34261	1.34264			6
2025.10.20	01:27:59.466	1.34262	1.34265			6
2025.10.20	01:28:00.075	1.34262				2
2025.10.20	01:28:00.380		1.34264			4
2025.10.20	01:28:01.619	1.34263				2
2025.10.20	01:28:01.927	1.34262				2
2025.10.20	01:28:02.536		1.34265			4
2025.10.20	01:28:02.837		1.34264			4
2025.10.20	01:28:04.664	1.34263				2
2025.10.20	01:28:04.966	1.34262				2
2025.10.20	01:28:05.268	1.34263	1.34266			6
2025.10.20	01:28:05.577		1.34267			4
2025.10.20	01:28:27.119	1.34262	1.34265			6
2025.10.20	01:28:27.428	1.34261				2
2025.10.20	01:28:28.360		1.34266			4
2025.10.20	01:28:28.663	1.34262				2
2025.10.20	01:28:28.979		1.34265			4
2025.10.20	01:28:29.286		1.34267			4
2025.10.20	01:28:29.592	1.34260	1.34265			6
2025.10.20	01:28:29.908	1.34259	1.34264			6
2025.10.20	01:28:30.212		1.34263			4
2025.10.20	01:28:31.137	1.34260	1.34264			6
2025.10.20	01:28:32.379	1.34258				2
2025.10.20	01:28:35.154	1.34259				2
2025.10.20	01:28:35.462	1.34257	1.34263			6
2025.10.20	01:28:36.081	1.34258				2
2025.10.20	01:28:37.310	1.34257				2
2025.10.20	01:28:37.936	1.34258				2
2025.10.20	01:28:39.478	1.34257				2
2025.10.20	01:28:39.784	1.34258				2
2025.10.20	01:28:40.086	1.34257				2
2025.10.20	01:28:40.395	1.34256				2
2025.10.20	01:28:41.326	1.34258	1.34264			6
2025.10.20	01:28:43.807	1.34257				2
2025.10.20	01:28:44.114	1.34258				2
2025.10.20	01:28:46.263	1.34259				2
2025.10.20	01:28:46.569	1.34256	1.34262			6
2025.10.20	01:28:46.879	1.34255				2
2025.10.20	01:28:47.186	1.34254				2
2025.10.20	01:28:48.414		1.34261			4
2025.10.20	01:28:49.040	1.34253				2
2025.10.20	01:28:49.357	1.34254	1.34260			6
2025.10.20	01:28:49.968		1.34261			4
2025.10.20	01:28:54.289	1.34255				2
2025.10.20	01:28:55.214	1.34256				2
2025.10.20	01:28:56.152	1.34257				2
2025.10.20	01:29:00.124	1.34257				2
2025.10.20	01:29:02.567	1.34258	1.34262			6
2025.10.20	01:29:04.710		1.34261			4
2025.10.20	01:29:05.929		1.34262			4
2025.10.20	01:29:16.685	1.34259	1.34263			6
2025.10.20	01:29:17.608	1.34260	1.34264			6
2025.10.20	01:29:18.220	1.34261				2
2025.10.20	01:29:18.828	1.34258	1.34261			6
2025.10.20	01:29:19.136	1.34257				2
2025.10.20	01:29:20.375		1.34264			4
2025.10.20	01:29:20.677	1.34258				2
2025.10.20	01:29:21.304	1.34257				2
2025.10.20	01:29:23.462	1.34258				2
2025.10.20	01:29:23.771	1.34257				2
2025.10.20	01:29:25.616	1.34258				2
2025.10.20	01:29:26.240	1.34259				2
2025.10.20	01:29:27.182	1.34260				2
2025.10.20	01:29:28.089	1.34261				2
2025.10.20	01:29:28.706	1.34258	1.34262			6
2025.10.20	01:29:29.318		1.34263			4
2025.10.20	01:29:34.553	1.34257	1.34262			6
2025.10.20	01:29:36.391	1.34258				2
2025.10.20	01:29:38.841	1.34257	1.34261			6
2025.10.20	01:29:41.599	1.34259	1.34263			6
2025.10.20	01:29:41.904	1.34263	1.34267			6
2025.10.20	01:29:42.210	1.34261	1.34268			6
2025.10.20	01:29:42.532	1.34262				2
2025.10.20	01:29:43.758	1.34260				2
2025.10.20	01:29:44.376	1.34261				2
2025.10.20	01:29:46.229	1.34260				2
2025.10.20	01:29:46.849		1.34267			4
2025.10.20	01:29:47.159	1.34259	1.34265			6
2025.10.20	01:29:51.171	1.34260				2
2025.10.20	01:29:52.101	1.34261				2
2025.10.20	01:29:53.013		1.34266			4
2025.10.20	01:29:53.319		1.34265			4
2025.10.20	01:29:54.241	1.34262				2
2025.10.20	01:29:56.700	1.34259	1.34263			6
2025.10.20	01:29:57.001	1.34260				2
2025.10.20	01:29:57.312	1.34259				2
2025.10.20	01:29:57.920	1.34258				2
2025.10.20	01:29:58.848		1.34262			4
2025.10.20	01:30:00.073	1.34258				2
2025.10.20	01:30:00.376	1.34259	1.34263			6
2025.10.20	01:30:00.984	1.34261	1.34264			6
2025.10.20	01:30:01.286	1.34260	1.34263			6
2025.10.20	01:30:01.598	1.34258				2
2025.10.20	01:30:02.221		1.34262			4
2025.10.20	01:30:03.141	1.34259	1.34263			6
2025.10.20	01:30:08.043	1.34258	1.34259			6
2025.10.20	01:30:08.652		1.34262			4
2025.10.20	01:30:09.870	1.34259	1.34263			6
2025.10.20	01:30:10.480	1.34261	1.34264			6
2025.10.20	01:30:10.791	1.34260				2
2025.10.20	01:30:11.095	1.34259	1.34261			6
2025.10.20	01:30:12.325	1.34258				2
2025.10.20	01:30:13.248		1.34263			4
2025.10.20	01:30:14.172	1.34259				2
2025.10.20	01:30:14.481	1.34260	1.34264			6
2025.10.20	01:30:15.091	1.34261				2
2025.10.20	01:30:15.400	1.34259	1.34261			6
2025.10.20	01:30:17.253	1.34258				2
2025.10.20	01:30:18.167		1.34262			4
2025.10.20	01:30:19.392		1.34261			4
2025.10.20	01:30:23.063	1.34253	1.34254			6
2025.10.20	01:30:23.370	1.34251				2
2025.10.20	01:30:24.905	1.34250				2
2025.10.20	01:30:25.524		1.34255			4
2025.10.20	01:30:26.755		1.34254			4
2025.10.20	01:30:27.061		1.34255			4
2025.10.20	01:30:28.301	1.34251				2
2025.10.20	01:30:29.225	1.34252				2
2025.10.20	01:30:29.529		1.34254			4
2025.10.20	01:30:30.156		1.34255			4
2025.10.20	01:30:30.456		1.34254			4
2025.10.20	01:30:30.762		1.34255			4
2025.10.20	01:30:31.377	1.34255	1.34259			6
2025.10.20	01:30:32.294	1.34253				2
2025.10.20	01:30:34.172	1.34255				2
2025.10.20	01:30:34.487	1.34256				2
2025.10.20	01:30:34.805	1.34255				2
2025.10.20	01:30:35.114	1.34257				2
2025.10.20	01:30:46.778		1.34260			4
2025.10.20	01:30:47.087		1.34259			4
2025.10.20	01:30:54.440		1.34260			4
2025.10.20	01:30:54.746	1.34258				2
2025.10.20	01:30:55.054	1.34257				2
2025.10.20	01:30:56.576		1.34261			4
2025.10.20	01:31:00.271	1.34258	1.34260			6
2025.10.20	01:31:05.182	1.34257				2
2025.10.20	01:31:12.246		1.34261			4
2025.10.20	01:31:12.548	1.34258	1.34262			6
2025.10.20	01:31:15.615	1.34255	1.34258			6
2025.10.20	01:31:15.917	1.34256	1.34259			6
2025.10.20	01:31:16.535	1.34257	1.34260			6
2025.10.20	01:31:17.153	1.34256				2
2025.10.20	01:31:18.385	1.34257				2
2025.10.20	01:31:19.908		1.34261			4
2025.10.20	01:31:23.290		1.34260			4
2025.10.20	01:31:24.210	1.34258				2
2025.10.20	01:31:24.517	1.34257				2
2025.10.20	01:31:24.821		1.34261			4
2025.10.20	01:31:25.729		1.34260			4
2025.10.20	01:31:26.036		1.34259			4
2025.10.20	01:31:26.662		1.34260			4
2025.10.20	01:31:30.344		1.34259			4
2025.10.20	01:31:30.656		1.34260			4
2025.10.20	01:31:34.008		1.34259			4
2025.10.20	01:31:34.315		1.34260			4
2025.10.20	01:31:35.867	1.34258	1.34261			6
2025.10.20	01:31:37.396		1.34260			4
2025.10.20	01:31:38.009		1.34259			4
2025.10.20	01:31:41.687		1.34260			4
2025.10.20	01:31:41.996		1.34259			4
2025.10.20	01:31:46.368		1.34261			4
2025.10.20	01:31:46.685		1.34260			4
2025.10.20	01:31:47.005		1.34261			4
2025.10.20	01:31:47.325		1.34262			4
2025.10.20	01:31:48.886		1.34261			4
2025.10.20	01:31:49.820		1.34262			4
2025.10.20	01:32:00.108	1.34258				2
2025.10.20	01:32:00.417	1.34262	1.34263			6
2025.10.20	01:32:00.722	1.34261				2
2025.10.20	01:32:01.039	1.34259				2
2025.10.20	01:32:02.264		1.34262			4
2025.10.20	01:32:03.188	1.34257	1.34258			6
2025.10.20	01:32:03.492	1.34253	1.34255			6
2025.10.20	01:32:03.812		1.34256			4
2025.10.20	01:32:04.440	1.34252	1.34255			6
2025.10.20	01:32:05.377		1.34256			4
2025.10.20	01:32:08.183		1.34257			4
2025.10.20	01:32:08.487	1.34253	1.34259			6
2025.10.20	01:32:08.790	1.34255				2
2025.10.20	01:32:09.420	1.34254				2
2025.10.20	01:32:09.728	1.34255				2
2025.10.20	01:32:14.112	1.34256	1.34261			6
2025.10.20	01:32:15.057	1.34257	1.34262			6
2025.10.20	01:32:16.282		1.34261			4
2025.10.20	01:32:16.587		1.34262			4
2025.10.20	01:32:17.533	1.34254	1.34258			6
2025.10.20	01:32:17.838	1.34253	1.34260			6
2025.10.20	01:32:18.793	1.34255				2
2025.10.20	01:32:20.038	1.34256	1.34262			6
2025.10.20	01:32:20.346	1.34258	1.34263			6
2025.10.20	01:32:21.283	1.34259				2
2025.10.20	01:32:21.585		1.34264			4
2025.10.20	01:32:21.887		1.34263			4
2025.10.20	01:32:23.134	1.34258				2
2025.10.20	01:32:25.602		1.34262			4
2025.10.20	01:32:26.532	1.34257				2
2025.10.20	01:32:27.159	1.34258				2
2025.10.20	01:32:28.386	1.34257	1.34261			6
2025.10.20	01:32:29.296	1.34258				2
2025.10.20	01:32:31.736		1.34262			4
2025.10.20	01:32:34.516		1.34261			4
2025.10.20	01:32:37.279		1.34262			4
2025.10.20	01:32:39.121	1.34260	1.34263			6
2025.10.20	01:32:39.431	1.34259				2
2025.10.20	01:32:40.047		1.34262			4
2025.10.20	01:32:40.670	1.34260				2
2025.10.20	01:32:40.973	1.34261				2
2025.10.20	01:32:41.276	1.34260				2
2025.10.20	01:32:41.895	1.34261				2
2025.10.20	01:32:42.198	1.34260				2
2025.10.20	01:32:42.814	1.34261				2
2025.10.20	01:32:44.046	1.34260				2
2025.10.20	01:32:44.364	1.34261				2
2025.10.20	01:32:54.178	1.34258				2
2025.10.20	01:33:00.308	1.34258				2
2025.10.20	01:33:00.612	1.34262	1.34263			6
2025.10.20	01:33:02.448		1.34264			4
2025.10.20	01:33:03.063		1.34263			4
2025.10.20	01:33:03.380		1.34264			4
2025.10.20	01:33:03.681	1.34259	1.34263			6
2025.10.20	01:33:04.620		1.34262			4
2025.10.20	01:33:05.231		1.34263			4
2025.10.20	01:33:05.544	1.34258				2
2025.10.20	01:33:10.218		1.34262			4
2025.10.20	01:33:12.067	1.34259				2
2025.10.20	01:33:12.380	1.34263	1.34267			6
2025.10.20	01:33:13.000	1.34262	1.34263			6
2025.10.20	01:33:18.536	1.34263	1.34270			6
2025.10.20	01:33:18.841		1.34269			4
2025.10.20	01:33:19.474	1.34264				2
2025.10.20	01:33:20.094	1.34263				2
2025.10.20	01:33:20.711	1.34264				2
2025.10.20	01:33:21.020	1.34263				2
2025.10.20	01:33:21.329		1.34270			4
2025.10.20	01:33:26.254	1.34264				2
2025.10.20	01:33:28.097	1.34266				2
2025.10.20	01:33:29.949		1.34269			4
2025.10.20	01:33:30.254	1.34265				2
2025.10.20	01:33:30.864		1.34270			4
2025.10.20	01:33:31.476	1.34267				2
2025.10.20	01:33:31.778	1.34266				2
2025.10.20	01:33:32.390	1.34267				2
2025.10.20	01:33:34.236	1.34264	1.34265			6
2025.10.20	01:33:34.539	1.34259	1.34262			6
2025.10.20	01:33:34.851	1.34258				2
2025.10.20	01:33:35.154		1.34263			4
2025.10.20	01:33:38.543	1.34259				2
2025.10.20	01:33:46.258		1.34262			4
2025.10.20	01:33:58.227	1.34258				2
2025.10.20	01:34:00.057	1.34258				2
2025.10.20	01:34:08.326	1.34259	1.34263			6
2025.10.20	01:34:10.792	1.34258	1.34262			6
2025.10.20	01:34:11.708	1.34260				2
2025.10.20	01:34:12.014	1.34258				2
2025.10.20	01:34:12.325	1.34259				2
2025.10.20	01:34:34.126	1.34260				2
2025.10.20	01:34:35.050	1.34261	1.34263			6
2025.10.20	01:34:35.356	1.34260				2
2025.10.20	01:34:35.966	1.34259				2
2025.10.20	01:34:37.197	1.34258	1.34262			6
2025.10.20	01:35:00.187	1.34258				2
2025.10.20	01:35:27.732	1.34267	1.34270			6
2025.10.20	01:35:29.274		1.34272			4
2025.10.20	01:35:38.513	1.34268	1.34273			6
2025.10.20	01:35:38.814	1.34267				2
2025.10.20	01:35:39.433	1.34268				2
2025.10.20	01:35:39.739	1.34267				2
2025.10.20	01:35:40.044		1.34272			4
2025.10.20	01:35:41.886		1.34268			4
2025.10.20	01:35:44.975	1.34268	1.34269			6
2025.10.20	01:35:45.284	1.34267				2
2025.10.20	01:35:51.719		1.34270			4
2025.10.20	01:35:52.965		1.34269			4
2025.10.20	01:35:53.580		1.34270			4
2025.10.20	01:35:59.425	1.34268				2
2025.10.20	01:35:59.729	1.34269				2
2025.10.20	01:36:00.034	1.34268				2
2025.10.20	01:36:08.306	1.34267				2
2025.10.20	01:36:08.613		1.34271			4
2025.10.20	01:36:10.139	1.34264	1.34265			6
2025.10.20	01:36:10.444	1.34261				2
2025.10.20	01:36:11.059		1.34263			4
2025.10.20	01:36:11.367	1.34259				2
2025.10.20	01:36:13.250	1.34258				2
2025.10.20	01:36:18.833	1.34259				2
2025.10.20	01:36:19.451	1.34260	1.34264			6
2025.10.20	01:36:19.761	1.34259	1.34263			6
2025.10.20	01:36:24.681	1.34261	1.34265			6
2025.10.20	01:36:24.992		1.34263			4
2025.10.20	01:36:33.549	1.34259				2
2025.10.20	01:36:38.171	1.34264	1.34268			6
2025.10.20	01:36:38.473	1.34268	1.34270			6
2025.10.20	01:36:38.783		1.34271			4
2025.10.20	01:36:39.086		1.34272			4
2025.10.20	01:36:39.708	1.34267				2
2025.10.20	01:36:40.015	1.34268				2
2025.10.20	01:36:44.350	1.34267				2
2025.10.20	01:36:49.290	1.34268				2
2025.10.20	01:36:51.131	1.34264	1.34268			6
2025.10.20	01:36:52.371	1.34265	1.34270			6
2025.10.20	01:36:53.297	1.34264				2
2025.10.20	01:36:54.223	1.34265				2
2025.10.20	01:36:54.844	1.34267	1.34272			6
2025.10.20	01:36:55.149	1.34266	1.34270			6
2025.10.20	01:36:57.309	1.34267				2
2025.10.20	01:36:58.838		1.34271			4
2025.10.20	01:37:00.064	1.34267				2
2025.10.20	01:37:01.906	1.34268	1.34272			6
2025.10.20	01:37:52.621	1.34270				2
2025.10.20	01:37:55.110	1.34271				2
2025.10.20	01:37:56.357		1.34274			4
2025.10.20	01:38:00.056	1.34271				2
2025.10.20	01:38:00.375	1.34272				2
2025.10.20	01:38:00.681	1.34271	1.34275			6
2025.10.20	01:38:00.992	1.34272	1.34274			6
2025.10.20	01:38:01.299		1.34275			4
2025.10.20	01:38:06.591	1.34277	1.34278			6
2025.10.20	01:38:06.898		1.34279			4
2025.10.20	01:38:07.203		1.34280			4
2025.10.20	01:38:07.841	1.34276				2
2025.10.20	01:38:09.079	1.34273	1.34279			6
2025.10.20	01:38:10.330	1.34274	1.34280			6
2025.10.20	01:38:10.960	1.34273	1.34279			6
2025.10.20	01:38:11.280	1.34281	1.34285			6
2025.10.20	01:38:13.804	1.34280	1.34284			6
2025.10.20	01:38:17.233	1.34275	1.34281			6
2025.10.20	01:38:17.542	1.34276	1.34282			6
2025.10.20	01:38:24.656	1.34277				2
2025.10.20	01:38:27.110	1.34278				2
2025.10.20	01:39:00.180	1.34278				2
2025.10.20	01:39:04.157	1.34281	1.34283			6
2025.10.20	01:39:04.776	1.34278	1.34282			6
2025.10.20	01:39:13.067	1.34279	1.34283			6
2025.10.20	01:39:14.294	1.34277	1.34281			6
2025.10.20	01:39:16.133		1.34283			4
2025.10.20	01:39:18.309		1.34282			4
2025.10.20	01:39:22.329		1.34281			4
2025.10.20	01:39:25.694	1.34278	1.34282			6
2025.10.20	01:39:30.305	1.34279	1.34283			6
2025.10.20	01:39:32.141	1.34278				2
2025.10.20	01:39:36.167	1.34279				2
2025.10.20	01:39:37.714	1.34278				2
2025.10.20	01:39:38.329	1.34279				2
2025.10.20	01:39:41.075	1.34280	1.34284			6
2025.10.20	01:39:44.739	1.34285	1.34288			6
2025.10.20	01:39:45.042	1.34284				2
2025.10.20	01:39:45.657	1.34285	1.34289			6
2025.10.20	01:39:46.271	1.34284				2
2025.10.20	01:39:48.773		1.34290			4
2025.10.20	01:39:49.080		1.34289			4
2025.10.20	01:39:49.398	1.34285	1.34290			6
2025.10.20	01:39:52.192		1.34291			4
2025.10.20	01:39:57.136	1.34286				2
2025.10.20	01:39:59.309		1.34290			4
2025.10.20	01:40:00.237	1.34286				2
2025.10.20	01:40:01.779	1.34287	1.34291			6
2025.10.20	01:40:02.396	1.34286	1.34290			6
2025.10.20	01:40:03.625	1.34287	1.34291			6
2025.10.20	01:40:04.550		1.34290			4
2025.10.20	01:40:08.230		1.34291			4
2025.10.20	01:40:10.073	1.34285	1.34289			6
2025.10.20	01:40:11.304	1.34287	1.34290			6
2025.10.20	01:40:12.229	1.34286				2
2025.10.20	01:40:12.543	1.34285				2
2025.10.20	01:40:13.177	1.34286				2
2025.10.20	01:40:14.104	1.34287	1.34289			6
2025.10.20	01:40:14.410		1.34290			4
2025.10.20	01:40:15.326		1.34289			4
2025.10.20	01:40:16.238	1.34285				2
2025.10.20	01:40:38.319	1.34286	1.34290			6
2025.10.20	01:40:40.159		1.34289			4
2025.10.20	01:40:40.778		1.34290			4
2025.10.20	01:40:42.613	1.34287	1.34291			6
2025.10.20	01:40:46.283	1.34288				2
2025.10.20	01:40:46.585		1.34292			4
2025.10.20	01:40:55.560	1.34285	1.34287			6
2025.10.20	01:40:56.488	1.34286				2
2025.10.20	01:40:56.802	1.34287	1.34288			6
2025.10.20	01:40:57.109	1.34283	1.34287			6
2025.10.20	01:40:58.050	1.34284	1.34290			6
2025.10.20	01:40:58.355	1.34285	1.34291			6
2025.10.20	01:41:00.222	1.34285				2
2025.10.20	01:41:04.002		1.34290			4
2025.10.20	01:41:04.311		1.34291			4
2025.10.20	01:41:06.163	1.34286				2
2025.10.20	01:41:08.038	1.34287	1.34292			6
2025.10.20	01:41:08.344		1.34291			4
2025.10.20	01:41:12.327	1.34288	1.34292			6
2025.10.20	01:41:13.548	1.34290	1.34293			6
2025.10.20	01:41:13.849	1.34289				2
2025.10.20	01:41:14.465	1.34288	1.34292			6
2025.10.20	01:41:15.074	1.34289	1.34293			6
2025.10.20	01:41:15.684	1.34288	1.34292			6
2025.10.20	01:41:26.094	1.34289	1.34293			6
2025.10.20	01:41:26.397		1.34292			4
2025.10.20	01:41:27.323		1.34293			4
2025.10.20	01:41:29.173		1.34292			4
2025.10.20	01:41:29.479	1.34288				2
2025.10.20	01:41:29.787	1.34289				2
2025.10.20	01:41:30.090	1.34288				2
2025.10.20	01:41:30.394	1.34289				2
2025.10.20	01:41:32.536		1.34293			4
2025.10.20	01:41:32.843	1.34290	1.34292			6
2025.10.20	01:41:33.766	1.34289				2
2025.10.20	01:41:36.832		1.34293			4
2025.10.20	01:41:42.315	1.34290				2
2025.10.20	01:41:42.930	1.34291				2
2025.10.20	01:41:45.369	1.34294	1.34298			6
2025.10.20	01:41:45.677	1.34291	1.34295			6
2025.10.20	01:41:45.993		1.34294			4
2025.10.20	01:41:46.299		1.34296			4
2025.10.20	01:41:46.618	1.34290	1.34295			6
2025.10.20	01:41:46.928	1.34289				2
2025.10.20	01:41:47.557	1.34290				2
2025.10.20	01:41:49.114	1.34288				2
2025.10.20	01:41:49.431	1.34287	1.34293			6
2025.10.20	01:41:50.978	1.34288				2
2025.10.20	01:41:56.290		1.34292			4
2025.10.20	01:41:56.599	1.34287				2
2025.10.20	01:41:56.917	1.34288				2
2025.10.20	01:42:00.297	1.34288				2
2025.10.20	01:42:12.248	1.34287	1.34291			6
2025.10.20	01:42:19.920	1.34288	1.34292			6
2025.10.20	01:42:21.763	1.34295	1.34299			6
2025.10.20	01:42:22.078	1.34291	1.34295			6
2025.10.20	01:42:22.386	1.34290	1.34294			6
2025.10.20	01:42:22.687	1.34289	1.34293			6
2025.10.20	01:42:23.927	1.34288	1.34292			6
2025.10.20	01:42:24.234		1.34293			4
2025.10.20	01:42:24.843		1.34292			4
2025.10.20	01:42:25.156	1.34289				2
2025.10.20	01:42:25.784	1.34288				2
2025.10.20	01:42:26.712	1.34289				2
2025.10.20	01:42:28.860	1.34288				2
2025.10.20	01:42:30.696	1.34289				2
2025.10.20	01:42:30.999	1.34288				2
2025.10.20	01:42:51.387	1.34290	1.34294			6
2025.10.20	01:42:52.002	1.34288	1.34292			6
2025.10.20	01:42:52.303		1.34294			4
2025.10.20	01:42:59.485	1.34290	1.34295			6
2025.10.20	01:43:00.109	1.34290				2
2025.10.20	01:43:01.350	1.34289	1.34294			6
2025.10.20	01:43:01.974	1.34290				2
2025.10.20	01:43:02.293	1.34289				2
2025.10.20	01:43:02.603	1.34288	1.34293			6
2025.10.20	01:43:02.920	1.34287				2
2025.10.20	01:43:03.845	1.34288				2
2025.10.20	01:43:05.108		1.34292			4
2025.10.20	01:43:06.038	1.34287				2
2025.10.20	01:43:06.357	1.34288				2
2025.10.20	01:43:13.056		1.34291			4
2025.10.20	01:43:13.358		1.34292			4
2025.10.20	01:43:39.690		1.34291			4
2025.10.20	01:43:40.616	1.34287				2
2025.10.20	01:43:42.469	1.34288				2
2025.10.20	01:43:43.703	1.34287				2
2025.10.20	01:43:44.308	1.34288				2
2025.10.20	01:43:45.231	1.34287	1.34292			6
2025.10.20	01:43:45.532	1.34286	1.34291			6
2025.10.20	01:43:46.144	1.34287	1.34292			6
2025.10.20	01:43:46.452		1.34293			4
2025.10.20	01:43:49.864		1.34294			4
2025.10.20	01:43:50.174	1.34288				2
2025.10.20	01:43:50.796	1.34287				2
2025.10.20	01:43:51.412	1.34288				2
2025.10.20	01:43:51.731	1.34287				2
2025.10.20	01:43:55.134	1.34288	1.34293			6
2025.10.20	01:43:55.443	1.34287	1.34294			6
2025.10.20	01:43:58.256	1.34288	1.34293			6
2025.10.20	01:43:58.867	1.34289	1.34294			6
2025.10.20	01:43:59.170	1.34288				2
2025.10.20	01:43:59.787		1.34293			4
2025.10.20	01:44:00.096	1.34287				2
2025.10.20	01:44:00.710		1.34292			4
2025.10.20	01:44:01.018		1.34293			4
2025.10.20	01:44:02.266	1.34281	1.34286			6
2025.10.20	01:44:02.573		1.34285			4
2025.10.20	01:44:02.890		1.34287			4
2025.10.20	01:44:05.683	1.34282	1.34288			6
2025.10.20	01:44:05.986	1.34281	1.34286			6
2025.10.20	01:44:08.761		1.34287			4
2025.10.20	01:44:12.159		1.34286			4
2025.10.20	01:44:12.464		1.34285			4
2025.10.20	01:44:12.776		1.34286			4
2025.10.20	01:44:13.701	1.34280	1.34284			6
2025.10.20	01:44:14.628	1.34283	1.34289			6
2025.10.20	01:44:17.098	1.34284				2
2025.10.20	01:44:17.404	1.34283				2
2025.10.20	01:44:17.710		1.34290			4
2025.10.20	01:44:18.643	1.34284				2
2025.10.20	01:44:19.259		1.34289			4
2025.10.20	01:44:19.575	1.34285				2
2025.10.20	01:44:21.115	1.34286				2
2025.10.20	01:44:22.664	1.34283	1.34288			6
2025.10.20	01:44:22.968	1.34284	1.34289			6
2025.10.20	01:44:23.277	1.34283				2
2025.10.20	01:44:23.888	1.34285				2
2025.10.20	01:44:24.512	1.34283				2
2025.10.20	01:44:24.818		1.34285			4
2025.10.20	01:44:25.121	1.34284	1.34291			6
2025.10.20	01:44:25.423	1.34285	1.34292			6
2025.10.20	01:44:26.651		1.34291			4
2025.10.20	01:44:27.268	1.34286	1.34292			6
2025.10.20	01:44:28.196	1.34287				2
2025.10.20	01:44:30.339		1.34291			4
2025.10.20	01:44:31.868		1.34290			4
2025.10.20	01:44:32.175		1.34291			4
2025.10.20	01:44:34.318	1.34288	1.34292			6
2025.10.20	01:44:34.625	1.34287	1.34291			6
2025.10.20	01:44:37.373	1.34285	1.34289			6
2025.10.20	01:44:38.895	1.34283	1.34284			6
2025.10.20	01:44:39.198	1.34284	1.34288			6
2025.10.20	01:44:39.506	1.34285	1.34289			6
2025.10.20	01:44:41.340	1.34284	1.34288			6
2025.10.20	01:44:41.952	1.34285	1.34289			6
2025.10.20	01:44:47.454	1.34287	1.34291			6
2025.10.20	01:44:48.991	1.34286	1.34290			6
2025.10.20	01:44:55.412	1.34287	1.34291			6
2025.10.20	01:44:58.470	1.34286	1.34290			6
2025.10.20	01:44:59.694	1.34287	1.34291			6
2025.10.20	01:45:00.307	1.34287				2
2025.10.20	01:45:09.629	1.34288	1.34292			6
2025.10.20	01:45:12.400	1.34287	1.34291			6
2025.10.20	01:45:14.852	1.34288				2
2025.10.20	01:45:15.164	1.34287				2
2025.10.20	01:45:15.776	1.34286	1.34290			6
2025.10.20	01:45:16.692	1.34287	1.34291			6
2025.10.20	01:45:26.186	1.34278	1.34285			6
2025.10.20	01:45:28.042	1.34277				2
2025.10.20	01:45:29.275	1.34278				2
2025.10.20	01:45:30.816	1.34277	1.34284			6
2025.10.20	01:45:32.049		1.34285			4
2025.10.20	01:45:34.222		1.34284			4
2025.10.20	01:45:35.165		1.34283			4
2025.10.20	01:45:37.341		1.34282			4
2025.10.20	01:45:37.649	1.34278	1.34283			6
2025.10.20	01:45:39.197		1.34282			4
2025.10.20	01:45:44.411	1.34279	1.34283			6
2025.10.20	01:45:47.168	1.34278	1.34282			6
2025.10.20	01:45:49.629	1.34277	1.34281			6
2025.10.20	01:45:49.936	1.34278	1.34282			6
2025.10.20	01:45:55.765	1.34279	1.34283			6
2025.10.20	01:45:56.067	1.34278	1.34282			6
2025.10.20	01:45:58.832	1.34279	1.34283			6
2025.10.20	01:46:00.050	1.34285	1.34289			6
2025.10.20	01:46:00.358	1.34284	1.34291			6
2025.10.20	01:46:01.591		1.34290			4
2025.10.20	01:46:02.517		1.34291			4
2025.10.20	01:46:07.183		1.34292			4
2025.10.20	01:46:07.806	1.34282	1.34289			6
2025.10.20	01:46:08.111	1.34283	1.34291			6
2025.10.20	01:46:09.041	1.34284				2
2025.10.20	01:46:10.280	1.34285				2
2025.10.20	01:46:10.587	1.34280	1.34286			6
2025.10.20	01:46:11.202	1.34281				2
2025.10.20	01:46:11.817	1.34279	1.34284			6
2025.10.20	01:46:12.128		1.34286			4
2025.10.20	01:46:12.745	1.34280	1.34287			6
2025.10.20	01:46:14.904	1.34281				2
2025.10.20	01:46:15.832	1.34283	1.34289			6
2025.10.20	01:46:16.143		1.34291			4
2025.10.20	01:46:17.376	1.34282				2
2025.10.20	01:46:17.678		1.34290			4
2025.10.20	01:46:19.231		1.34291			4
2025.10.20	01:46:19.539		1.34290			4
2025.10.20	01:46:20.459	1.34284	1.34291			6
2025.10.20	01:46:25.392	1.34285				2
2025.10.20	01:46:26.314	1.34286				2
2025.10.20	01:46:27.541	1.34287				2
2025.10.20	01:46:30.299	1.34286	1.34290			6
2025.10.20	01:46:31.831	1.34285	1.34289			6
2025.10.20	01:46:32.453	1.34286	1.34290			6
2025.10.20	01:46:41.308	1.34284	1.34287			6
2025.10.20	01:46:41.612		1.34288			4
2025.10.20	01:46:42.229	1.34286	1.34290			6
2025.10.20	01:46:42.534	1.34284	1.34288			6
2025.10.20	01:46:43.774	1.34286	1.34290			6
2025.10.20	01:46:46.834	1.34284	1.34288			6
2025.10.20	01:46:48.068	1.34286	1.34290			6
2025.10.20	01:46:49.304	1.34284	1.34288			6
2025.10.20	01:46:50.849	1.34286	1.34290			6
2025.10.20	01:46:54.536	1.34288	1.34292			6
2025.10.20	01:47:00.064	1.34287	1.34291			6
2025.10.20	01:47:03.416	1.34288	1.34292			6
2025.10.20	01:47:03.721	1.34284	1.34288			6
2025.10.20	01:47:04.953	1.34285	1.34289			6
2025.10.20	01:47:05.257	1.34284	1.34288			6
2025.10.20	01:47:07.697	1.34286	1.34290			6
2025.10.20	01:47:09.221	1.34285				2
2025.10.20	01:47:10.151	1.34286				2
2025.10.20	01:47:23.042	1.34287	1.34291			6
2025.10.20	01:47:42.305	1.34285	1.34289			6
2025.10.20	01:47:42.924	1.34286	1.34290			6
2025.10.20	01:47:43.832	1.34287	1.34291			6
2025.10.20	01:47:53.997		1.34290			4
2025.10.20	01:47:54.313	1.34286				2
2025.10.20	01:48:00.190	1.34286				2
2025.10.20	01:48:00.495	1.34284	1.34288			6
2025.10.20	01:48:01.730	1.34286	1.34290			6
2025.10.20	01:48:03.295	1.34283	1.34289			6
2025.10.20	01:48:03.602	1.34284	1.34290			6
2025.10.20	01:48:04.224	1.34283				2
2025.10.20	01:48:04.835	1.34284				2
2025.10.20	01:48:05.153	1.34283	1.34289			6
2025.10.20	01:48:06.082	1.34284				2
2025.10.20	01:48:06.390		1.34290			4
2025.10.20	01:48:07.317	1.34283				2
2025.10.20	01:48:09.164	1.34284				2
2025.10.20	01:48:10.093	1.34285				2
2025.10.20	01:48:12.261	1.34286				2
2025.10.20	01:48:14.723	1.34284	1.34288			6
2025.10.20	01:48:15.954	1.34286	1.34290			6
2025.10.20	01:48:16.263	1.34284				2
2025.10.20	01:48:16.891	1.34285				2
2025.10.20	01:48:17.194	1.34283				2
2025.10.20	01:48:18.430	1.34284				2
2025.10.20	01:48:19.351	1.34285				2
2025.10.20	01:48:21.209	1.34286				2
2025.10.20	01:48:21.827	1.34284	1.34289			6
2025.10.20	01:48:22.135		1.34288			4
2025.10.20	01:48:22.449	1.34285	1.34289			6
2025.10.20	01:48:22.751	1.34286	1.34290			6
2025.10.20	01:48:23.365	1.34285				2
2025.10.20	01:48:23.984	1.34286				2
2025.10.20	01:48:27.055	1.34283	1.34287			6
2025.10.20	01:48:27.357	1.34284	1.34288			6
2025.10.20	01:48:27.667	1.34285	1.34289			6
2025.10.20	01:48:28.278	1.34284				2
2025.10.20	01:48:28.598	1.34285	1.34290			6
2025.10.20	01:48:30.146	1.34286				2
2025.10.20	01:48:30.761	1.34284	1.34289			6
2025.10.20	01:48:31.380	1.34285				2
2025.10.20	01:48:31.997	1.34286	1.34290			6
2025.10.20	01:48:32.300	1.34284				2
2025.10.20	01:48:34.159	1.34285				2
2025.10.20	01:48:35.391	1.34286				2
2025.10.20	01:48:36.929	1.34284	1.34288			6
2025.10.20	01:48:38.154	1.34283	1.34290			6
2025.10.20	01:48:42.159	1.34285				2
2025.10.20	01:48:42.469	1.34284				2
2025.10.20	01:48:43.084	1.34285	1.34291			6
2025.10.20	01:48:43.698	1.34286				2
2025.10.20	01:48:45.242	1.34287				2
2025.10.20	01:49:00.244	1.34287				2
2025.10.20	01:49:00.547		1.34290			4
2025.10.20	01:49:03.312	1.34288	1.34292			6
2025.10.20	01:49:06.363	1.34287	1.34291			6
2025.10.20	01:49:06.674	1.34286	1.34290			6
2025.10.20	01:49:07.285		1.34292			4
2025.10.20	01:49:09.452	1.34288	1.34295			6
2025.10.20	01:49:11.319		1.34294			4
2025.10.20	01:49:12.261		1.34293			4
2025.10.20	01:49:14.110		1.34292			4
2025.10.20	01:49:15.636	1.34289	1.34293			6
2025.10.20	01:49:15.940	1.34288	1.34292			6
2025.10.20	01:49:16.241	1.34289				2
2025.10.20	01:49:16.551	1.34290				2
2025.10.20	01:49:17.159	1.34289				2
2025.10.20	01:49:17.466	1.34290				2
2025.10.20	01:49:18.085	1.34289				2
2025.10.20	01:49:18.696	1.34290	1.34293			6
2025.10.20	01:49:19.003	1.34289				2
2025.10.20	01:49:19.912		1.34292			4
2025.10.20	01:49:21.440	1.34288				2
2025.10.20	01:49:21.747	1.34289				2
2025.10.20	01:49:22.355	1.34288				2
2025.10.20	01:50:00.298	1.34288				2
2025.10.20	01:50:20.079		1.34292			4
2025.10.20	01:50:34.973	1.34287	1.34291			6
2025.10.20	01:50:35.280		1.34292			4
2025.10.20	01:50:37.753	1.34288				2
2025.10.20	01:50:38.375		1.34293			4
2025.10.20	01:50:38.679		1.34294			4
2025.10.20	01:50:41.147		1.34293			4
2025.10.20	01:50:43.009	1.34287				2
2025.10.20	01:50:43.316	1.34288				2
2025.10.20	01:50:43.927	1.34287	1.34292			6
2025.10.20	01:50:44.240		1.34293			4
2025.10.20	01:50:45.165		1.34292			4
2025.10.20	01:50:45.470	1.34286				2
2025.10.20	01:50:46.390	1.34285				2
2025.10.20	01:50:49.164	1.34286	1.34291			6
2025.10.20	01:50:50.393	1.34285				2
2025.10.20	01:50:53.784		1.34292			4
2025.10.20	01:50:54.092	1.34286				2
2025.10.20	01:50:54.704		1.34291			4
2025.10.20	01:50:55.319	1.34284	1.34289			6
2025.10.20	01:50:56.243	1.34283	1.34290			6
2025.10.20	01:51:00.233	1.34283				2
2025.10.20	01:51:05.162	1.34285				2
2025.10.20	01:51:06.397	1.34284				2
2025.10.20	01:51:06.709	1.34283	1.34289			6
2025.10.20	01:51:07.327		1.34290			4
2025.10.20	01:51:09.486	1.34282				2
2025.10.20	01:51:09.791	1.34283				2
2025.10.20	01:51:12.583		1.34289			4
2025.10.20	01:51:12.889	1.34282				2
2025.10.20	01:51:13.196	1.34283				2
2025.10.20	01:51:17.540	1.34280	1.34287			6
2025.10.20	01:51:19.094	1.34279				2
2025.10.20	01:51:23.125	1.34280	1.34286			6
2025.10.20	01:51:23.751		1.34287			4
2025.10.20	01:51:24.367	1.34279				2
2025.10.20	01:51:24.673	1.34280				2
2025.10.20	01:51:25.293		1.34286			4
2025.10.20	01:51:26.219		1.34285			4
2025.10.20	01:51:27.157	1.34279				2
2025.10.20	01:51:28.094	1.34280	1.34284			6
2025.10.20	01:51:28.398	1.34279	1.34285			6
2025.10.20	01:51:28.701		1.34284			4
2025.10.20	01:51:29.924		1.34283			4
2025.10.20	01:51:32.377		1.34282			4
2025.10.20	01:51:33.600	1.34278				2
2025.10.20	01:52:00.263	1.34278				2
2025.10.20	01:52:29.730	1.34279				2
2025.10.20	01:52:30.640	1.34278				2
2025.10.20	01:52:32.486	1.34279	1.34282			6
2025.10.20	01:52:36.455	1.34278				2
2025.10.20	01:52:48.440	1.34279				2
2025.10.20	01:52:48.751		1.34283			4
2025.10.20	01:52:49.660	1.34278	1.34282			6
2025.10.20	01:52:50.279		1.34283			4
2025.10.20	01:52:51.205		1.34282			4
2025.10.20	01:52:57.658	1.34279				2
2025.10.20	01:52:57.971	1.34278				2
2025.10.20	01:53:00.118	1.34278				2
2025.10.20	01:53:02.592	1.34279				2
2025.10.20	01:53:02.897	1.34278				2
2025.10.20	01:53:03.514	1.34279				2
2025.10.20	01:53:06.626	1.34278				2
2025.10.20	01:53:09.121	1.34279	1.34283			6
2025.10.20	01:53:11.955	1.34278	1.34282			6
2025.10.20	01:53:15.084	1.34281	1.34283			6
2025.10.20	01:53:15.409	1.34280				2
2025.10.20	01:53:15.725		1.34282			4
2025.10.20	01:53:16.029	1.34283	1.34287			6
2025.10.20	01:53:16.333		1.34289			4
2025.10.20	01:53:18.211	1.34284				2
2025.10.20	01:53:20.370	1.34283				2
2025.10.20	01:53:24.094	1.34284				2
2025.10.20	01:53:25.338	1.34285				2
2025.10.20	01:53:27.493	1.34283				2
2025.10.20	01:53:28.729		1.34290			4
2025.10.20	01:53:31.200	1.34284				2
2025.10.20	01:53:32.121	1.34285				2
2025.10.20	01:53:34.295	1.34286				2
2025.10.20	01:53:37.084	1.34287				2
2025.10.20	01:53:39.860	1.34285	1.34289			6
2025.10.20	01:53:41.078	1.34286	1.34290			6
2025.10.20	01:53:42.320		1.34289			4
2025.10.20	01:53:45.123	1.34287	1.34290			6
2025.10.20	01:53:50.035		1.34289			4
2025.10.20	01:53:50.339		1.34290			4
2025.10.20	01:53:54.628		1.34289			4
2025.10.20	01:53:57.395		1.34290			4
2025.10.20	01:53:58.925		1.34289			4
2025.10.20	01:53:59.839		1.34290			4
2025.10.20	01:54:00.146	1.34287				2
2025.10.20	01:54:04.736		1.34289			4
2025.10.20	01:54:11.462		1.34290			4
2025.10.20	01:54:11.769		1.34289			4
2025.10.20	01:54:14.217		1.34290			4
2025.10.20	01:54:17.285		1.34291			4
2025.10.20	01:54:19.133	1.34288				2
2025.10.20	01:54:20.973		1.34292			4
2025.10.20	01:54:21.579	1.34289				2
2025.10.20	01:54:27.095	1.34288				2
2025.10.20	01:54:33.895	1.34283	1.34285			6
2025.10.20	01:54:34.208	1.34281				2
2025.10.20	01:54:35.149	1.34280	1.34286			6
2025.10.20	01:54:43.262		1.34284			4
2025.10.20	01:54:44.196		1.34283			4
2025.10.20	01:54:44.503	1.34279				2
2025.10.20	01:54:50.050	1.34278				2
2025.10.20	01:54:50.352	1.34279	1.34282			6
2025.10.20	01:54:52.195	1.34278				2
2025.10.20	01:54:52.503	1.34279				2
2025.10.20	01:54:53.423	1.34278				2
2025.10.20	01:55:00.139	1.34278				2
2025.10.20	01:55:01.357	1.34277	1.34280			6
2025.10.20	01:55:02.279		1.34281			4
2025.10.20	01:55:03.811		1.34280			4
2025.10.20	01:55:06.582		1.34281			4
2025.10.20	01:55:12.078	1.34278				2
2025.10.20	01:55:14.229	1.34277				2
2025.10.20	01:55:20.673	1.34278				2
2025.10.20	01:55:31.085	1.34274	1.34278			6
2025.10.20	01:55:31.398	1.34271	1.34275			6
2025.10.20	01:55:31.703	1.34270	1.34274			6
2025.10.20	01:55:32.011		1.34272			4
2025.10.20	01:55:32.320		1.34277			4
2025.10.20	01:55:32.630	1.34271	1.34278			6
2025.10.20	01:55:32.941		1.34277			4
2025.10.20	01:55:34.177		1.34278			4
2025.10.20	01:55:37.262		1.34277			4
2025.10.20	01:55:40.344		1.34276			4
2025.10.20	01:55:41.264		1.34275			4
2025.10.20	01:55:42.194		1.34274			4
2025.10.20	01:55:44.657		1.34273			4
2025.10.20	01:55:45.277		1.34274			4
2025.10.20	01:55:45.585	1.34270				2
2025.10.20	01:55:46.203		1.34273			4
2025.10.20	01:55:46.508	1.34269				2
2025.10.20	01:55:46.815		1.34272			4
2025.10.20	01:55:50.184	1.34268				2
2025.10.20	01:55:57.210	1.34269				2
2025.10.20	01:56:00.276	1.34269				2
2025.10.20	01:56:05.176		1.34273			4
2025.10.20	01:56:05.480		1.34272			4
2025.10.20	01:56:06.706		1.34273			4
2025.10.20	01:56:07.013	1.34270	1.34274			6
2025.10.20	01:56:09.459	1.34269	1.34273			6
2025.10.20	01:56:29.977	1.34270	1.34274			6
2025.10.20	01:56:30.914	1.34269	1.34273			6
2025.10.20	01:56:33.384	1.34270	1.34274			6
2025.10.20	01:56:34.933	1.34269	1.34273			6
2025.10.20	01:56:35.556	1.34266	1.34270			6
2025.10.20	01:56:36.171		1.34271			4
2025.10.20	01:56:43.591	1.34265				2
2025.10.20	01:56:43.898		1.34270			4
2025.10.20	01:56:45.443		1.34271			4
2025.10.20	01:56:48.219		1.34270			4
2025.10.20	01:56:49.143		1.34269			4
2025.10.20	01:56:50.365	1.34266				2
2025.10.20	01:56:51.894		1.34270			4
2025.10.20	01:56:52.196	1.34265	1.34268			6
2025.10.20	01:56:52.501	1.34266	1.34269			6
2025.10.20	01:56:52.804	1.34261	1.34265			6
2025.10.20	01:56:53.415	1.34260	1.34264			6
2025.10.20	01:56:54.325		1.34266			4
2025.10.20	01:56:59.270		1.34267			4
2025.10.20	01:57:00.197	1.34260				2
2025.10.20	01:57:00.503	1.34261	1.34266			6
2025.10.20	01:57:00.816		1.34267			4
2025.10.20	01:57:01.122		1.34266			4
2025.10.20	01:57:01.430	1.34260				2
2025.10.20	01:57:02.362		1.34265			4
2025.10.20	01:57:02.974	1.34261				2
2025.10.20	01:57:03.277	1.34265	1.34270			6
2025.10.20	01:57:03.597	1.34264				2
2025.10.20	01:57:03.904	1.34265				2
2025.10.20	01:57:04.213		1.34271			4
2025.10.20	01:57:06.383		1.34272			4
2025.10.20	01:57:10.082	1.34266				2
2025.10.20	01:57:10.384	1.34265				2
2025.10.20	01:57:12.235	1.34266				2
2025.10.20	01:57:13.184		1.34271			4
2025.10.20	01:57:13.800	1.34267	1.34272			6
2025.10.20	01:57:14.103	1.34264	1.34268			6
2025.10.20	01:57:14.414	1.34263	1.34267			6
2025.10.20	01:57:14.723	1.34264	1.34268			6
2025.10.20	01:57:15.026	1.34262	1.34266			6
2025.10.20	01:57:15.333		1.34268			4
2025.10.20	01:57:16.271		1.34267			4
2025.10.20	01:57:17.510	1.34261				2
2025.10.20	01:57:18.120		1.34266			4
2025.10.20	01:57:18.741	1.34262				2
2025.10.20	01:57:19.361		1.34265			4
2025.10.20	01:57:19.976		1.34266			4
2025.10.20	01:57:20.278		1.34265			4
2025.10.20	01:57:21.808	1.34265	1.34269			6
2025.10.20	01:57:22.116	1.34266	1.34270			6
2025.10.20	01:57:22.728	1.34267	1.34271			6
2025.10.20	01:57:23.348	1.34264				2
2025.10.20	01:57:25.199	1.34265				2
2025.10.20	01:57:25.823		1.34272			4
2025.10.20	01:57:26.129	1.34266	1.34271			6
2025.10.20	01:57:28.315	1.34267				2
2025.10.20	01:57:30.455	1.34268	1.34272			6
2025.10.20	01:57:48.821	1.34269				2
2025.10.20	01:58:00.147	1.34269				2
2025.10.20	01:58:01.369	1.34268				2
2025.10.20	01:58:15.155	1.34270				2
2025.10.20	01:58:15.459	1.34269	1.34273			6
2025.10.20	01:58:16.687	1.34268	1.34272			6
2025.10.20	01:58:18.482	1.34269				2
2025.10.20	01:58:18.787		1.34273			4
2025.10.20	01:58:19.699		1.34272			4
2025.10.20	01:58:28.338	1.34265	1.34269			6
2025.10.20	01:58:28.642	1.34266	1.34270			6
2025.10.20	01:58:29.252	1.34265	1.34271			6
2025.10.20	01:58:29.556		1.34270			4
2025.10.20	01:58:33.285	1.34266				2
2025.10.20	01:58:36.039	1.34267	1.34271			6
2025.10.20	01:58:40.354		1.34270			4
2025.10.20	01:58:40.965		1.34271			4
2025.10.20	01:58:41.876	1.34268	1.34272			6
2025.10.20	01:58:45.618	1.34267	1.34271			6
2025.10.20	01:59:00.168	1.34267				2
2025.10.20	01:59:02.054	1.34266	1.34270			6
2025.10.20	01:59:02.672	1.34267				2
2025.10.20	01:59:02.980		1.34271			4
2025.10.20	01:59:03.285	1.34266				2
2025.10.20	01:59:05.135	1.34267				2
2025.10.20	01:59:06.684	1.34266	1.34270			6
2025.10.20	01:59:11.006		1.34269			4
2025.10.20	01:59:11.310	1.34265	1.34268			6
2025.10.20	01:59:12.544	1.34266	1.34270			6
2025.10.20	01:59:13.156		1.34271			4
2025.10.20	01:59:14.380	1.34267	1.34272			6
2025.10.20	01:59:15.300		1.34271			4
2025.10.20	01:59:16.216		1.34272			4
2025.10.20	01:59:19.296	1.34268				2
2025.10.20	01:59:28.890	1.34267	1.34271			6
2025.10.20	01:59:30.133	1.34268	1.34272			6
2025.10.20	01:59:40.036	1.34269	1.34273			6
2025.10.20	01:59:40.346	1.34268	1.34272			6
2025.10.20	01:59:49.928	1.34269				2
2025.10.20	01:59:50.248	1.34268				2
2025.10.20	01:59:50.559	1.34269				2
2025.10.20	01:59:51.477		1.34273			4
2025.10.20	01:59:52.092		1.34275			4
2025.10.20	01:59:59.175		1.34274			4
2025.10.20	01:59:59.480	1.34270	1.34275			6
2025.10.20	01:59:59.786	1.34277	1.34282			6
2025.10.20	02:00:00.099	1.34277				2
2025.10.20	02:00:00.403		1.34284			4
2025.10.20	02:00:00.709		1.34285			4
2025.10.20	02:00:01.324		1.34284			4
2025.10.20	02:00:02.268	1.34273	1.34280			6
2025.10.20	02:00:02.569		1.34281			4
2025.10.20	02:00:02.875		1.34279			4
2025.10.20	02:00:04.739	1.34272				2
2025.10.20	02:00:05.049	1.34270	1.34276			6
2025.10.20	02:00:05.666	1.34268				2
2025.10.20	02:00:05.979	1.34269				2
2025.10.20	02:00:06.288	1.34267	1.34275			6
2025.10.20	02:00:11.285		1.34274			4
2025.10.20	02:00:12.226		1.34273			4
2025.10.20	02:00:15.320		1.34272			4
2025.10.20	02:00:17.150	1.34268				2
2025.10.20	02:00:17.765	1.34267	1.34271			6
2025.10.20	02:00:18.066	1.34266	1.34270			6
2025.10.20	02:00:18.676	1.34265	1.34269			6
2025.10.20	02:00:18.989	1.34266	1.34270			6
2025.10.20	02:00:20.218	1.34269	1.34273			6
2025.10.20	02:00:21.135		1.34274			4
2025.10.20	02:00:24.213		1.34273			4
2025.10.20	02:00:32.815	1.34267	1.34271			6
2025.10.20	02:00:36.184	1.34268	1.34272			6
2025.10.20	02:00:36.491	1.34267	1.34271			6
2025.10.20	02:00:39.548	1.34266	1.34269			6
2025.10.20	02:00:40.762	1.34261	1.34265			6
2025.10.20	02:00:41.075	1.34260	1.34264			6
2025.10.20	02:00:41.684	1.34259	1.34263			6
2025.10.20	02:00:42.296	1.34258	1.34264			6
2025.10.20	02:00:46.340		1.34263			4
2025.10.20	02:00:47.267		1.34262			4
2025.10.20	02:00:48.494	1.34257				2
2025.10.20	02:00:49.132	1.34258				2
2025.10.20	02:00:51.576		1.34261			4
2025.10.20	02:00:52.801		1.34262			4
2025.10.20	02:00:53.110		1.34261			4
2025.10.20	02:00:58.637		1.34262			4
2025.10.20	02:00:59.253		1.34261			4
2025.10.20	02:01:00.175	1.34258				2
2025.10.20	02:01:00.490		1.34260			4
2025.10.20	02:01:02.625	1.34255	1.34259			6
2025.10.20	02:01:03.229	1.34256				2
2025.10.20	02:01:03.832	1.34257				2
2025.10.20	02:01:24.059	1.34256				2
2025.10.20	02:01:24.973	1.34257				2
2025.10.20	02:01:25.275	1.34256				2
2025.10.20	02:01:28.039	1.34257				2
2025.10.20	02:01:28.346	1.34256				2
2025.10.20	02:01:28.653	1.34257				2
2025.10.20	02:01:31.114	1.34258	1.34262			6
2025.10.20	02:01:37.295	1.34257	1.34261			6
2025.10.20	02:01:42.529	1.34258	1.34262			6
2025.10.20	02:01:42.836	1.34257	1.34261			6
2025.10.20	02:01:44.685	1.34258	1.34262			6
2025.10.20	02:01:46.541	1.34257	1.34261			6
2025.10.20	02:01:47.775	1.34258	1.34262			6
2025.10.20	02:01:51.813	1.34259	1.34263			6
2025.10.20	02:01:57.354		1.34262			4
2025.10.20	02:01:57.658	1.34258				2
2025.10.20	02:02:00.112	1.34258				2
2025.10.20	02:02:01.971		1.34261			4
2025.10.20	02:02:06.619	1.34257				2
2025.10.20	02:02:07.239	1.34258				2
2025.10.20	02:02:07.548	1.34252	1.34254			6
2025.10.20	02:02:07.856	1.34250				2
2025.10.20	02:02:09.091	1.34249				2
2025.10.20	02:02:10.323	1.34250				2
2025.10.20	02:02:10.940		1.34256			4
2025.10.20	02:02:11.243	1.34251	1.34255			6
2025.10.20	02:02:11.545		1.34256			4
2025.10.20	02:02:14.027		1.34255			4
2025.10.20	02:02:14.334	1.34250				2
2025.10.20	02:02:15.881	1.34253	1.34259			6
2025.10.20	02:02:16.822		1.34258			4
2025.10.20	02:02:17.138		1.34257			4
2025.10.20	02:02:17.441		1.34258			4
2025.10.20	02:02:19.903		1.34259			4
2025.10.20	02:02:20.211		1.34260			4
2025.10.20	02:02:20.520	1.34254	1.34258			6
2025.10.20	02:02:20.827	1.34253				2
2025.10.20	02:02:21.141	1.34254				2
2025.10.20	02:02:21.753	1.34255	1.34259			6
2025.10.20	02:02:22.063	1.34254	1.34258			6
2025.10.20	02:02:22.990		1.34259			4
2025.10.20	02:02:23.291	1.34255				2
2025.10.20	02:02:23.596		1.34258			4
2025.10.20	02:02:25.160	1.34256				2
2025.10.20	02:02:26.083	1.34255				2
2025.10.20	02:02:27.012	1.34256				2
2025.10.20	02:02:27.325		1.34260			4
2025.10.20	02:02:29.478	1.34255	1.34259			6
2025.10.20	02:02:29.786	1.34256	1.34260			6
2025.10.20	02:02:30.711		1.34259			4
2025.10.20	02:02:32.247		1.34258			4
2025.10.20	02:02:35.322	1.34257				2
2025.10.20	02:02:35.630	1.34256				2
2025.10.20	02:02:43.895	1.34255				2
2025.10.20	02:02:44.198	1.34256				2
2025.10.20	02:02:52.192	1.34252	1.34254			6
2025.10.20	02:02:52.505	1.34251				2
2025.10.20	02:02:53.123	1.34249				2
2025.10.20	02:02:57.168	1.34250				2
2025.10.20	02:02:57.478	1.34249				2
2025.10.20	02:02:58.413	1.34250				2
2025.10.20	02:02:59.358	1.34251				2
2025.10.20	02:03:00.299	1.34251				2
2025.10.20	02:03:02.143	1.34252				2
2025.10.20	02:03:03.071	1.34250				2
2025.10.20	02:03:04.912	1.34251				2
2025.10.20	02:03:05.218	1.34250				2
2025.10.20	02:03:05.840	1.34251				2
2025.10.20	02:03:07.374		1.34255			4
2025.10.20	02:03:07.679		1.34254			4
2025.10.20	02:03:08.593		1.34255			4
2025.10.20	02:03:08.895		1.34254			4
2025.10.20	02:03:10.733		1.34255			4
2025.10.20	02:03:12.260		1.34254			4
2025.10.20	02:03:22.658	1.34250				2
2025.10.20	02:03:29.717	1.34251				2
2025.10.20	02:03:30.020	1.34250				2
2025.10.20	02:04:00.270	1.34250				2
2025.10.20	02:04:12.292		1.34254			4
2025.10.20	02:04:15.390	1.34251				2
2025.10.20	02:04:20.055	1.34252				2
2025.10.20	02:04:20.367	1.34251				2
2025.10.20	02:04:21.920	1.34252				2
2025.10.20	02:04:25.916	1.34251				2
2025.10.20	02:04:27.155		1.34255			4
2025.10.20	02:04:27.462		1.34254			4
2025.10.20	02:04:31.472		1.34255			4
2025.10.20	02:04:33.652		1.34254			4
2025.10.20	02:04:35.500	1.34252				2
2025.10.20	02:04:35.813	1.34251				2
2025.10.20	02:04:37.353	1.34252				2
2025.10.20	02:04:37.662	1.34251				2
2025.10.20	02:04:38.278	1.34252				2
2025.10.20	02:04:39.822	1.34251				2
2025.10.20	02:04:41.053		1.34255			4
2025.10.20	02:04:41.361		1.34254			4
2025.10.20	02:04:49.379		1.34255			4
2025.10.20	02:04:53.084		1.34254			4
2025.10.20	02:05:00.200	1.34251				2
2025.10.20	02:05:07.292	1.34250				2
2025.10.20	02:05:09.763		1.34255			4
2025.10.20	02:05:10.070		1.34254			4
2025.10.20	02:05:13.156	1.34251				2
2025.10.20	02:05:13.772		1.34255			4
2025.10.20	02:05:22.400		1.34254			4
2025.10.20	02:05:30.720	1.34252				2
2025.10.20	02:05:31.659	1.34251				2
2025.10.20	02:05:32.278	1.34250				2
2025.10.20	02:05:33.203	1.34251				2
2025.10.20	02:05:41.547	1.34250				2
2025.10.20	02:05:42.158	1.34249				2
2025.10.20	02:05:43.397	1.34250				2
2025.10.20	02:05:44.019		1.34255			4
2025.10.20	02:05:45.261	1.34251	1.34254			6
2025.10.20	02:05:45.568	1.34250				2
2025.10.20	02:05:46.190	1.34249				2
2025.10.20	02:05:46.503	1.34250				2
2025.10.20	02:05:47.125	1.34249				2
2025.10.20	02:05:49.583	1.34250				2
2025.10.20	02:05:49.895	1.34249				2
2025.10.20	02:05:53.292	1.34250				2
2025.10.20	02:05:56.961	1.34249	1.34253			6
2025.10.20	02:05:57.266	1.34250	1.34254			6
2025.10.20	02:06:00.017	1.34250				2
2025.10.20	02:06:00.637	1.34249	1.34252			6
2025.10.20	02:06:01.242		1.34254			4
2025.10.20	02:06:01.854	1.34248				2
2025.10.20	02:06:03.098	1.34249				2
2025.10.20	02:06:06.523	1.34250				2
2025.10.20	02:06:08.696	1.34249				2
2025.10.20	02:06:14.269		1.34255			4
2025.10.20	02:06:15.196		1.34254			4
2025.10.20	02:06:19.196	1.34250				2
2025.10.20	02:06:30.202	1.34249	1.34253			6
2025.10.20	02:06:32.346		1.34254			4
2025.10.20	02:06:34.199		1.34253			4
2025.10.20	02:06:35.732	1.34250	1.34254			6
2025.10.20	02:06:36.040	1.34249	1.34253			6
2025.10.20	02:06:36.349	1.34250	1.34254			6
2025.10.20	02:06:37.276		1.34253			4
2025.10.20	02:06:39.724	1.34249				2
2025.10.20	02:06:40.333		1.34252			4
