<DATE>	<TIME>	<BID>	<ASK>	<LAST>	<VOLUME>	<FLAGS>
2025.03.28	00:03:31.003	1.29425	1.29509			6
2025.03.28	00:03:46.977		1.29508			4
2025.03.28	00:04:00.177	1.29425				2
2025.03.28	00:04:08.189	1.29424				2
2025.03.28	00:04:47.274		1.29508			4
2025.03.28	00:05:00.155	1.29424				2
2025.03.28	00:05:03.228	1.29426	1.29510			6
2025.03.28	00:05:31.110	1.29427				2
2025.03.28	00:05:42.106	1.29424				2
2025.03.28	00:06:00.252	1.29424				2
2025.03.28	00:06:05.444		1.29510			4
2025.03.28	00:07:04.944	1.29424				2
2025.03.28	00:07:05.612		1.29497			4
2025.03.28	00:07:30.422		1.29502			4
2025.03.28	00:08:02.329	1.29424				2
2025.03.28	00:08:31.739		1.29502			4
2025.03.28	00:08:47.698	1.29426				2
2025.03.28	00:09:00.015	1.29426				2
2025.03.28	00:09:12.028	1.29427				2
2025.03.28	00:09:31.775		1.29502			4
2025.03.28	00:09:37.938	1.29428				2
2025.03.28	00:09:42.250	1.29429				2
2025.03.28	00:10:00.141	1.29429				2
2025.03.28	00:10:02.311	1.29431				2
2025.03.28	00:10:02.629	1.29429				2
2025.03.28	00:10:11.878		1.29519			4
2025.03.28	00:10:51.869	1.29430	1.29520			6
2025.03.28	00:11:00.170	1.29430				2
2025.03.28	00:11:09.087	1.29429	1.29519			6
2025.03.28	00:11:18.627		1.29512			4
2025.03.28	00:11:19.241		1.29507			4
2025.03.28	00:11:19.550		1.29519			4
2025.03.28	00:11:21.086		1.29507			4
2025.03.28	00:11:26.324		1.29519			4
2025.03.28	00:11:27.245		1.29507			4
2025.03.28	00:11:32.789		1.29519			4
2025.03.28	00:11:33.410	1.29431	1.29521			6
2025.03.28	00:11:33.712		1.29507			4
2025.03.28	00:11:39.563		1.29521			4
2025.03.28	00:11:40.482		1.29507			4
2025.03.28	00:11:46.334		1.29521			4
2025.03.28	00:11:46.950		1.29507			4
2025.03.28	00:12:00.159	1.29431				2
2025.03.28	00:12:06.607	1.29432				2
2025.03.28	00:12:07.832	1.29431				2
2025.03.28	00:12:15.494	1.29430				2
2025.03.28	00:12:20.413	1.29431				2
2025.03.28	00:12:23.484	1.29430				2
2025.03.28	00:12:25.636	1.29431				2
2025.03.28	00:12:47.114		1.29507			4
2025.03.28	00:12:47.426	1.29429				2
2025.03.28	00:12:48.345	1.29427				2
2025.03.28	00:13:00.024	1.29427				2
2025.03.28	00:13:00.641	1.29428				2
2025.03.28	00:13:12.643	1.29432				2
2025.03.28	00:13:13.868	1.29431				2
2025.03.28	00:13:47.127		1.29507			4
2025.03.28	00:13:59.424	1.29434	1.29503			6
2025.03.28	00:14:00.357	1.29434				2
2025.03.28	00:14:18.909	1.29432	1.29507			6
2025.03.28	00:14:25.989	1.29433				2
2025.03.28	00:14:29.058	1.29435				2
2025.03.28	00:14:29.364	1.29437				2
2025.03.28	00:14:29.987	1.29438				2
2025.03.28	00:14:32.138	1.29435				2
2025.03.28	00:14:39.782	1.29438				2
2025.03.28	00:14:45.616	1.29437				2
2025.03.28	00:14:51.770	1.29435				2
2025.03.28	00:14:52.761	1.29436				2
2025.03.28	00:14:59.216	1.29435				2
2025.03.28	00:15:00.918	1.29436				2
2025.03.28	00:15:02.147	1.29437				2
2025.03.28	00:15:02.767	1.29436				2
2025.03.28	00:15:04.608	1.29435				2
2025.03.28	00:15:04.908	1.29429				2
2025.03.28	00:15:05.217	1.29436				2
2025.03.28	00:15:10.429	1.29437				2
2025.03.28	00:15:12.596	1.29438				2
2025.03.28	00:15:19.060		1.29507			4
2025.03.28	00:15:19.982	1.29429				2
2025.03.28	00:16:01.087	1.29429				2
2025.03.28	00:16:06.431	1.29439				2
2025.03.28	00:16:07.972	1.29438				2
2025.03.28	00:16:12.601	1.29436				2
2025.03.28	00:16:13.836	1.29437				2
2025.03.28	00:16:16.917	1.29438				2
2025.03.28	00:16:17.540	1.29437				2
2025.03.28	00:16:17.852	1.29438				2
2025.03.28	00:16:18.475	1.29437				2
2025.03.28	00:16:18.782	1.29438				2
2025.03.28	00:16:19.087		1.29507			4
2025.03.28	00:16:24.616	1.29429				2
2025.03.28	00:16:25.460	1.29431				2
2025.03.28	00:16:25.772	1.29438				2
2025.03.28	00:16:32.548	1.29439				2
2025.03.28	00:16:34.704	1.29438				2
2025.03.28	00:16:56.297	1.29429				2
2025.03.28	00:17:00.293	1.29429				2
2025.03.28	00:17:08.899	1.29430				2
2025.03.28	00:17:19.361		1.29507			4
2025.03.28	00:17:19.979	1.29425				2
2025.03.28	00:17:20.284	1.29432				2
2025.03.28	00:17:27.075	1.29427				2
2025.03.28	00:17:52.968	1.29430				2
2025.03.28	00:17:53.274	1.29426				2
2025.03.28	00:17:56.057	1.29424				2
2025.03.28	00:17:56.359	1.29425				2
2025.03.28	00:18:00.072	1.29425				2
2025.03.28	00:18:03.766	1.29424				2
2025.03.28	00:18:08.051	1.29425				2
2025.03.28	00:18:11.728	1.29424				2
2025.03.28	00:18:17.236	1.29425				2
2025.03.28	00:18:19.382		1.29507			4
2025.03.28	00:18:19.993	1.29420				2
2025.03.28	00:18:23.362	1.29421				2
2025.03.28	00:18:33.156	1.29423				2
2025.03.28	00:18:33.461	1.29424				2
2025.03.28	00:18:40.785	1.29420				2
2025.03.28	00:18:42.467	1.29427				2
2025.03.28	00:18:42.787	1.29426				2
2025.03.28	00:18:43.093	1.29420				2
2025.03.28	00:18:48.605	1.29422				2
2025.03.28	00:18:48.917	1.29421				2
2025.03.28	00:18:51.675	1.29420				2
2025.03.28	00:18:51.984	1.29419				2
2025.03.28	00:18:55.355	1.29420				2
2025.03.28	00:19:00.248	1.29420				2
2025.03.28	00:19:04.542	1.29425				2
2025.03.28	00:19:09.133	1.29419				2
2025.03.28	00:19:13.717	1.29418				2
2025.03.28	00:19:21.506		1.29507			4
2025.03.28	00:19:26.379	1.29419				2
2025.03.28	00:19:27.937	1.29418				2
2025.03.28	00:19:29.319	1.29419				2
2025.03.28	00:19:33.964	1.29418				2
2025.03.28	00:19:36.583	1.29416				2
2025.03.28	00:19:36.916	1.29419				2
2025.03.28	00:19:41.238	1.29416				2
2025.03.28	00:19:41.569	1.29424				2
2025.03.28	00:19:42.492	1.29418				2
2025.03.28	00:19:42.800	1.29426				2
2025.03.28	00:19:48.044	1.29416				2
2025.03.28	00:19:48.418	1.29419				2
2025.03.28	00:19:49.339	1.29427				2
2025.03.28	00:19:50.268	1.29418				2
2025.03.28	00:19:51.819	1.29419				2
2025.03.28	00:20:00.145	1.29419				2
2025.03.28	00:20:04.147	1.29417				2
2025.03.28	00:20:18.343	1.29418				2
2025.03.28	00:20:18.660	1.29426				2
2025.03.28	00:20:21.746		1.29507			4
2025.03.28	00:20:22.676	1.29423				2
2025.03.28	00:20:43.373	1.29426				2
2025.03.28	00:20:48.311	1.29423				2
2025.03.28	00:20:52.977	1.29429				2
2025.03.28	00:20:57.903	1.29435	1.29501			6
2025.03.28	00:21:00.114	1.29435				2
2025.03.28	00:21:14.756	1.29452	1.29519			6
2025.03.28	00:21:27.824	1.29456				2
2025.03.28	00:21:51.467	1.29455	1.29588			6
2025.03.28	00:21:52.396	1.29460	1.29585			6
2025.03.28	00:21:52.704		1.29584			4
2025.03.28	00:21:53.011	1.29461	1.29586			6
2025.03.28	00:21:53.317	1.29462				2
2025.03.28	00:21:53.623	1.29461	1.29587			6
2025.03.28	00:21:53.935	1.29464	1.29588			6
2025.03.28	00:21:54.245	1.29463				2
2025.03.28	00:21:54.553	1.29465				2
2025.03.28	00:21:54.857	1.29459				2
2025.03.28	00:21:55.472	1.29457				2
2025.03.28	00:21:56.394	1.29455				2
2025.03.28	00:21:56.702	1.29457				2
2025.03.28	00:21:57.325	1.29458				2
2025.03.28	00:21:57.628	1.29456				2
2025.03.28	00:21:58.552	1.29457				2
2025.03.28	00:21:59.482	1.29456				2
2025.03.28	00:22:00.096	1.29456				2
2025.03.28	00:22:03.176	1.29458				2
2025.03.28	00:22:04.718	1.29460				2
2025.03.28	00:22:05.950	1.29476	1.29589			6
2025.03.28	00:22:07.184		1.29585			4
2025.03.28	00:22:17.379	1.29478				2
2025.03.28	00:22:18.931	1.29480				2
2025.03.28	00:22:21.082	1.29482				2
2025.03.28	00:22:22.011	1.29485				2
2025.03.28	00:22:22.631	1.29484				2
2025.03.28	00:22:22.940	1.29487				2
2025.03.28	00:22:23.256	1.29485				2
2025.03.28	00:22:25.720	1.29484				2
2025.03.28	00:22:27.570	1.29485				2
2025.03.28	00:22:27.875	1.29484				2
2025.03.28	00:22:31.268	1.29483				2
2025.03.28	00:22:34.340	1.29482				2
2025.03.28	00:22:34.644	1.29480				2
2025.03.28	00:22:34.951	1.29485	1.29590			6
2025.03.28	00:22:35.259	1.29493				2
2025.03.28	00:22:35.566	1.29492				2
2025.03.28	00:22:36.805	1.29491				2
2025.03.28	00:22:37.414	1.29490				2
2025.03.28	00:22:37.727	1.29487				2
2025.03.28	00:22:38.345		1.29589			4
2025.03.28	00:22:40.202	1.29486				2
2025.03.28	00:22:40.521	1.29485				2
2025.03.28	00:22:41.136	1.29486				2
2025.03.28	00:22:43.296	1.29481				2
2025.03.28	00:22:43.913		1.29590			4
2025.03.28	00:22:46.390	1.29480				2
2025.03.28	00:22:51.946	1.29488	1.29584			6
2025.03.28	00:22:56.574	1.29493				2
2025.03.28	00:22:57.498		1.29587			4
2025.03.28	00:23:00.280	1.29493				2
2025.03.28	00:23:05.835		1.29585			4
2025.03.28	00:23:07.065	1.29492	1.29582			6
2025.03.28	00:23:08.917	1.29490	1.29580			6
2025.03.28	00:23:10.769	1.29488	1.29578			6
2025.03.28	00:23:11.697	1.29479				2
2025.03.28	00:23:12.001	1.29494	1.29582			6
2025.03.28	00:23:12.929		1.29581			4
2025.03.28	00:23:14.472	1.29480	1.29579			6
2025.03.28	00:23:14.778		1.29578			4
2025.03.28	00:23:15.705		1.29579			4
2025.03.28	00:23:17.253		1.29577			4
2025.03.28	00:23:19.100		1.29580			4
2025.03.28	00:23:22.183		1.29578			4
2025.03.28	00:23:22.500	1.29485	1.29580			6
2025.03.28	00:23:22.803		1.29576			4
2025.03.28	00:23:29.585		1.29577			4
2025.03.28	00:23:29.891		1.29580			4
2025.03.28	00:23:31.130		1.29577			4
2025.03.28	00:23:34.818		1.29578			4
2025.03.28	00:23:37.895		1.29581			4
2025.03.28	00:23:40.357	1.29486	1.29580			6
2025.03.28	00:23:40.970		1.29579			4
2025.03.28	00:23:45.893	1.29484	1.29567			6
2025.03.28	00:23:46.203	1.29485				2
2025.03.28	00:23:48.353	1.29484				2
2025.03.28	00:23:50.508	1.29485				2
2025.03.28	00:23:56.659	1.29486				2
2025.03.28	00:23:59.420	1.29485				2
2025.03.28	00:23:59.729	1.29484				2
2025.03.28	00:24:00.044	1.29484				2
2025.03.28	00:24:00.351	1.29485				2
2025.03.28	00:24:00.966	1.29483				2
2025.03.28	00:24:05.267	1.29484				2
2025.03.28	00:24:08.043	1.29483				2
2025.03.28	00:24:08.647	1.29480	1.29557			6
2025.03.28	00:24:09.269	1.29454	1.29548			6
2025.03.28	00:24:14.193	1.29459				2
2025.03.28	00:24:19.668	1.29460	1.29530			6
2025.03.28	00:24:40.003	1.29455	1.29522			6
2025.03.28	00:24:41.659		1.29523			4
2025.03.28	00:24:42.660		1.29521			4
2025.03.28	00:24:45.311	1.29447	1.29510			6
2025.03.28	00:25:00.169	1.29447				2
2025.03.28	00:25:03.808	1.29412	1.29501			6
2025.03.28	00:25:31.378	1.29409				2
2025.03.28	00:25:40.032		1.29504			4
2025.03.28	00:25:43.565		1.29503			4
2025.03.28	00:25:44.186		1.29504			4
2025.03.28	00:25:55.505		1.29502			4
2025.03.28	00:26:00.126	1.29409				2
2025.03.28	00:26:00.435		1.29501			4
2025.03.28	00:26:06.917		1.29499			4
2025.03.28	00:26:14.007		1.29495			4
2025.03.28	00:26:14.319		1.29497			4
2025.03.28	00:26:17.700	1.29423	1.29500			6
2025.03.28	00:26:18.002		1.29499			4
2025.03.28	00:26:23.544	1.29427				2
2025.03.28	00:26:23.847		1.29504			4
2025.03.28	00:26:26.178		1.29503			4
2025.03.28	00:26:27.723	1.29423	1.29495			6
2025.03.28	00:26:30.170	1.29428	1.29502			6
2025.03.28	00:26:52.996		1.29503			4
2025.03.28	00:26:54.532		1.29502			4
2025.03.28	00:26:58.222		1.29503			4
2025.03.28	00:26:58.526	1.29424	1.29495			6
2025.03.28	00:27:00.317	1.29424				2
2025.03.28	00:27:01.727		1.29494			4
2025.03.28	00:27:04.848	1.29419				2
2025.03.28	00:27:07.982	1.29424	1.29500			6
2025.03.28	00:27:08.916	1.29427	1.29510			6
2025.03.28	00:27:09.222		1.29511			4
2025.03.28	00:27:09.836		1.29510			4
2025.03.28	00:27:16.608		1.29513			4
2025.03.28	00:27:18.444	1.29440				2
2025.03.28	00:27:18.750	1.29444	1.29518			6
2025.03.28	00:27:19.061		1.29519			4
2025.03.28	00:27:19.681		1.29520			4
2025.03.28	00:27:38.194	1.29456				2
2025.03.28	00:27:38.628	1.29455				2
2025.03.28	00:27:47.524	1.29473	1.29622			6
2025.03.28	00:27:47.838		1.29640			4
2025.03.28	00:27:48.146		1.29650			4
2025.03.28	00:27:48.758		1.29652			4
2025.03.28	00:27:49.370		1.29654			4
2025.03.28	00:27:50.297		1.29650			4
2025.03.28	00:27:51.215		1.29648			4
2025.03.28	00:27:51.519		1.29654			4
2025.03.28	00:27:51.824		1.29656			4
2025.03.28	00:27:52.136		1.29654			4
2025.03.28	00:27:52.443		1.29656			4
2025.03.28	00:27:54.892		1.29658			4
2025.03.28	00:27:57.048		1.29657			4
2025.03.28	00:27:57.663		1.29654			4
2025.03.28	00:28:00.123	1.29473	1.29656			6
2025.03.28	00:28:02.582		1.29657			4
2025.03.28	00:28:02.883	1.29506				2
2025.03.28	00:28:03.191		1.29662			4
2025.03.28	00:28:03.495		1.29664			4
2025.03.28	00:28:06.570		1.29665			4
2025.03.28	00:28:06.879		1.29664			4
2025.03.28	00:28:07.178		1.29662			4
2025.03.28	00:28:07.796		1.29664			4
2025.03.28	00:28:09.328		1.29666			4
2025.03.28	00:28:12.085		1.29667			4
2025.03.28	00:28:12.400		1.29668			4
2025.03.28	00:28:14.855		1.29666			4
2025.03.28	00:28:15.169		1.29664			4
2025.03.28	00:28:16.697		1.29665			4
2025.03.28	00:28:17.318		1.29664			4
2025.03.28	00:28:18.234		1.29658			4
2025.03.28	00:28:18.538		1.29659			4
2025.03.28	00:28:19.461		1.29658			4
2025.03.28	00:28:21.616		1.29659			4
2025.03.28	00:28:21.922		1.29660			4
2025.03.28	00:28:24.077		1.29653			4
2025.03.28	00:28:24.390		1.29649			4
2025.03.28	00:28:28.084		1.29651			4
2025.03.28	00:28:28.390		1.29648			4
2025.03.28	00:28:28.695		1.29642			4
2025.03.28	00:28:29.316		1.29643			4
2025.03.28	00:28:30.849	1.29494	1.29651			6
2025.03.28	00:28:31.154		1.29653			4
2025.03.28	00:28:31.775		1.29641			4
2025.03.28	00:28:37.006		1.29642			4
2025.03.28	00:28:37.621	1.29506				2
2025.03.28	00:28:41.620		1.29643			4
2025.03.28	00:28:43.772		1.29645			4
2025.03.28	00:28:44.081		1.29644			4
2025.03.28	00:28:49.303		1.29642			4
2025.03.28	00:28:49.918		1.29644			4
2025.03.28	00:28:51.758		1.29643			4
2025.03.28	00:28:54.215		1.29642			4
2025.03.28	00:28:54.531		1.29643			4
2025.03.28	00:28:55.457		1.29642			4
2025.03.28	00:29:00.063	1.29506				2
2025.03.28	00:29:00.678		1.29643			4
2025.03.28	00:29:03.143		1.29644			4
2025.03.28	00:29:05.402		1.29643			4
2025.03.28	00:29:05.710		1.29644			4
2025.03.28	00:29:06.660		1.29625			4
2025.03.28	00:29:07.263		1.29624			4
2025.03.28	00:29:07.868		1.29623			4
2025.03.28	00:29:14.250	1.29515	1.29625			6
2025.03.28	00:29:14.552		1.29623			4
2025.03.28	00:29:15.161		1.29621			4
2025.03.28	00:29:15.464		1.29623			4
2025.03.28	00:29:15.768		1.29620			4
2025.03.28	00:29:16.371		1.29622			4
2025.03.28	00:29:17.283	1.29509	1.29627			6
2025.03.28	00:29:17.593		1.29625			4
2025.03.28	00:29:18.209		1.29621			4
2025.03.28	00:29:19.124	1.29512				2
2025.03.28	00:29:22.800		1.29620			4
2025.03.28	00:29:23.410		1.29622			4
2025.03.28	00:29:27.385		1.29619			4
2025.03.28	00:29:28.601	1.29521	1.29623			6
2025.03.28	00:29:28.909		1.29619			4
2025.03.28	00:29:38.054		1.29620			4
2025.03.28	00:29:40.508		1.29616			4
2025.03.28	00:29:47.498		1.29614			4
2025.03.28	00:29:48.408		1.29616			4
2025.03.28	00:29:48.711		1.29615			4
2025.03.28	00:29:53.323		1.29614			4
2025.03.28	00:29:54.238		1.29618			4
2025.03.28	00:29:57.328	1.29504	1.29619			6
2025.03.28	00:29:57.642		1.29618			4
2025.03.28	00:29:58.248		1.29619			4
2025.03.28	00:29:58.559	1.29501	1.29623			6
2025.03.28	00:29:59.172		1.29625			4
2025.03.28	00:29:59.481		1.29623			4
2025.03.28	00:29:59.790	1.29490	1.29626			6
2025.03.28	00:30:00.093	1.29490	1.29616			6
2025.03.28	00:30:00.402		1.29614			4
2025.03.28	00:30:01.635		1.29606			4
2025.03.28	00:30:02.044		1.29604			4
2025.03.28	00:30:02.659		1.29605			4
2025.03.28	00:30:04.196		1.29606			4
2025.03.28	00:30:05.897	1.29494				2
2025.03.28	00:30:06.387	1.29480				2
2025.03.28	00:30:10.181		1.29603			4
2025.03.28	00:30:13.255		1.29601			4
2025.03.28	00:30:13.565		1.29603			4
2025.03.28	00:30:14.796		1.29593			4
2025.03.28	00:30:16.955	1.29456	1.29601			6
2025.03.28	00:30:18.853	1.29455	1.29595			6
2025.03.28	00:30:20.194		1.29591			4
2025.03.28	00:30:22.435	1.29471	1.29586			6
2025.03.28	00:30:26.869		1.29580			4
2025.03.28	00:30:27.173	1.29476	1.29583			6
2025.03.28	00:30:29.890		1.29580			4
2025.03.28	00:30:34.302		1.29582			4
2025.03.28	00:30:34.604		1.29576			4
2025.03.28	00:30:35.527		1.29573			4
2025.03.28	00:30:35.840		1.29572			4
2025.03.28	00:30:37.069		1.29571			4
2025.03.28	00:30:37.373		1.29568			4
2025.03.28	00:30:39.527		1.29566			4
2025.03.28	00:30:39.836		1.29567			4
2025.03.28	00:30:40.139		1.29565			4
2025.03.28	00:30:40.752		1.29568			4
2025.03.28	00:30:42.292		1.29569			4
2025.03.28	00:30:42.902		1.29575			4
2025.03.28	00:30:43.203	1.29471	1.29568			6
2025.03.28	00:30:43.826	1.29464	1.29569			6
2025.03.28	00:30:45.667		1.29570			4
2025.03.28	00:30:49.974		1.29565			4
2025.03.28	00:30:50.893		1.29567			4
2025.03.28	00:30:55.510	1.29469	1.29569			6
2025.03.28	00:30:55.819		1.29568			4
2025.03.28	00:31:00.124	1.29469				2
2025.03.28	00:31:01.980		1.29566			4
2025.03.28	00:31:08.142		1.29577			4
2025.03.28	00:31:08.450		1.29570			4
2025.03.28	00:31:09.684		1.29569			4
2025.03.28	00:31:22.004		1.29571			4
2025.03.28	00:31:25.090		1.29570			4
2025.03.28	00:31:27.864		1.29572			4
2025.03.28	00:31:34.322		1.29571			4
2025.03.28	00:31:43.863		1.29574			4
2025.03.28	00:31:48.787		1.29573			4
2025.03.28	00:31:50.631		1.29572			4
2025.03.28	00:32:00.192	1.29469				2
2025.03.28	00:32:09.429		1.29573			4
2025.03.28	00:32:11.279		1.29572			4
2025.03.28	00:32:22.058		1.29574			4
2025.03.28	00:32:53.189		1.29572			4
2025.03.28	00:33:00.272	1.29469				2
2025.03.28	00:33:05.516		1.29574			4
2025.03.28	00:33:07.670		1.29573			4
2025.03.28	00:34:35.869	1.29474	1.29565			6
2025.03.28	00:34:43.886		1.29566			4
2025.03.28	00:35:00.207	1.29474				2
2025.03.28	00:35:37.512		1.29567			4
2025.03.28	00:35:50.762		1.29565			4
2025.03.28	00:36:00.016	1.29474				2
2025.03.28	00:36:07.104		1.29567			4
2025.03.28	00:36:21.896		1.29582			4
2025.03.28	00:37:01.730	1.29474				2
2025.03.28	00:37:16.928		1.29585			4
2025.03.28	00:38:01.732	1.29474				2
2025.03.28	00:38:19.070		1.29585			4
2025.03.28	00:38:29.303		1.29587			4
2025.03.28	00:38:30.303		1.29585			4
2025.03.28	00:38:31.303		1.29587			4
2025.03.28	00:38:37.305		1.29586			4
2025.03.28	00:38:55.735		1.29583			4
2025.03.28	00:39:01.728	1.29474				2
2025.03.28	00:39:26.623		1.29599			4
2025.03.28	00:39:28.067		1.29600			4
2025.03.28	00:39:30.795		1.29576			4
2025.03.28	00:40:01.730	1.29474				2
2025.03.28	00:40:10.184		1.29563			4
2025.03.28	00:40:10.701		1.29562			4
2025.03.28	00:40:11.307		1.29563			4
2025.03.28	00:40:12.371		1.29561			4
2025.03.28	00:40:20.290		1.29563			4
2025.03.28	00:40:20.981		1.29544			4
2025.03.28	00:40:31.728		1.29543			4
2025.03.28	00:41:00.467	1.29474				2
2025.03.28	00:41:21.611		1.29542			4
2025.03.28	00:41:24.692	1.29473	1.29537			6
2025.03.28	00:41:44.920	1.29465				2
2025.03.28	00:41:49.248	1.29473				2
2025.03.28	00:42:00.169	1.29473				2
2025.03.28	00:42:15.203		1.29536			4
2025.03.28	00:42:32.072	1.29471	1.29527			6
2025.03.28	00:42:56.163	1.29470	1.29517			6
2025.03.28	00:43:00.480	1.29470				2
2025.03.28	00:43:23.032	1.29471	1.29527			6
2025.03.28	00:43:27.585	1.29472	1.29534			6
2025.03.28	00:43:28.067	1.29473				2
2025.03.28	00:43:35.383	1.29474	1.29561			6
2025.03.28	00:43:35.684		1.29571			4
2025.03.28	00:43:35.996		1.29572			4
2025.03.28	00:44:00.078	1.29474				2
2025.03.28	00:44:17.069	1.29476				2
2025.03.28	00:44:35.579		1.29573			4
2025.03.28	00:45:00.272	1.29476				2
2025.03.28	00:45:01.823	1.29470				2
2025.03.28	00:45:04.291	1.29476				2
2025.03.28	00:45:09.355	1.29492	1.29557			6
2025.03.28	00:45:21.364	1.29488				2
2025.03.28	00:45:39.564		1.29556			4
2025.03.28	00:45:43.874		1.29557			4
2025.03.28	00:45:50.054		1.29556			4
2025.03.28	00:46:00.253	1.29488				2
2025.03.28	00:46:07.352		1.29557			4
2025.03.28	00:47:00.063	1.29488				2
2025.03.28	00:47:01.910	1.29486				2
2025.03.28	00:47:04.373	1.29488				2
2025.03.28	00:47:07.451		1.29557			4
2025.03.28	00:47:21.943	1.29486				2
2025.03.28	00:48:00.207	1.29486				2
2025.03.28	00:48:07.608		1.29557			4
2025.03.28	00:49:00.002	1.29486				2
2025.03.28	00:49:07.716		1.29557			4
2025.03.28	00:50:00.185	1.29486				2
2025.03.28	00:50:07.879		1.29557			4
2025.03.28	00:50:35.922		1.29555			4
2025.03.28	00:50:41.164		1.29554			4
2025.03.28	00:50:44.250		1.29556			4
2025.03.28	00:50:45.175		1.29554			4
2025.03.28	00:50:50.424		1.29555			4
2025.03.28	00:51:00.300	1.29486				2
2025.03.28	00:51:01.834		1.29557			4
2025.03.28	00:51:07.389		1.29556			4
2025.03.28	00:51:16.352		1.29557			4
2025.03.28	00:51:17.894		1.29554			4
2025.03.28	00:51:28.067		1.29553			4
2025.03.28	00:51:32.392		1.29554			4
2025.03.28	00:51:45.338	1.29491	1.29555			6
2025.03.28	00:51:45.655		1.29549			4
2025.03.28	00:51:49.045	1.29489	1.29547			6
2025.03.28	00:51:51.511	1.29491	1.29549			6
2025.03.28	00:51:52.130	1.29490	1.29548			6
2025.03.28	00:52:00.149	1.29490				2
2025.03.28	00:52:11.868	1.29491	1.29549			6
2025.03.28	00:52:18.661		1.29551			4
2025.03.28	00:52:20.508	1.29490	1.29548			6
2025.03.28	00:52:31.305	1.29491	1.29551			6
2025.03.28	00:52:33.160		1.29550			4
2025.03.28	00:52:35.014	1.29500	1.29557			6
2025.03.28	00:52:35.635	1.29497	1.29555			6
2025.03.28	00:52:41.491	1.29500	1.29556			6
2025.03.28	00:52:46.121	1.29499	1.29551			6
2025.03.28	00:52:46.426	1.29497				2
2025.03.28	00:52:47.354	1.29498				2
2025.03.28	00:52:50.126	1.29497				2
2025.03.28	00:52:51.969	1.29496				2
2025.03.28	00:53:00.288	1.29496				2
2025.03.28	00:53:01.830	1.29497				2
2025.03.28	00:53:04.303	1.29495				2
2025.03.28	00:53:04.605	1.29496				2
2025.03.28	00:53:16.925	1.29497				2
2025.03.28	00:53:24.007	1.29496				2
2025.03.28	00:53:26.161	1.29497				2
2025.03.28	00:53:29.238	1.29496				2
2025.03.28	00:53:30.167	1.29497				2
2025.03.28	00:53:41.257		1.29553			4
2025.03.28	00:53:53.890	1.29498				2
2025.03.28	00:53:59.436	1.29496				2
2025.03.28	00:54:00.051	1.29496				2
2025.03.28	00:54:36.052		1.29554			4
2025.03.28	00:54:41.573	1.29497	1.29555			6
2025.03.28	00:54:41.882	1.29496	1.29554			6
2025.03.28	00:55:00.030	1.29496				2
2025.03.28	00:55:20.348	1.29498	1.29555			6
2025.03.28	00:55:31.124		1.29551			4
2025.03.28	00:55:33.282	1.29497				2
2025.03.28	00:55:47.779	1.29499				2
2025.03.28	00:55:58.550	1.29498				2
2025.03.28	00:55:59.165	1.29499				2
2025.03.28	00:56:00.092	1.29499				2
2025.03.28	00:56:04.095	1.29496				2
2025.03.28	00:56:09.630	1.29495				2
2025.03.28	00:56:14.245	1.29494				2
2025.03.28	00:56:18.556	1.29495				2
2025.03.28	00:56:21.633	1.29499				2
2025.03.28	00:56:31.181		1.29551			4
2025.03.28	00:56:36.417		1.29544			4
2025.03.28	00:56:48.407	1.29498				2
2025.03.28	00:57:00.081	1.29498				2
2025.03.28	00:57:10.235	1.29496				2
2025.03.28	00:57:21.605		1.29560			4
2025.03.28	00:57:21.906	1.29470	1.29578			6
2025.03.28	00:57:22.224	1.29474				2
2025.03.28	00:57:23.452	1.29475				2
2025.03.28	00:57:23.762	1.29474				2
2025.03.28	00:57:25.304	1.29475				2
2025.03.28	00:57:25.610	1.29478				2
2025.03.28	00:57:27.450	1.29472				2
2025.03.28	00:57:27.760		1.29579			4
2025.03.28	00:57:28.368	1.29474				2
2025.03.28	00:57:32.676	1.29475				2
2025.03.28	00:57:33.284		1.29580			4
2025.03.28	00:57:33.589	1.29474				2
2025.03.28	00:57:36.662		1.29579			4
2025.03.28	00:57:39.732		1.29580			4
2025.03.28	00:57:40.967	1.29473				2
2025.03.28	00:57:41.268	1.29468				2
2025.03.28	00:57:43.419	1.29472				2
2025.03.28	00:57:44.341	1.29471				2
2025.03.28	00:57:45.263	1.29472				2
2025.03.28	00:57:46.492		1.29582			4
2025.03.28	00:57:46.800	1.29473	1.29583			6
2025.03.28	00:57:47.723		1.29584			4
2025.03.28	00:57:48.035	1.29472				2
2025.03.28	00:57:52.953		1.29575			4
2025.03.28	00:57:55.733		1.29576			4
2025.03.28	00:57:56.349	1.29471				2
2025.03.28	00:57:57.582		1.29578			4
2025.03.28	00:57:57.890		1.29577			4
2025.03.28	00:57:58.814	1.29472				2
2025.03.28	00:58:00.050	1.29472				2
2025.03.28	00:58:01.278	1.29471				2
2025.03.28	00:58:01.588	1.29479				2
2025.03.28	00:58:01.895	1.29488	1.29578			6
2025.03.28	00:58:02.207		1.29583			4
2025.03.28	00:58:03.443		1.29584			4
2025.03.28	00:58:03.755	1.29486	1.29585			6
2025.03.28	00:58:04.058		1.29588			4
2025.03.28	00:58:05.602	1.29482				2
2025.03.28	00:58:07.146	1.29464	1.29580			6
2025.03.28	00:58:08.686	1.29489	1.29581			6
2025.03.28	00:58:08.991		1.29582			4
2025.03.28	00:58:09.919		1.29583			4
2025.03.28	00:58:10.222	1.29468				2
2025.03.28	00:58:10.527	1.29484	1.29584			6
2025.03.28	00:58:11.758		1.29585			4
2025.03.28	00:58:12.071	1.29469	1.29583			6
2025.03.28	00:58:12.376		1.29582			4
2025.03.28	00:58:12.682	1.29470				2
2025.03.28	00:58:13.604		1.29583			4
2025.03.28	00:58:13.905	1.29462	1.29582			6
2025.03.28	00:58:14.206		1.29568			4
2025.03.28	00:58:14.508	1.29466	1.29570			6
2025.03.28	00:58:15.439		1.29569			4
2025.03.28	00:58:16.050	1.29480	1.29572			6
2025.03.28	00:58:16.978	1.29487	1.29574			6
2025.03.28	00:58:17.903	1.29484	1.29570			6
2025.03.28	00:58:18.216		1.29571			4
2025.03.28	00:58:19.767	1.29477	1.29569			6
2025.03.28	00:58:20.082	1.29475	1.29572			6
2025.03.28	00:58:20.392		1.29570			4
2025.03.28	00:58:21.929	1.29495	1.29581			6
2025.03.28	00:58:22.239	1.29497	1.29582			6
2025.03.28	00:58:22.548	1.29491	1.29575			6
2025.03.28	00:58:24.403	1.29485	1.29569			6
2025.03.28	00:58:26.244	1.29478	1.29573			6
2025.03.28	00:58:26.556	1.29482	1.29571			6
2025.03.28	00:58:28.094	1.29481	1.29572			6
2025.03.28	00:58:28.405	1.29472	1.29574			6
2025.03.28	00:58:28.711		1.29572			4
2025.03.28	00:58:31.479		1.29571			4
2025.03.28	00:58:32.397	1.29473	1.29569			6
2025.03.28	00:58:34.247	1.29474	1.29570			6
2025.03.28	00:58:35.782	1.29473	1.29568			6
2025.03.28	00:58:38.249	1.29491	1.29574			6
2025.03.28	00:58:40.394	1.29486	1.29570			6
2025.03.28	00:58:43.170	1.29478	1.29572			6
2025.03.28	00:58:45.625	1.29468	1.29573			6
2025.03.28	00:58:46.854		1.29572			4
2025.03.28	00:58:47.468		1.29571			4
2025.03.28	00:58:47.780	1.29470	1.29573			6
2025.03.28	00:58:49.321	1.29469				2
2025.03.28	00:58:49.632	1.29490				2
2025.03.28	00:58:51.171	1.29487	1.29572			6
2025.03.28	00:58:51.476	1.29486	1.29569			6
2025.03.28	00:58:51.783	1.29489	1.29574			6
2025.03.28	00:58:53.627	1.29468	1.29563			6
2025.03.28	00:58:54.244	1.29491	1.29577			6
2025.03.28	00:58:54.550	1.29488	1.29572			6
2025.03.28	00:58:56.092	1.29484	1.29567			6
2025.03.28	00:58:58.241	1.29474	1.29574			6
2025.03.28	00:58:59.471	1.29471	1.29575			6
2025.03.28	00:59:00.078	1.29471				2
2025.03.28	00:59:02.238		1.29573			4
2025.03.28	00:59:02.545		1.29572			4
2025.03.28	00:59:03.165	1.29467				2
2025.03.28	00:59:04.697		1.29571			4
2025.03.28	00:59:05.312		1.29570			4
2025.03.28	00:59:06.840		1.29569			4
2025.03.28	00:59:08.379	1.29473	1.29573			6
2025.03.28	00:59:08.683	1.29470	1.29574			6
2025.03.28	00:59:08.995		1.29572			4
2025.03.28	00:59:09.300	1.29471	1.29569			6
2025.03.28	00:59:10.526	1.29469				2
2025.03.28	00:59:12.369	1.29489	1.29574			6
2025.03.28	00:59:12.678		1.29572			4
2025.03.28	00:59:12.983		1.29570			4
2025.03.28	00:59:13.294	1.29485	1.29571			6
2025.03.28	00:59:16.364	1.29481				2
2025.03.28	00:59:16.674	1.29482	1.29572			6
2025.03.28	00:59:16.981	1.29485	1.29571			6
2025.03.28	00:59:17.601	1.29478	1.29566			6
2025.03.28	00:59:18.524	1.29473	1.29565			6
2025.03.28	00:59:18.831	1.29474				2
2025.03.28	00:59:19.443	1.29476	1.29568			6
2025.03.28	00:59:20.981	1.29475	1.29566			6
2025.03.28	00:59:21.903	1.29472	1.29571			6
2025.03.28	00:59:22.522	1.29471	1.29573			6
2025.03.28	00:59:24.056		1.29571			4
2025.03.28	00:59:24.984	1.29470				2
2025.03.28	00:59:27.436		1.29570			4
2025.03.28	00:59:31.121		1.29569			4
2025.03.28	00:59:31.731	1.29471				2
2025.03.28	00:59:32.956		1.29567			4
2025.03.28	00:59:33.265		1.29566			4
2025.03.28	00:59:33.577	1.29472	1.29567			6
2025.03.28	00:59:34.189	1.29481	1.29570			6
2025.03.28	00:59:34.503	1.29484	1.29568			6
2025.03.28	00:59:35.423	1.29483	1.29567			6
2025.03.28	00:59:36.043	1.29469				2
2025.03.28	00:59:38.507	1.29482	1.29568			6
2025.03.28	00:59:39.437	1.29483				2
2025.03.28	00:59:44.350		1.29567			4
2025.03.28	00:59:46.816	1.29479	1.29565			6
2025.03.28	00:59:47.437	1.29487	1.29572			6
2025.03.28	00:59:47.741		1.29573			4
2025.03.28	00:59:49.280	1.29490				2
2025.03.28	00:59:49.585	1.29485	1.29570			6
2025.03.28	00:59:50.203	1.29484				2
2025.03.28	00:59:50.504	1.29485	1.29572			6
2025.03.28	00:59:50.807	1.29475	1.29585			6
2025.03.28	00:59:52.044	1.29476				2
2025.03.28	00:59:52.350	1.29477				2
2025.03.28	00:59:52.968	1.29479				2
2025.03.28	00:59:53.278	1.29481				2
2025.03.28	00:59:53.585	1.29482				2
2025.03.28	00:59:54.196	1.29487				2
2025.03.28	00:59:54.506	1.29486				2
2025.03.28	00:59:54.811	1.29485				2
2025.03.28	00:59:55.126	1.29481	1.29584			6
2025.03.28	00:59:55.737	1.29479				2
2025.03.28	00:59:56.042	1.29475				2
2025.03.28	00:59:56.349		1.29585			4
2025.03.28	00:59:56.962	1.29483				2
2025.03.28	00:59:57.272	1.29481				2
2025.03.28	00:59:58.191	1.29479				2
2025.03.28	00:59:59.425	1.29477				2
2025.03.28	01:00:00.037	1.29478				2
2025.03.28	01:00:00.347	1.29471	1.29574			6
2025.03.28	01:00:00.652	1.29474	1.29578			6
2025.03.28	01:00:01.259	1.29469	1.29574			6
2025.03.28	01:00:01.561	1.29470	1.29576			6
2025.03.28	01:00:01.876	1.29472	1.29578			6
2025.03.28	01:00:02.186	1.29470	1.29580			6
2025.03.28	01:00:02.798	1.29461	1.29571			6
2025.03.28	01:00:03.104	1.29460	1.29570			6
2025.03.28	01:00:03.724	1.29461	1.29571			6
2025.03.28	01:00:04.654	1.29464	1.29572			6
2025.03.28	01:00:04.957		1.29573			4
2025.03.28	01:00:05.265	1.29465	1.29572			6
2025.03.28	01:00:05.572		1.29573			4
2025.03.28	01:00:05.880		1.29572			4
2025.03.28	01:00:06.192		1.29573			4
2025.03.28	01:00:06.500		1.29574			4
2025.03.28	01:00:06.805		1.29575			4
2025.03.28	01:00:07.113	1.29462	1.29572			6
2025.03.28	01:00:07.423	1.29459	1.29569			6
2025.03.28	01:00:07.731	1.29460	1.29570			6
2025.03.28	01:00:08.966	1.29464	1.29572			6
2025.03.28	01:00:09.271	1.29463	1.29573			6
2025.03.28	01:00:10.194		1.29570			4
2025.03.28	01:00:10.502	1.29461				2
2025.03.28	01:00:10.810	1.29462	1.29572			6
2025.03.28	01:00:11.118	1.29464				2
2025.03.28	01:00:11.730		1.29571			4
2025.03.28	01:00:12.033		1.29572			4
2025.03.28	01:00:12.341		1.29570			4
2025.03.28	01:00:12.655		1.29571			4
2025.03.28	01:00:12.969	1.29461				2
2025.03.28	01:00:13.582	1.29462	1.29570			6
2025.03.28	01:00:14.190	1.29461	1.29569			6
2025.03.28	01:00:14.807		1.29570			4
2025.03.28	01:00:15.111	1.29462	1.29571			6
2025.03.28	01:00:15.421	1.29461	1.29570			6
2025.03.28	01:00:15.726	1.29462	1.29567			6
2025.03.28	01:00:16.032	1.29467	1.29563			6
2025.03.28	01:00:16.335	1.29466	1.29561			6
2025.03.28	01:00:16.645		1.29563			4
2025.03.28	01:00:16.954	1.29465	1.29562			6
2025.03.28	01:00:17.256		1.29561			4
2025.03.28	01:00:17.871	1.29500	1.29568			6
2025.03.28	01:00:18.184		1.29570			4
2025.03.28	01:00:18.800		1.29568			4
2025.03.28	01:00:19.104		1.29566			4
2025.03.28	01:00:19.419		1.29565			4
2025.03.28	01:00:19.721		1.29554			4
2025.03.28	01:00:20.023		1.29566			4
2025.03.28	01:00:20.328	1.29503	1.29567			6
2025.03.28	01:00:20.632		1.29569			4
2025.03.28	01:00:20.942		1.29567			4
2025.03.28	01:00:21.253		1.29568			4
2025.03.28	01:00:21.558		1.29556			4
2025.03.28	01:00:21.863		1.29559			4
2025.03.28	01:00:22.169		1.29554			4
2025.03.28	01:00:22.471		1.29567			4
2025.03.28	01:00:22.777		1.29565			4
2025.03.28	01:00:23.380		1.29533			4
2025.03.28	01:00:23.682		1.29534			4
2025.03.28	01:00:25.809	1.29499	1.29523			6
2025.03.28	01:00:26.421	1.29501	1.29519			6
2025.03.28	01:00:28.260	1.29504	1.29517			6
2025.03.28	01:00:28.561	1.29483	1.29513			6
2025.03.28	01:00:28.863	1.29484	1.29512			6
2025.03.28	01:00:29.168		1.29510			4
2025.03.28	01:00:29.470		1.29512			4
2025.03.28	01:00:29.773		1.29510			4
2025.03.28	01:00:30.074		1.29512			4
2025.03.28	01:00:30.983	1.29486				2
2025.03.28	01:00:31.591	1.29493	1.29509			6
2025.03.28	01:00:32.501	1.29490				2
2025.03.28	01:00:40.112	1.29491				2
2025.03.28	01:00:40.470	1.29492				2
2025.03.28	01:00:51.867	1.29493	1.29500			6
2025.03.28	01:00:52.179	1.29488	1.29503			6
2025.03.28	01:00:59.263	1.29492	1.29499			6
2025.03.28	01:01:00.184	1.29487				2
2025.03.28	01:01:00.486	1.29469	1.29490			6
2025.03.28	01:01:01.998	1.29467	1.29487			6
2025.03.28	01:01:03.225	1.29463	1.29485			6
2025.03.28	01:01:06.284		1.29481			4
2025.03.28	01:01:10.873		1.29486			4
2025.03.28	01:01:13.310	1.29473	1.29478			6
2025.03.28	01:01:20.350	1.29463	1.29486			6
2025.03.28	01:01:23.080	1.29472	1.29477			6
2025.03.28	01:01:32.264	1.29471	1.29476			6
2025.03.28	01:01:33.184	1.29472	1.29477			6
2025.03.28	01:01:35.638	1.29470	1.29475			6
2025.03.28	01:01:36.253	1.29471	1.29476			6
2025.03.28	01:01:37.164	1.29472	1.29477			6
2025.03.28	01:01:37.772	1.29471	1.29476			6
2025.03.28	01:01:40.519	1.29470	1.29475			6
2025.03.28	01:01:43.271		1.29474			4
2025.03.28	01:01:48.181	1.29471	1.29475			6
2025.03.28	01:01:50.319	1.29469	1.29473			6
2025.03.28	01:01:54.009	1.29468	1.29472			6
2025.03.28	01:01:55.231	1.29467	1.29471			6
2025.03.28	01:01:59.502	1.29466	1.29470			6
2025.03.28	01:01:59.805	1.29467	1.29471			6
2025.03.28	01:02:00.107	1.29468	1.29472			6
2025.03.28	01:02:04.164	1.29467	1.29471			6
2025.03.28	01:02:17.711	1.29464	1.29468			6
2025.03.28	01:02:18.013	1.29463	1.29467			6
2025.03.28	01:02:23.867	1.29462	1.29466			6
2025.03.28	01:02:24.181	1.29463	1.29467			6
2025.03.28	01:02:31.263	1.29462	1.29466			6
2025.03.28	01:02:33.406	1.29463	1.29467			6
2025.03.28	01:02:35.859	1.29462	1.29466			6
2025.03.28	01:02:37.390	1.29463	1.29467			6
2025.03.28	01:02:41.059	1.29462	1.29466			6
2025.03.28	01:02:43.514	1.29463	1.29467			6
2025.03.28	01:02:44.124	1.29462	1.29466			6
2025.03.28	01:02:54.538	1.29463	1.29467			6
2025.03.28	01:02:54.846	1.29462	1.29466			6
2025.03.28	01:03:00.082	1.29462				2
2025.03.28	01:03:01.912	1.29463	1.29467			6
2025.03.28	01:03:02.219	1.29464	1.29468			6
2025.03.28	01:03:05.592	1.29463	1.29467			6
2025.03.28	01:03:07.426	1.29462	1.29466			6
2025.03.28	01:03:10.486	1.29463	1.29467			6
2025.03.28	01:03:13.246	1.29462	1.29466			6
2025.03.28	01:03:29.563	1.29461	1.29465			6
2025.03.28	01:03:30.184	1.29460	1.29464			6
2025.03.28	01:03:31.111	1.29455	1.29459			6
2025.03.28	01:03:35.107	1.29454	1.29458			6
2025.03.28	01:03:35.413	1.29453	1.29457			6
2025.03.28	01:03:44.344	1.29454	1.29458			6
2025.03.28	01:04:00.060	1.29454				2
2025.03.28	01:04:01.295	1.29455	1.29459			6
2025.03.28	01:04:02.838	1.29454	1.29458			6
2025.03.28	01:04:03.143	1.29453	1.29457			6
2025.03.28	01:04:03.450	1.29455	1.29459			6
2025.03.28	01:04:08.067	1.29454	1.29458			6
2025.03.28	01:04:11.144	1.29455	1.29459			6
2025.03.28	01:04:15.761	1.29453	1.29457			6
2025.03.28	01:04:21.000	1.29454	1.29458			6
2025.03.28	01:04:22.229	1.29453	1.29457			6
2025.03.28	01:04:25.312	1.29454	1.29458			6
2025.03.28	01:04:36.398	1.29456	1.29460			6
2025.03.28	01:04:41.335	1.29455	1.29459			6
2025.03.28	01:04:41.954	1.29456	1.29460			6
2025.03.28	01:04:45.964	1.29455	1.29459			6
2025.03.28	01:04:46.890	1.29456	1.29460			6
2025.03.28	01:04:50.589	1.29455	1.29459			6
2025.03.28	01:04:52.441	1.29456	1.29460			6
2025.03.28	01:04:53.056	1.29455	1.29459			6
2025.03.28	01:05:00.123	1.29455				2
2025.03.28	01:05:00.431	1.29454	1.29458			6
2025.03.28	01:05:01.970	1.29455	1.29459			6
2025.03.28	01:05:04.431	1.29453	1.29457			6
2025.03.28	01:05:04.739	1.29455	1.29459			6
2025.03.28	01:05:05.046	1.29453	1.29457			6
2025.03.28	01:05:06.277	1.29451	1.29455			6
2025.03.28	01:05:06.592	1.29452				2
2025.03.28	01:05:09.051	1.29451				2
2025.03.28	01:05:15.819	1.29452				2
2025.03.28	01:05:16.125	1.29451				2
2025.03.28	01:05:16.434	1.29453	1.29457			6
2025.03.28	01:05:22.590	1.29454	1.29458			6
2025.03.28	01:05:24.136	1.29452	1.29456			6
2025.03.28	01:05:24.442	1.29453	1.29457			6
2025.03.28	01:05:26.289	1.29454	1.29458			6
2025.03.28	01:05:28.139	1.29455	1.29459			6
2025.03.28	01:05:30.602	1.29454	1.29458			6
2025.03.28	01:05:31.218	1.29455	1.29459			6
2025.03.28	01:05:31.523	1.29454	1.29458			6
2025.03.28	01:05:32.144	1.29453	1.29457			6
2025.03.28	01:05:32.453	1.29454	1.29458			6
2025.03.28	01:05:38.914	1.29453	1.29457			6
2025.03.28	01:05:39.231	1.29454	1.29458			6
2025.03.28	01:05:39.535	1.29453	1.29457			6
2025.03.28	01:05:43.226	1.29454	1.29458			6
2025.03.28	01:05:43.533	1.29452	1.29456			6
2025.03.28	01:05:44.768	1.29453	1.29457			6
2025.03.28	01:05:46.312	1.29455	1.29459			6
2025.03.28	01:05:46.617	1.29454	1.29458			6
2025.03.28	01:05:51.854	1.29453	1.29457			6
2025.03.28	01:05:52.472	1.29454	1.29458			6
2025.03.28	01:05:54.017	1.29453	1.29457			6
2025.03.28	01:05:54.935	1.29454	1.29458			6
2025.03.28	01:05:56.480	1.29455	1.29459			6
2025.03.28	01:05:57.099	1.29454	1.29458			6
2025.03.28	01:06:00.180	1.29454				2
2025.03.28	01:06:04.196	1.29455	1.29459			6
2025.03.28	01:06:04.511	1.29454	1.29458			6
2025.03.28	01:06:09.153	1.29453	1.29457			6
2025.03.28	01:06:10.081	1.29454	1.29458			6
2025.03.28	01:06:10.384	1.29453	1.29457			6
2025.03.28	01:06:10.695	1.29454	1.29458			6
2025.03.28	01:06:11.001	1.29453	1.29457			6
2025.03.28	01:06:11.931	1.29454	1.29458			6
2025.03.28	01:06:12.237	1.29453	1.29457			6
2025.03.28	01:06:13.469	1.29454	1.29458			6
2025.03.28	01:06:13.776	1.29453	1.29457			6
2025.03.28	01:06:17.793	1.29454	1.29458			6
2025.03.28	01:06:19.332	1.29453	1.29457			6
2025.03.28	01:06:20.259	1.29454	1.29458			6
2025.03.28	01:06:21.495	1.29453	1.29457			6
2025.03.28	01:06:21.814	1.29452	1.29456			6
2025.03.28	01:06:23.044	1.29454	1.29458			6
2025.03.28	01:06:24.582	1.29453	1.29457			6
2025.03.28	01:06:24.891	1.29454	1.29458			6
2025.03.28	01:06:25.201	1.29453	1.29457			6
2025.03.28	01:06:25.508	1.29454	1.29458			6
2025.03.28	01:06:25.812	1.29458	1.29462			6
2025.03.28	01:06:26.129	1.29459	1.29463			6
2025.03.28	01:06:28.587	1.29458	1.29462			6
2025.03.28	01:06:44.940	1.29459	1.29463			6
2025.03.28	01:06:49.255	1.29458	1.29462			6
2025.03.28	01:07:00.044	1.29458				2
2025.03.28	01:07:02.196	1.29460	1.29464			6
2025.03.28	01:07:18.851	1.29459	1.29463			6
2025.03.28	01:07:33.654	1.29460	1.29464			6
2025.03.28	01:07:33.958	1.29458	1.29462			6
2025.03.28	01:07:35.504	1.29459	1.29463			6
2025.03.28	01:07:43.832	1.29463	1.29464			6
2025.03.28	01:07:44.142	1.29459	1.29463			6
2025.03.28	01:07:44.446	1.29463	1.29464			6
2025.03.28	01:07:44.753	1.29459	1.29463			6
2025.03.28	01:07:45.068	1.29463	1.29464			6
2025.03.28	01:07:45.375	1.29459	1.29463			6
2025.03.28	01:07:45.680	1.29463	1.29464			6
2025.03.28	01:07:45.984	1.29459	1.29463			6
2025.03.28	01:07:46.299	1.29463	1.29464			6
2025.03.28	01:07:46.602	1.29459	1.29463			6
2025.03.28	01:07:46.908	1.29463	1.29464			6
2025.03.28	01:07:47.216	1.29459	1.29463			6
2025.03.28	01:07:59.870	1.29460	1.29464			6
2025.03.28	01:08:00.179	1.29460				2
2025.03.28	01:08:03.575	1.29459	1.29463			6
2025.03.28	01:08:05.422	1.29460	1.29464			6
2025.03.28	01:08:06.042	1.29459	1.29463			6
2025.03.28	01:08:14.073	1.29460	1.29464			6
2025.03.28	01:08:15.607	1.29459	1.29463			6
2025.03.28	01:08:16.229	1.29460	1.29464			6
2025.03.28	01:08:22.088	1.29461	1.29465			6
2025.03.28	01:08:22.399	1.29460	1.29464			6
2025.03.28	01:08:25.783	1.29462	1.29466			6
2025.03.28	01:08:26.086	1.29461	1.29465			6
2025.03.28	01:08:28.250	1.29460	1.29464			6
2025.03.28	01:08:29.173	1.29461	1.29465			6
2025.03.28	01:08:29.483	1.29460	1.29464			6
2025.03.28	01:08:30.716	1.29459	1.29463			6
2025.03.28	01:08:35.944	1.29462	1.29466			6
2025.03.28	01:08:36.252	1.29461	1.29465			6
2025.03.28	01:08:42.095	1.29462	1.29466			6
2025.03.28	01:08:43.322	1.29461	1.29465			6
2025.03.28	01:08:45.167	1.29462	1.29466			6
2025.03.28	01:08:45.480	1.29461	1.29465			6
2025.03.28	01:08:51.942	1.29462	1.29466			6
2025.03.28	01:08:54.095	1.29464	1.29468			6
2025.03.28	01:08:59.942	1.29462	1.29466			6
2025.03.28	01:09:00.247	1.29462				2
2025.03.28	01:09:00.554		1.29465			4
2025.03.28	01:09:00.856	1.29455	1.29459			6
2025.03.28	01:09:01.162		1.29460			4
2025.03.28	01:09:02.098	1.29456	1.29461			6
2025.03.28	01:09:05.496		1.29460			4
2025.03.28	01:09:26.480	1.29457				2
2025.03.28	01:09:30.800	1.29456				2
2025.03.28	01:09:44.354	1.29457				2
2025.03.28	01:09:45.284	1.29456				2
2025.03.28	01:10:00.075	1.29456				2
2025.03.28	01:10:05.624	1.29454	1.29459			6
2025.03.28	01:10:06.857	1.29455	1.29460			6
2025.03.28	01:10:45.331		1.29459			4
2025.03.28	01:11:00.052	1.29455				2
2025.03.28	01:11:19.114	1.29452	1.29456			6
2025.03.28	01:11:20.346		1.29457			4
2025.03.28	01:11:21.276	1.29453	1.29458			6
2025.03.28	01:11:28.673	1.29452	1.29457			6
2025.03.28	01:11:36.061	1.29453	1.29458			6
2025.03.28	01:11:52.384	1.29452	1.29457			6
2025.03.28	01:11:53.927	1.29453	1.29458			6
2025.03.28	01:11:57.314	1.29452	1.29457			6
2025.03.28	01:11:59.776	1.29450	1.29455			6
2025.03.28	01:12:00.083	1.29450				2
2025.03.28	01:12:01.015	1.29451	1.29456			6
2025.03.28	01:12:29.317	1.29452	1.29457			6
2025.03.28	01:12:34.857	1.29450	1.29455			6
2025.03.28	01:12:35.167	1.29451	1.29456			6
2025.03.28	01:12:35.473	1.29450	1.29455			6
2025.03.28	01:12:35.785	1.29451	1.29456			6
2025.03.28	01:13:00.108	1.29450	1.29454			6
2025.03.28	01:13:01.341		1.29455			4
2025.03.28	01:13:05.353	1.29451	1.29456			6
2025.03.28	01:13:19.210	1.29450	1.29454			6
2025.03.28	01:13:20.132		1.29455			4
2025.03.28	01:13:22.290	1.29451	1.29456			6
2025.03.28	01:13:34.290	1.29449	1.29454			6
2025.03.28	01:13:36.758	1.29448	1.29450			6
2025.03.28	01:13:37.063	1.29444	1.29449			6
2025.03.28	01:13:37.371	1.29449	1.29454			6
2025.03.28	01:13:37.680	1.29452	1.29457			6
2025.03.28	01:13:40.157	1.29451	1.29456			6
2025.03.28	01:13:40.770	1.29452	1.29457			6
2025.03.28	01:13:41.080	1.29451	1.29456			6
2025.03.28	01:13:52.153	1.29453	1.29457			6
2025.03.28	01:13:53.388	1.29452				2
2025.03.28	01:14:00.164	1.29452				2
2025.03.28	01:14:01.709	1.29453				2
2025.03.28	01:14:02.016	1.29444	1.29449			6
2025.03.28	01:14:17.426	1.29443	1.29448			6
2025.03.28	01:14:27.276	1.29444	1.29449			6
2025.03.28	01:14:27.584	1.29445	1.29450			6
2025.03.28	01:14:44.226	1.29443	1.29448			6
2025.03.28	01:14:44.533	1.29444	1.29449			6
2025.03.28	01:14:46.379	1.29443	1.29448			6
2025.03.28	01:14:47.306	1.29444	1.29449			6
2025.03.28	01:15:00.241	1.29444				2
2025.03.28	01:15:01.787	1.29443	1.29448			6
2025.03.28	01:15:02.406	1.29444				2
2025.03.28	01:15:02.712	1.29443				2
2025.03.28	01:15:03.332	1.29444				2
2025.03.28	01:15:04.253		1.29449			4
2025.03.28	01:15:23.659	1.29447	1.29452			6
2025.03.28	01:15:23.964		1.29451			4
2025.03.28	01:15:39.668	1.29444	1.29449			6
2025.03.28	01:16:00.252	1.29444				2
2025.03.28	01:16:03.328	1.29445				2
2025.03.28	01:16:05.165	1.29443	1.29448			6
2025.03.28	01:16:06.089	1.29444	1.29449			6
2025.03.28	01:16:06.392	1.29443	1.29448			6
2025.03.28	01:16:06.705	1.29444				2
2025.03.28	01:16:07.005	1.29443				2
2025.03.28	01:16:25.159		1.29447			4
2025.03.28	01:16:39.334		1.29448			4
2025.03.28	01:16:39.643		1.29447			4
2025.03.28	01:16:42.728		1.29448			4
2025.03.28	01:16:45.495	1.29442	1.29444			6
2025.03.28	01:16:45.806		1.29446			4
2025.03.28	01:16:46.426		1.29447			4
2025.03.28	01:16:48.577	1.29443				2
2025.03.28	01:16:48.882	1.29442				2
2025.03.28	01:16:51.652	1.29443				2
2025.03.28	01:16:51.963	1.29442				2
2025.03.28	01:17:00.280	1.29442				2
2025.03.28	01:17:07.063	1.29443	1.29448			6
2025.03.28	01:17:08.297		1.29447			4
2025.03.28	01:17:10.144		1.29448			4
2025.03.28	01:17:10.457		1.29447			4
2025.03.28	01:17:12.304		1.29448			4
2025.03.28	01:17:13.231		1.29447			4
2025.03.28	01:17:16.614	1.29442				2
2025.03.28	01:17:26.345		1.29446			4
2025.03.28	01:17:26.660	1.29441	1.29445			6
2025.03.28	01:17:31.278	1.29440				2
2025.03.28	01:17:41.447	1.29439	1.29444			6
2025.03.28	01:17:51.309	1.29437	1.29438			6
2025.03.28	01:17:51.610	1.29434	1.29437			6
2025.03.28	01:17:52.233	1.29438	1.29443			6
2025.03.28	01:17:52.545	1.29437	1.29442			6
2025.03.28	01:18:00.245	1.29437				2
2025.03.28	01:18:00.547	1.29439	1.29443			6
2025.03.28	01:18:00.851	1.29442	1.29446			6
2025.03.28	01:18:01.175	1.29441				2
2025.03.28	01:18:03.638	1.29442				2
2025.03.28	01:18:03.950	1.29441				2
2025.03.28	01:18:05.497	1.29440				2
2025.03.28	01:18:06.719	1.29442				2
2025.03.28	01:18:07.027	1.29440				2
2025.03.28	01:18:07.335	1.29441				2
2025.03.28	01:18:08.874	1.29442				2
2025.03.28	01:18:09.176	1.29441				2
2025.03.28	01:18:21.818	1.29442	1.29447			6
2025.03.28	01:18:22.438	1.29441	1.29446			6
2025.03.28	01:18:23.359	1.29440	1.29445			6
2025.03.28	01:18:24.898	1.29441				2
2025.03.28	01:18:25.206	1.29440				2
2025.03.28	01:18:27.983	1.29441				2
2025.03.28	01:18:28.286		1.29446			4
2025.03.28	01:18:32.612	1.29440	1.29445			6
2025.03.28	01:18:35.379	1.29441				2
2025.03.28	01:18:35.687	1.29440				2
2025.03.28	01:18:38.460	1.29441				2
2025.03.28	01:18:38.767	1.29440				2
2025.03.28	01:18:57.269	1.29442				2
2025.03.28	01:18:57.578	1.29440				2
2025.03.28	01:18:59.121	1.29445	1.29449			6
2025.03.28	01:18:59.426	1.29444				2
2025.03.28	01:19:00.045	1.29444				2
2025.03.28	01:19:00.652		1.29448			4
2025.03.28	01:19:02.199		1.29449			4
2025.03.28	01:19:02.510	1.29443	1.29448			6
2025.03.28	01:19:25.657	1.29440	1.29445			6
2025.03.28	01:19:27.205	1.29442				2
2025.03.28	01:19:27.513	1.29440				2
2025.03.28	01:19:29.367	1.29441				2
2025.03.28	01:19:29.671	1.29440				2
2025.03.28	01:19:46.022	1.29442				2
2025.03.28	01:19:46.331	1.29440				2
2025.03.28	01:19:51.264	1.29441				2
2025.03.28	01:19:51.570	1.29440				2
2025.03.28	01:19:52.189	1.29441	1.29446			6
2025.03.28	01:19:52.804	1.29440	1.29445			6
2025.03.28	01:19:53.115	1.29441	1.29446			6
2025.03.28	01:19:55.281	1.29442	1.29447			6
2025.03.28	01:20:00.219	1.29443	1.29448			6
2025.03.28	01:20:02.381	1.29441	1.29446			6
2025.03.28	01:20:03.617	1.29440	1.29445			6
2025.03.28	01:20:04.852	1.29439	1.29443			6
2025.03.28	01:20:06.388		1.29444			4
2025.03.28	01:20:07.930		1.29443			4
2025.03.28	01:20:09.780	1.29444	1.29445			6
2025.03.28	01:20:10.087	1.29445	1.29448			6
2025.03.28	01:20:10.708	1.29444				2
2025.03.28	01:20:16.241	1.29441	1.29446			6
2025.03.28	01:20:17.168	1.29442				2
2025.03.28	01:20:25.181		1.29447			4
2025.03.28	01:20:28.556	1.29443				2
2025.03.28	01:20:44.283	1.29442				2
2025.03.28	01:20:47.985	1.29443				2
2025.03.28	01:20:55.075		1.29448			4
2025.03.28	01:21:00.016	1.29443				2
2025.03.28	01:21:02.170	1.29442	1.29447			6
2025.03.28	01:21:03.715	1.29443	1.29448			6
2025.03.28	01:21:07.113	1.29442	1.29447			6
2025.03.28	01:21:10.506	1.29443	1.29448			6
2025.03.28	01:21:29.914	1.29447	1.29452			6
2025.03.28	01:21:35.464	1.29448	1.29453			6
2025.03.28	01:21:44.700	1.29447	1.29452			6
2025.03.28	01:21:47.473	1.29448	1.29453			6
2025.03.28	01:22:00.117	1.29448				2
2025.03.28	01:22:00.432	1.29447	1.29452			6
2025.03.28	01:22:00.736	1.29448	1.29453			6
2025.03.28	01:22:01.346	1.29447	1.29452			6
2025.03.28	01:22:03.516	1.29448	1.29453			6
2025.03.28	01:22:04.742	1.29447	1.29452			6
2025.03.28	01:22:05.061	1.29448	1.29453			6
2025.03.28	01:22:13.382	1.29447	1.29452			6
2025.03.28	01:22:13.689	1.29448	1.29453			6
2025.03.28	01:22:14.305	1.29447	1.29452			6
2025.03.28	01:22:14.924	1.29452	1.29453			6
2025.03.28	01:22:15.232	1.29454	1.29455			6
2025.03.28	01:22:15.542	1.29448	1.29452			6
2025.03.28	01:22:16.780	1.29447				2
2025.03.28	01:22:23.578		1.29451			4
2025.03.28	01:22:23.892		1.29452			4
2025.03.28	01:22:25.120	1.29446	1.29451			6
2025.03.28	01:22:26.661	1.29447	1.29452			6
2025.03.28	01:22:29.745	1.29446	1.29451			6
2025.03.28	01:22:33.139	1.29448	1.29453			6
2025.03.28	01:22:34.059	1.29447	1.29452			6
2025.03.28	01:22:34.991	1.29448	1.29453			6
2025.03.28	01:22:44.245	1.29447	1.29452			6
2025.03.28	01:22:47.958	1.29448	1.29453			6
2025.03.28	01:22:56.900	1.29447	1.29452			6
2025.03.28	01:22:57.823	1.29446	1.29451			6
2025.03.28	01:22:58.129	1.29447	1.29452			6
2025.03.28	01:23:00.284	1.29448	1.29453			6
2025.03.28	01:23:00.587	1.29447	1.29452			6
2025.03.28	01:23:01.815	1.29448	1.29453			6
2025.03.28	01:23:03.351	1.29447	1.29452			6
2025.03.28	01:23:06.732	1.29448	1.29453			6
2025.03.28	01:23:08.272	1.29447	1.29452			6
2025.03.28	01:23:08.580	1.29448	1.29453			6
2025.03.28	01:23:08.881	1.29447	1.29452			6
2025.03.28	01:23:09.188	1.29448	1.29453			6
2025.03.28	01:23:10.418	1.29447	1.29452			6
2025.03.28	01:23:11.650	1.29448	1.29453			6
2025.03.28	01:23:13.185	1.29447	1.29452			6
2025.03.28	01:23:15.330	1.29448	1.29453			6
2025.03.28	01:23:28.530	1.29449				2
2025.03.28	01:23:28.835	1.29453	1.29458			6
2025.03.28	01:23:29.141	1.29452	1.29457			6
2025.03.28	01:23:30.985	1.29453	1.29458			6
2025.03.28	01:23:40.540	1.29452	1.29457			6
2025.03.28	01:23:41.167	1.29453	1.29458			6
2025.03.28	01:23:54.130		1.29457			4
2025.03.28	01:23:59.055	1.29452				2
2025.03.28	01:23:59.669	1.29453				2
2025.03.28	01:24:00.287	1.29453				2
2025.03.28	01:24:05.544	1.29452				2
2025.03.28	01:24:06.162	1.29453				2
2025.03.28	01:24:18.179	1.29452				2
2025.03.28	01:24:22.496	1.29451	1.29456			6
2025.03.28	01:24:37.605	1.29452	1.29457			6
2025.03.28	01:24:39.770	1.29451	1.29456			6
2025.03.28	01:24:41.303	1.29452	1.29457			6
2025.03.28	01:24:47.152	1.29451	1.29456			6
2025.03.28	01:24:47.465	1.29452	1.29457			6
2025.03.28	01:25:00.089	1.29452				2
2025.03.28	01:25:02.559	1.29450	1.29455			6
2025.03.28	01:25:03.793	1.29449	1.29454			6
2025.03.28	01:25:07.173	1.29451	1.29456			6
2025.03.28	01:25:09.020	1.29452	1.29457			6
2025.03.28	01:25:11.483	1.29451	1.29456			6
2025.03.28	01:25:11.795	1.29450	1.29455			6
2025.03.28	01:25:13.028	1.29451	1.29456			6
2025.03.28	01:25:13.335	1.29452	1.29457			6
2025.03.28	01:25:17.642	1.29448	1.29453			6
2025.03.28	01:25:17.954	1.29451	1.29456			6
2025.03.28	01:25:18.257	1.29450				2
2025.03.28	01:25:20.426	1.29448	1.29454			6
2025.03.28	01:25:22.272		1.29453			4
2025.03.28	01:25:22.888	1.29449	1.29455			6
2025.03.28	01:25:23.508	1.29450	1.29456			6
2025.03.28	01:25:24.741	1.29449	1.29455			6
2025.03.28	01:25:25.349	1.29450	1.29456			6
2025.03.28	01:25:30.910	1.29448	1.29453			6
2025.03.28	01:25:47.554		1.29452			4
2025.03.28	01:25:47.859	1.29451	1.29453			6
2025.03.28	01:25:48.165	1.29448	1.29452			6
2025.03.28	01:25:48.475	1.29451	1.29453			6
2025.03.28	01:25:48.792	1.29448	1.29452			6
2025.03.28	01:25:49.093	1.29451	1.29453			6
2025.03.28	01:25:49.405	1.29448	1.29452			6
2025.03.28	01:25:49.709	1.29451	1.29453			6
2025.03.28	01:25:50.020	1.29448	1.29452			6
2025.03.28	01:25:50.325	1.29451	1.29453			6
2025.03.28	01:25:50.632	1.29448	1.29452			6
2025.03.28	01:25:50.941	1.29451	1.29453			6
2025.03.28	01:25:51.249	1.29448				2
2025.03.28	01:26:00.187	1.29448				2
2025.03.28	01:26:00.500	1.29449	1.29454			6
2025.03.28	01:26:05.423	1.29448	1.29453			6
2025.03.28	01:26:07.274	1.29449				2
2025.03.28	01:26:24.220	1.29448				2
2025.03.28	01:26:32.558	1.29449				2
2025.03.28	01:26:34.097		1.29454			4
2025.03.28	01:26:39.324	1.29448	1.29453			6
2025.03.28	01:26:52.866	1.29449				2
2025.03.28	01:26:54.100		1.29454			4
2025.03.28	01:27:00.270	1.29449				2
2025.03.28	01:27:04.270		1.29453			4
2025.03.28	01:27:07.044	1.29448				2
2025.03.28	01:27:10.750	1.29449	1.29454			6
2025.03.28	01:27:11.052	1.29452	1.29457			6
2025.03.28	01:27:11.372	1.29450	1.29455			6
2025.03.28	01:27:12.908	1.29451				2
2025.03.28	01:27:13.216	1.29450				2
2025.03.28	01:27:19.072	1.29453	1.29457			6
2025.03.28	01:27:24.317		1.29456			4
2025.03.28	01:27:24.627		1.29457			4
2025.03.28	01:27:31.409		1.29456			4
2025.03.28	01:27:44.341		1.29458			4
2025.03.28	01:27:44.646	1.29454	1.29457			6
2025.03.28	01:27:45.872	1.29453				2
2025.03.28	01:27:46.801	1.29455	1.29458			6
2025.03.28	01:27:47.419	1.29454	1.29457			6
2025.03.28	01:27:47.729	1.29455				2
2025.03.28	01:27:48.035	1.29454				2
2025.03.28	01:27:49.265	1.29453				2
2025.03.28	01:27:58.191		1.29458			4
2025.03.28	01:27:59.730		1.29457			4
2025.03.28	01:28:00.036	1.29453				2
2025.03.28	01:28:01.882	1.29452				2
2025.03.28	01:28:06.816	1.29453				2
2025.03.28	01:28:34.991		1.29456			4
2025.03.28	01:28:40.798	1.29452				2
2025.03.28	01:28:52.454	1.29451				2
2025.03.28	01:29:00.160	1.29451				2
2025.03.28	01:29:08.482	1.29452				2
2025.03.28	01:29:35.273		1.29456			4
2025.03.28	01:29:37.737	1.29451	1.29455			6
2025.03.28	01:30:00.231	1.29451				2
2025.03.28	01:30:07.651	1.29452	1.29456			6
2025.03.28	01:30:08.269	1.29453	1.29457			6
2025.03.28	01:30:09.509	1.29452	1.29456			6
2025.03.28	01:30:50.528	1.29453	1.29457			6
2025.03.28	01:31:00.096	1.29453				2
2025.03.28	01:31:12.120	1.29452	1.29455			6
2025.03.28	01:31:13.360		1.29456			4
2025.03.28	01:31:14.579		1.29455			4
2025.03.28	01:31:17.357		1.29456			4
2025.03.28	01:31:17.665		1.29455			4
2025.03.28	01:31:20.439		1.29456			4
2025.03.28	01:31:20.743		1.29455			4
2025.03.28	01:31:22.589		1.29456			4
2025.03.28	01:31:25.383		1.29455			4
2025.03.28	01:31:37.392	1.29451				2
2025.03.28	01:31:38.009	1.29452	1.29456			6
2025.03.28	01:31:38.312	1.29453	1.29457			6
2025.03.28	01:31:51.260		1.29456			4
2025.03.28	01:31:53.121	1.29452				2
2025.03.28	01:32:00.217	1.29452				2
2025.03.28	01:32:06.700		1.29457			4
2025.03.28	01:32:11.765	1.29453				2
2025.03.28	01:32:26.576	1.29454				2
2025.03.28	01:32:38.292	1.29453				2
2025.03.28	01:32:38.605	1.29454				2
2025.03.28	01:32:39.219	1.29453				2
2025.03.28	01:32:54.021	1.29460	1.29461			6
2025.03.28	01:32:54.951	1.29461	1.29463			6
2025.03.28	01:32:55.257		1.29464			4
2025.03.28	01:32:57.104	1.29459				2
2025.03.28	01:32:58.025	1.29462	1.29466			6
2025.03.28	01:32:59.260	1.29461	1.29462			6
2025.03.28	01:32:59.570	1.29462	1.29466			6
2025.03.28	01:32:59.882	1.29461	1.29462			6
2025.03.28	01:33:00.189	1.29462	1.29466			6
2025.03.28	01:33:00.493	1.29461	1.29462			6
2025.03.28	01:33:00.807	1.29462	1.29466			6
2025.03.28	01:33:01.115	1.29461	1.29462			6
2025.03.28	01:33:01.419	1.29462	1.29466			6
2025.03.28	01:33:01.727	1.29461	1.29462			6
2025.03.28	01:33:02.040	1.29462	1.29466			6
2025.03.28	01:33:02.350	1.29461	1.29462			6
2025.03.28	01:33:02.653	1.29462	1.29466			6
2025.03.28	01:33:02.959	1.29461				2
2025.03.28	01:33:07.276	1.29462				2
2025.03.28	01:33:19.311	1.29463				2
2025.03.28	01:34:00.281	1.29463				2
2025.03.28	01:34:02.738		1.29466			4
2025.03.28	01:34:07.648		1.29467			4
2025.03.28	01:34:14.093		1.29466			4
2025.03.28	01:34:28.521		1.29467			4
2025.03.28	01:34:28.839		1.29466			4
2025.03.28	01:34:29.148		1.29467			4
2025.03.28	01:34:38.704		1.29468			4
2025.03.28	01:34:59.080		1.29467			4
2025.03.28	01:34:59.381		1.29468			4
2025.03.28	01:34:59.694	1.29465	1.29469			6
2025.03.28	01:35:00.004	1.29465				2
2025.03.28	01:35:00.619		1.29468			4
2025.03.28	01:35:01.236	1.29466				2
2025.03.28	01:35:01.850		1.29469			4
2025.03.28	01:35:02.159		1.29468			4
2025.03.28	01:35:05.541	1.29465				2
2025.03.28	01:35:06.164		1.29469			4
2025.03.28	01:35:11.100		1.29468			4
2025.03.28	01:35:15.120	1.29466	1.29470			6
2025.03.28	01:35:15.430	1.29467				2
2025.03.28	01:35:15.739	1.29466				2
2025.03.28	01:35:19.743		1.29471			4
2025.03.28	01:35:20.358	1.29467				2
2025.03.28	01:35:30.853	1.29468	1.29473			6
2025.03.28	01:35:38.860	1.29470				2
2025.03.28	01:35:39.475		1.29475			4
2025.03.28	01:36:00.036	1.29470				2
2025.03.28	01:36:01.268		1.29474			4
2025.03.28	01:36:03.110	1.29469	1.29473			6
2025.03.28	01:36:03.418	1.29470				2
2025.03.28	01:36:03.722		1.29474			4
2025.03.28	01:36:05.875	1.29468	1.29469			6
2025.03.28	01:36:06.184		1.29470			4
2025.03.28	01:36:09.271		1.29469			4
2025.03.28	01:36:12.043	1.29466	1.29468			6
2025.03.28	01:36:12.350	1.29465				2
2025.03.28	01:36:13.278	1.29464				2
2025.03.28	01:36:14.196	1.29465				2
2025.03.28	01:36:33.320		1.29466			4
2025.03.28	01:36:33.937	1.29464				2
2025.03.28	01:36:35.789	1.29463				2
2025.03.28	01:36:56.995	1.29468	1.29469			6
2025.03.28	01:37:00.066	1.29468				2
2025.03.28	01:37:03.460	1.29466				2
2025.03.28	01:37:05.308	1.29464				2
2025.03.28	01:37:05.921	1.29463	1.29467			6
2025.03.28	01:37:08.080	1.29464	1.29470			6
2025.03.28	01:37:09.937	1.29463	1.29467			6
2025.03.28	01:37:10.240	1.29462				2
2025.03.28	01:37:21.347	1.29461				2
2025.03.28	01:37:38.608	1.29462				2
2025.03.28	01:37:41.066	1.29461				2
2025.03.28	01:37:46.278	1.29462	1.29468			6
2025.03.28	01:37:50.267	1.29463				2
2025.03.28	01:37:57.330		1.29467			4
2025.03.28	01:38:00.094	1.29463				2
2025.03.28	01:38:16.131		1.29465			4
2025.03.28	01:38:17.681		1.29466			4
2025.03.28	01:38:18.609		1.29465			4
2025.03.28	01:38:18.919		1.29466			4
2025.03.28	01:38:20.459	1.29462				2
2025.03.28	01:38:33.405	1.29465	1.29469			6
2025.03.28	01:38:34.332	1.29464				2
2025.03.28	01:38:35.265	1.29465				2
2025.03.28	01:38:38.665		1.29470			4
2025.03.28	01:38:42.986	1.29466	1.29471			6
2025.03.28	01:38:51.013	1.29467				2
2025.03.28	01:39:00.288	1.29467				2
2025.03.28	01:39:36.407	1.29466				2
2025.03.28	01:39:43.215		1.29471			4
2025.03.28	01:40:00.159	1.29466				2
2025.03.28	01:40:14.344		1.29470			4
2025.03.28	01:40:46.656		1.29469			4
2025.03.28	01:40:46.967		1.29470			4
2025.03.28	01:40:47.889		1.29469			4
2025.03.28	01:40:48.195		1.29470			4
2025.03.28	01:40:49.737		1.29469			4
2025.03.28	01:40:50.044		1.29470			4
2025.03.28	01:40:51.277		1.29469			4
2025.03.28	01:40:51.893		1.29470			4
2025.03.28	01:40:54.971		1.29469			4
2025.03.28	01:40:55.278		1.29470			4
2025.03.28	01:40:58.362		1.29469			4
2025.03.28	01:40:58.669		1.29470			4
2025.03.28	01:40:58.975		1.29469			4
2025.03.28	01:40:59.278		1.29470			4
2025.03.28	01:41:00.200	1.29466				2
2025.03.28	01:41:01.121		1.29469			4
2025.03.28	01:41:01.433		1.29470			4
2025.03.28	01:41:09.140	1.29465	1.29469			6
2025.03.28	01:41:10.374	1.29466	1.29470			6
2025.03.28	01:41:11.921	1.29465	1.29469			6
2025.03.28	01:41:12.231	1.29466	1.29470			6
2025.03.28	01:41:15.627	1.29465	1.29469			6
2025.03.28	01:41:19.322	1.29466	1.29470			6
2025.03.28	01:41:28.865	1.29465	1.29469			6
2025.03.28	01:41:29.181	1.29466	1.29470			6
2025.03.28	01:41:42.438	1.29465	1.29469			6
2025.03.28	01:41:45.524	1.29464	1.29468			6
2025.03.28	01:42:00.033	1.29464				2
2025.03.28	01:42:00.338	1.29465	1.29469			6
2025.03.28	01:42:01.884	1.29466	1.29470			6
2025.03.28	01:42:03.121		1.29471			4
2025.03.28	01:42:06.216	1.29467	1.29472			6
2025.03.28	01:42:09.612	1.29470	1.29474			6
2025.03.28	01:42:09.919	1.29471				2
2025.03.28	01:42:11.152	1.29470				2
2025.03.28	01:42:17.640	1.29469				2
2025.03.28	01:42:23.490	1.29470				2
2025.03.28	01:42:24.108	1.29469				2
2025.03.28	01:42:27.799	1.29470				2
2025.03.28	01:42:32.122	1.29467	1.29470			6
2025.03.28	01:42:40.460	1.29466				2
2025.03.28	01:42:43.848	1.29467				2
2025.03.28	01:42:47.238	1.29469	1.29475			6
2025.03.28	01:42:47.547		1.29474			4
2025.03.28	01:42:47.850	1.29470	1.29475			6
2025.03.28	01:42:48.474	1.29469	1.29474			6
2025.03.28	01:42:58.959		1.29475			4
2025.03.28	01:43:00.195	1.29469				2
2025.03.28	01:43:03.275		1.29474			4
2025.03.28	01:43:03.587		1.29475			4
2025.03.28	01:43:11.604		1.29474			4
2025.03.28	01:43:12.207		1.29475			4
2025.03.28	01:43:16.517		1.29474			4
2025.03.28	01:43:16.826		1.29475			4
2025.03.28	01:43:20.223	1.29470				2
2025.03.28	01:43:25.177	1.29471				2
2025.03.28	01:43:58.469	1.29472				2
2025.03.28	01:43:58.775		1.29474			4
2025.03.28	01:43:59.082		1.29475			4
2025.03.28	01:44:00.008	1.29472				2
2025.03.28	01:44:59.330		1.29475			4
2025.03.28	01:45:00.256	1.29472				2
2025.03.28	01:45:59.437		1.29475			4
2025.03.28	01:46:00.056	1.29472				2
2025.03.28	01:46:01.305	1.29468	1.29472			6
2025.03.28	01:46:02.224	1.29470	1.29475			6
2025.03.28	01:46:45.578	1.29469				2
2025.03.28	01:46:46.508	1.29470				2
2025.03.28	01:46:59.203	1.29471				2
2025.03.28	01:47:00.122	1.29471				2
2025.03.28	01:47:02.275		1.29475			4
2025.03.28	01:47:24.450	1.29472	1.29476			6
2025.03.28	01:47:24.756	1.29473				2
2025.03.28	01:47:25.069	1.29471				2
2025.03.28	01:47:25.992		1.29475			4
2025.03.28	01:47:38.939	1.29472				2
2025.03.28	01:47:57.727		1.29476			4
2025.03.28	01:47:58.036		1.29475			4
2025.03.28	01:47:58.343		1.29476			4
2025.03.28	01:47:59.886		1.29475			4
2025.03.28	01:48:00.193	1.29472				2
2025.03.28	01:48:06.037	1.29471				2
2025.03.28	01:48:06.346	1.29470				2
2025.03.28	01:48:11.286	1.29471				2
2025.03.28	01:48:16.523		1.29476			4
2025.03.28	01:48:16.832		1.29475			4
2025.03.28	01:48:19.602		1.29476			4
2025.03.28	01:48:19.914		1.29475			4
2025.03.28	01:49:00.006	1.29471				2
2025.03.28	01:49:20.061		1.29475			4
2025.03.28	01:49:31.473	1.29474				2
2025.03.28	01:49:31.775	1.29471				2
2025.03.28	01:49:32.704	1.29470	1.29474			6
2025.03.28	01:49:41.956	1.29471	1.29475			6
2025.03.28	01:49:45.650	1.29468	1.29472			6
2025.03.28	01:49:46.270	1.29471	1.29475			6
2025.03.28	01:49:57.391		1.29476			4
2025.03.28	01:50:00.167	1.29471				2
2025.03.28	01:50:01.405		1.29475			4
2025.03.28	01:50:42.725	1.29472	1.29476			6
2025.03.28	01:50:43.339	1.29471	1.29475			6
2025.03.28	01:50:45.173	1.29472	1.29476			6
2025.03.28	01:50:49.808	1.29471	1.29472			6
2025.03.28	01:50:50.118	1.29472	1.29476			6
2025.03.28	01:50:51.047	1.29471	1.29472			6
2025.03.28	01:50:51.357	1.29472	1.29476			6
2025.03.28	01:50:52.289	1.29471	1.29472			6
2025.03.28	01:50:52.602	1.29472	1.29476			6
2025.03.28	01:50:52.907	1.29471	1.29472			6
2025.03.28	01:50:53.521	1.29472	1.29476			6
2025.03.28	01:50:58.464	1.29471	1.29475			6
2025.03.28	01:50:58.772	1.29472	1.29476			6
2025.03.28	01:50:59.081	1.29471	1.29475			6
2025.03.28	01:51:00.011	1.29471				2
2025.03.28	01:51:08.963	1.29472	1.29476			6
2025.03.28	01:51:14.206	1.29471	1.29475			6
2025.03.28	01:51:20.369	1.29472	1.29476			6
2025.03.28	01:51:21.297		1.29477			4
2025.03.28	01:51:21.601	1.29471	1.29476			6
2025.03.28	01:51:22.221		1.29475			4
2025.03.28	01:51:22.830	1.29472	1.29476			6
2025.03.28	01:51:23.143		1.29477			4
2025.03.28	01:51:33.322	1.29473				2
2025.03.28	01:51:33.628		1.29478			4
2025.03.28	01:51:33.938		1.29477			4
2025.03.28	01:51:34.869	1.29472				2
2025.03.28	01:52:00.183	1.29472				2
2025.03.28	01:52:21.460	1.29473	1.29478			6
2025.03.28	01:52:23.314	1.29472	1.29477			6
2025.03.28	01:52:27.639	1.29473	1.29478			6
2025.03.28	01:52:30.410	1.29472	1.29477			6
2025.03.28	01:52:35.953	1.29473	1.29478			6
2025.03.28	01:52:36.886		1.29477			4
2025.03.28	01:52:37.806	1.29472				2
2025.03.28	01:52:39.650	1.29473	1.29478			6
2025.03.28	01:52:39.966		1.29477			4
2025.03.28	01:52:42.429	1.29472				2
2025.03.28	01:52:54.140	1.29473				2
2025.03.28	01:52:56.606	1.29472				2
2025.03.28	01:52:58.138	1.29473				2
2025.03.28	01:52:58.440	1.29472				2
2025.03.28	01:53:00.282	1.29472				2
2025.03.28	01:53:25.141	1.29471	1.29476			6
2025.03.28	01:53:25.445	1.29472	1.29477			6
2025.03.28	01:53:26.059	1.29471	1.29476			6
2025.03.28	01:53:26.367		1.29475			4
2025.03.28	01:53:26.674		1.29476			4
2025.03.28	01:53:30.651	1.29472	1.29477			6
2025.03.28	01:53:40.207		1.29476			4
2025.03.28	01:53:40.519		1.29477			4
2025.03.28	01:53:57.778		1.29476			4
2025.03.28	01:53:58.084		1.29477			4
2025.03.28	01:53:58.401		1.29476			4
2025.03.28	01:53:58.708		1.29477			4
2025.03.28	01:54:00.255	1.29472				2
2025.03.28	01:54:01.184		1.29476			4
2025.03.28	01:54:01.483		1.29477			4
2025.03.28	01:54:04.577		1.29475			4
2025.03.28	01:54:04.887		1.29477			4
2025.03.28	01:54:05.504		1.29476			4
2025.03.28	01:54:05.808		1.29477			4
2025.03.28	01:54:08.902		1.29476			4
2025.03.28	01:54:09.207		1.29477			4
2025.03.28	01:54:11.368		1.29476			4
2025.03.28	01:54:12.296		1.29477			4
2025.03.28	01:54:13.529	1.29471	1.29476			6
2025.03.28	01:54:13.837	1.29472	1.29477			6
2025.03.28	01:54:18.156		1.29476			4
2025.03.28	01:54:19.384		1.29477			4
2025.03.28	01:54:29.586	1.29476	1.29480			6
2025.03.28	01:54:30.202	1.29474	1.29476			6
2025.03.28	01:54:30.505	1.29473	1.29477			6
2025.03.28	01:54:31.439	1.29471				2
2025.03.28	01:54:34.828	1.29472				2
2025.03.28	01:54:39.766		1.29478			4
2025.03.28	01:54:40.369		1.29477			4
2025.03.28	01:54:41.290		1.29478			4
2025.03.28	01:54:41.906	1.29471	1.29477			6
2025.03.28	01:54:42.214	1.29472				2
2025.03.28	01:54:45.296		1.29478			4
2025.03.28	01:54:50.558		1.29477			4
2025.03.28	01:54:55.187		1.29478			4
2025.03.28	01:54:58.597	1.29471	1.29477			6
2025.03.28	01:55:00.145	1.29471				2
2025.03.28	01:55:03.539	1.29472	1.29478			6
2025.03.28	01:55:03.851	1.29471	1.29477			6
2025.03.28	01:55:06.920		1.29473			4
2025.03.28	01:55:07.540		1.29477			4
2025.03.28	01:55:14.024	1.29470	1.29476			6
2025.03.28	01:55:46.114	1.29471				2
2025.03.28	01:55:47.031	1.29470				2
2025.03.28	01:55:51.362	1.29465	1.29471			6
2025.03.28	01:55:52.594		1.29472			4
2025.03.28	01:55:53.828		1.29471			4
2025.03.28	01:55:55.054	1.29464				2
2025.03.28	01:55:58.137		1.29470			4
2025.03.28	01:55:58.445		1.29471			4
2025.03.28	01:56:00.305	1.29464				2
2025.03.28	01:56:06.774	1.29465				2
2025.03.28	01:56:07.393	1.29464				2
2025.03.28	01:56:07.703	1.29463	1.29470			6
2025.03.28	01:56:08.322	1.29464	1.29471			6
2025.03.28	01:56:10.475	1.29465	1.29472			6
2025.03.28	01:56:12.326	1.29464	1.29471			6
2025.03.28	01:56:12.635		1.29470			4
2025.03.28	01:56:12.944		1.29471			4
2025.03.28	01:56:27.155		1.29470			4
2025.03.28	01:56:27.460		1.29471			4
2025.03.28	01:56:30.853	1.29465				2
2025.03.28	01:56:31.160	1.29464				2
2025.03.28	01:56:33.316		1.29470			4
2025.03.28	01:56:33.943	1.29465	1.29471			6
2025.03.28	01:56:34.245	1.29464	1.29470			6
2025.03.28	01:56:34.553	1.29465	1.29471			6
2025.03.28	01:56:46.897	1.29464	1.29470			6
2025.03.28	01:56:50.903	1.29465	1.29471			6
2025.03.28	01:57:00.164	1.29465				2
2025.03.28	01:57:04.184	1.29466	1.29472			6
2025.03.28	01:57:04.488	1.29465	1.29471			6
2025.03.28	01:57:05.106	1.29464	1.29470			6
2025.03.28	01:57:05.412	1.29465	1.29471			6
2025.03.28	01:57:05.723	1.29464	1.29470			6
2025.03.28	01:57:06.954	1.29465	1.29471			6
2025.03.28	01:57:14.338	1.29464	1.29470			6
2025.03.28	01:57:15.573	1.29465	1.29471			6
2025.03.28	01:57:15.889	1.29464	1.29470			6
2025.03.28	01:57:18.980	1.29465	1.29471			6
2025.03.28	01:57:21.133	1.29466				2
2025.03.28	01:57:22.982	1.29465	1.29470			6
2025.03.28	01:57:23.292	1.29466	1.29471			6
2025.03.28	01:57:24.524	1.29465	1.29470			6
2025.03.28	01:57:25.141	1.29464				2
2025.03.28	01:57:30.403	1.29465				2
2025.03.28	01:57:58.113	1.29470	1.29471			6
2025.03.28	01:57:59.042	1.29465	1.29470			6
2025.03.28	01:57:59.344	1.29470	1.29471			6
2025.03.28	01:58:00.263	1.29465	1.29470			6
2025.03.28	01:58:00.568	1.29470	1.29471			6
2025.03.28	01:58:00.878	1.29465	1.29470			6
2025.03.28	01:58:01.183	1.29470	1.29471			6
2025.03.28	01:58:01.797	1.29465	1.29470			6
2025.03.28	01:58:10.701		1.29468			4
2025.03.28	01:58:11.008	1.29458	1.29461			6
2025.03.28	01:58:11.310	1.29454	1.29459			6
2025.03.28	01:58:11.936	1.29455				2
2025.03.28	01:58:16.251	1.29454				2
2025.03.28	01:58:17.164	1.29451	1.29456			6
2025.03.28	01:58:40.611	1.29450				2
2025.03.28	01:58:40.919	1.29451				2
2025.03.28	01:58:41.235	1.29450				2
2025.03.28	01:58:41.535		1.29457			4
2025.03.28	01:58:52.008	1.29452	1.29458			6
2025.03.28	01:58:58.510	1.29453				2
2025.03.28	01:58:58.818	1.29452				2
2025.03.28	01:59:00.050	1.29453				2
2025.03.28	01:59:01.907	1.29452				2
2025.03.28	01:59:02.215	1.29453				2
2025.03.28	01:59:03.137		1.29459			4
2025.03.28	01:59:05.917	1.29454				2
2025.03.28	01:59:09.626	1.29453				2
2025.03.28	01:59:10.865	1.29454				2
2025.03.28	01:59:11.177	1.29455	1.29461			6
2025.03.28	01:59:11.801	1.29456				2
2025.03.28	01:59:16.436	1.29455				2
2025.03.28	01:59:35.589	1.29456				2
2025.03.28	01:59:35.903	1.29455				2
2025.03.28	01:59:38.680	1.29456				2
2025.03.28	01:59:38.986	1.29455				2
2025.03.28	01:59:39.293	1.29456				2
2025.03.28	01:59:39.603	1.29455				2
2025.03.28	02:00:00.000	1.29455				2
2025.03.28	02:00:00.309	1.29456				2
2025.03.28	02:00:00.920	1.29457				2
2025.03.28	02:00:01.227	1.29456				2
2025.03.28	02:00:01.539	1.29457				2
2025.03.28	02:00:02.470	1.29456				2
2025.03.28	02:00:04.316	1.29455				2
2025.03.28	02:00:05.554	1.29456				2
2025.03.28	02:00:06.481	1.29457				2
2025.03.28	02:00:07.099	1.29456				2
2025.03.28	02:00:07.408	1.29457				2
2025.03.28	02:00:07.715	1.29456				2
2025.03.28	02:00:08.645	1.29457				2
2025.03.28	02:00:10.501	1.29456				2
2025.03.28	02:00:11.429	1.29457	1.29461			6
2025.03.28	02:00:12.975	1.29456				2
2025.03.28	02:00:13.592	1.29457				2
2025.03.28	02:00:15.757	1.29456				2
2025.03.28	02:00:16.371	1.29457				2
2025.03.28	02:00:24.395		1.29462			4
2025.03.28	02:00:25.316	1.29456	1.29461			6
2025.03.28	02:00:25.628	1.29457	1.29462			6
2025.03.28	02:00:45.365		1.29461			4
2025.03.28	02:00:45.672	1.29458	1.29462			6
2025.03.28	02:00:46.281	1.29459				2
2025.03.28	02:00:49.990	1.29458				2
2025.03.28	02:00:50.292	1.29457				2
2025.03.28	02:00:50.913	1.29458				2
2025.03.28	02:00:53.078	1.29459				2
2025.03.28	02:00:54.003	1.29458				2
2025.03.28	02:00:56.476	1.29457				2
2025.03.28	02:00:58.332	1.29458				2
2025.03.28	02:01:00.187	1.29458				2
2025.03.28	02:01:04.204	1.29459				2
2025.03.28	02:01:05.749	1.29460	1.29464			6
2025.03.28	02:01:07.282	1.29459				2
2025.03.28	02:01:11.289	1.29458				2
2025.03.28	02:01:13.147	1.29459				2
2025.03.28	02:01:18.387	1.29461				2
2025.03.28	02:01:19.311	1.29460				2
2025.03.28	02:01:21.779	1.29459				2
2025.03.28	02:01:22.395	1.29460				2
2025.03.28	02:01:22.703	1.29461				2
2025.03.28	02:01:23.013	1.29460				2
2025.03.28	02:01:25.163	1.29461				2
2025.03.28	02:01:25.464	1.29462				2
2025.03.28	02:01:25.777	1.29461				2
2025.03.28	02:01:26.393	1.29460				2
2025.03.28	02:01:30.075	1.29459				2
2025.03.28	02:01:30.380	1.29460				2
2025.03.28	02:01:32.224	1.29461				2
2025.03.28	02:01:44.231	1.29460				2
2025.03.28	02:01:50.088	1.29461				2
2025.03.28	02:01:54.106	1.29460				2
2025.03.28	02:01:55.030	1.29461				2
2025.03.28	02:01:57.197	1.29460				2
2025.03.28	02:01:57.502	1.29461				2
2025.03.28	02:01:59.664	1.29459				2
2025.03.28	02:01:59.972	1.29460				2
2025.03.28	02:02:00.285	1.29460				2
2025.03.28	02:02:00.592		1.29463			4
2025.03.28	02:02:09.848	1.29457	1.29460			6
2025.03.28	02:02:11.375		1.29461			4
2025.03.28	02:02:12.316	1.29460	1.29464			6
2025.03.28	02:02:17.256		1.29465			4
2025.03.28	02:02:22.829	1.29464	1.29467			6
2025.03.28	02:02:23.136		1.29468			4
2025.03.28	02:02:27.155	1.29463	1.29470			6
2025.03.28	02:02:28.695	1.29464	1.29471			6
2025.03.28	02:02:29.007	1.29465	1.29472			6
2025.03.28	02:02:29.630		1.29470			4
2025.03.28	02:02:51.340	1.29464				2
2025.03.28	02:02:52.262	1.29465				2
2025.03.28	02:02:58.442	1.29464	1.29468			6
2025.03.28	02:03:00.294	1.29464				2
2025.03.28	02:03:01.848	1.29463				2
2025.03.28	02:03:02.148	1.29462				2
2025.03.28	02:03:03.077	1.29463				2
2025.03.28	02:03:04.004	1.29462	1.29466			6
2025.03.28	02:03:04.311	1.29461				2
2025.03.28	02:03:09.874		1.29467			4
2025.03.28	02:03:11.729		1.29466			4
2025.03.28	02:03:15.124	1.29459	1.29465			6
2025.03.28	02:03:20.057	1.29456	1.29460			6
2025.03.28	02:03:20.985	1.29458	1.29461			6
2025.03.28	02:03:21.595		1.29463			4
2025.03.28	02:03:24.056	1.29457				2
2025.03.28	02:03:26.531	1.29459				2
2025.03.28	02:03:26.833	1.29460	1.29464			6
2025.03.28	02:03:34.877	1.29459				2
2025.03.28	02:03:35.493	1.29458				2
2025.03.28	02:03:40.747	1.29460				2
2025.03.28	02:03:42.288		1.29466			4
2025.03.28	02:03:44.141	1.29459	1.29464			6
2025.03.28	02:03:56.512	1.29458	1.29463			6
2025.03.28	02:03:56.819	1.29459	1.29464			6
2025.03.28	02:03:57.440	1.29458				2
2025.03.28	02:03:57.746		1.29463			4
2025.03.28	02:03:58.676		1.29462			4
2025.03.28	02:03:58.981		1.29463			4
2025.03.28	02:03:59.285		1.29462			4
2025.03.28	02:04:00.213	1.29458				2
2025.03.28	02:04:01.149	1.29454	1.29459			6
2025.03.28	02:04:02.069		1.29458			4
2025.03.28	02:04:03.610	1.29468	1.29473			6
2025.03.28	02:04:03.914		1.29474			4
2025.03.28	02:04:11.310	1.29467	1.29469			6
2025.03.28	02:04:11.613	1.29465				2
2025.03.28	02:04:12.233	1.29464				2
2025.03.28	02:04:12.551	1.29463				2
2025.03.28	02:04:13.486		1.29468			4
2025.03.28	02:04:15.024		1.29469			4
2025.03.28	02:04:23.708		1.29468			4
2025.03.28	02:04:29.597		1.29469			4
2025.03.28	02:04:31.468		1.29468			4
2025.03.28	02:04:33.009		1.29469			4
2025.03.28	02:04:44.119		1.29467			4
2025.03.28	02:04:46.909		1.29469			4
2025.03.28	02:04:55.871		1.29470			4
2025.03.28	02:04:58.340		1.29469			4
2025.03.28	02:05:00.193	1.29463				2
2025.03.28	02:05:05.420		1.29468			4
2025.03.28	02:05:07.565		1.29469			4
2025.03.28	02:05:32.135	1.29464				2
2025.03.28	02:05:45.383	1.29465				2
2025.03.28	02:05:57.339	1.29464				2
2025.03.28	02:05:58.552	1.29465				2
2025.03.28	02:05:59.156	1.29468	1.29472			6
2025.03.28	02:05:59.460	1.29469	1.29473			6
2025.03.28	02:06:00.077	1.29469				2
2025.03.28	02:06:00.385		1.29474			4
2025.03.28	02:06:01.614	1.29470				2
2025.03.28	02:06:02.850		1.29473			4
2025.03.28	02:06:03.172	1.29467				2
2025.03.28	02:06:05.027		1.29471			4
2025.03.28	02:06:06.258		1.29472			4
2025.03.28	02:06:06.562	1.29466				2
2025.03.28	02:06:09.331	1.29467				2
2025.03.28	02:06:14.273	1.29468				2
2025.03.28	02:06:14.579		1.29473			4
2025.03.28	02:06:17.345		1.29472			4
2025.03.28	02:06:19.195	1.29467				2
2025.03.28	02:06:20.433	1.29468				2
2025.03.28	02:06:21.975	1.29467				2
2025.03.28	02:06:29.384	1.29468				2
2025.03.28	02:06:32.490		1.29473			4
2025.03.28	02:06:40.501		1.29472			4
2025.03.28	02:06:52.414	1.29467	1.29471			6
2025.03.28	02:06:58.562	1.29468	1.29472			6
2025.03.28	02:06:58.871	1.29467	1.29471			6
2025.03.28	02:06:59.173	1.29466	1.29469			6
2025.03.28	02:06:59.485	1.29465				2
2025.03.28	02:07:00.085	1.29465				2
2025.03.28	02:07:01.315	1.29464	1.29468			6
2025.03.28	02:07:12.618	1.29465	1.29469			6
2025.03.28	02:07:12.923		1.29468			4
2025.03.28	02:07:13.226		1.29469			4
2025.03.28	02:07:14.445	1.29464	1.29468			6
2025.03.28	02:07:15.669	1.29465	1.29469			6
2025.03.28	02:07:18.448	1.29464	1.29468			6
2025.03.28	02:07:18.752	1.29469	1.29473			6
2025.03.28	02:07:19.065	1.29468	1.29472			6
2025.03.28	02:07:27.078	1.29467				2
2025.03.28	02:07:27.381	1.29468				2
2025.03.28	02:07:31.090	1.29467				2
2025.03.28	02:07:31.391	1.29465	1.29470			6
2025.03.28	02:07:31.692		1.29469			4
2025.03.28	02:07:39.713	1.29464				2
2025.03.28	02:07:42.796	1.29465				2
2025.03.28	02:07:43.104	1.29464				2
2025.03.28	02:07:49.279		1.29468			4
2025.03.28	02:07:53.000	1.29465	1.29469			6
2025.03.28	02:07:55.787	1.29464	1.29468			6
2025.03.28	02:08:00.118	1.29464				2
2025.03.28	02:08:00.427	1.29467	1.29471			6
2025.03.28	02:08:00.737	1.29468				2
2025.03.28	02:08:01.667		1.29472			4
2025.03.28	02:08:01.968	1.29469	1.29474			6
2025.03.28	02:08:10.319	1.29470				2
2025.03.28	02:08:10.936	1.29469				2
2025.03.28	02:08:14.021		1.29473			4
2025.03.28	02:08:15.871	1.29471				2
2025.03.28	02:08:16.183	1.29470				2
2025.03.28	02:08:19.286	1.29472	1.29474			6
2025.03.28	02:08:19.588	1.29471				2
2025.03.28	02:08:19.909	1.29470				2
2025.03.28	02:08:21.752		1.29473			4
2025.03.28	02:08:22.061	1.29469				2
2025.03.28	02:08:50.490		1.29472			4
2025.03.28	02:08:51.419		1.29473			4
2025.03.28	02:08:55.768	1.29465	1.29469			6
2025.03.28	02:08:57.941	1.29464	1.29467			6
2025.03.28	02:09:00.105	1.29464	1.29468			6
2025.03.28	02:09:00.413	1.29465				2
2025.03.28	02:09:02.886	1.29469	1.29472			6
2025.03.28	02:09:03.509	1.29468				2
2025.03.28	02:09:04.128	1.29467				2
2025.03.28	02:09:05.364	1.29468				2
2025.03.28	02:09:09.695	1.29467				2
2025.03.28	02:09:12.768	1.29468	1.29473			6
2025.03.28	02:09:17.387	1.29469				2
2025.03.28	02:09:27.862		1.29474			4
2025.03.28	02:09:45.152		1.29473			4
2025.03.28	02:10:00.001	1.29469				2
2025.03.28	02:10:17.543	1.29470	1.29474			6
2025.03.28	02:10:21.559	1.29469	1.29473			6
2025.03.28	02:10:41.663	1.29468	1.29472			6
2025.03.28	02:10:46.311	1.29469				2
2025.03.28	02:11:00.043	1.29469				2
2025.03.28	02:11:02.484	1.29470	1.29473			6
2025.03.28	02:11:03.092		1.29472			4
2025.03.28	02:11:07.682		1.29473			4
2025.03.28	02:11:18.356	1.29473	1.29476			6
2025.03.28	02:11:18.658	1.29474	1.29477			6
2025.03.28	02:11:19.275	1.29473				2
2025.03.28	02:11:19.599	1.29474	1.29478			6
2025.03.28	02:11:21.769	1.29475				2
2025.03.28	02:11:23.001	1.29474				2
2025.03.28	02:11:23.617	1.29475	1.29479			6
2025.03.28	02:11:27.007	1.29474	1.29478			6
2025.03.28	02:11:27.314	1.29475	1.29479			6
2025.03.28	02:11:39.339	1.29476				2
2025.03.28	02:11:40.574	1.29474	1.29478			6
2025.03.28	02:11:41.188		1.29477			4
2025.03.28	02:11:43.041		1.29478			4
2025.03.28	02:11:43.346		1.29477			4
2025.03.28	02:11:49.828		1.29478			4
2025.03.28	02:11:50.142		1.29477			4
2025.03.28	02:11:50.757		1.29478			4
2025.03.28	02:11:57.543	1.29473	1.29476			6
2025.03.28	02:11:58.165		1.29477			4
2025.03.28	02:11:59.397	1.29471	1.29474			6
2025.03.28	02:11:59.707		1.29473			4
2025.03.28	02:12:00.015	1.29471				2
2025.03.28	02:12:00.324		1.29475			4
2025.03.28	02:12:00.632	1.29470				2
2025.03.28	02:12:01.562		1.29474			4
2025.03.28	02:12:05.892		1.29475			4
2025.03.28	02:12:14.847		1.29474			4
2025.03.28	02:12:15.777		1.29475			4
2025.03.28	02:12:16.392		1.29474			4
2025.03.28	02:12:20.087		1.29475			4
2025.03.28	02:12:23.180	1.29471	1.29476			6
2025.03.28	02:12:23.487		1.29475			4
2025.03.28	02:12:28.724		1.29474			4
2025.03.28	02:12:29.032		1.29475			4
2025.03.28	02:12:54.024	1.29470	1.29474			6
2025.03.28	02:13:00.203	1.29470				2
2025.03.28	02:13:07.605	1.29471	1.29475			6
2025.03.28	02:13:08.215	1.29470	1.29474			6
2025.03.28	02:13:14.388	1.29473	1.29477			6
2025.03.28	02:13:15.008	1.29474	1.29478			6
2025.03.28	02:13:15.316	1.29473				2
2025.03.28	02:13:16.549	1.29474				2
2025.03.28	02:13:25.824	1.29473	1.29477			6
2025.03.28	02:13:26.133	1.29474	1.29478			6
2025.03.28	02:13:35.706	1.29473	1.29477			6
2025.03.28	02:13:36.017	1.29474	1.29478			6
2025.03.28	02:13:38.485	1.29473	1.29477			6
2025.03.28	02:13:42.182	1.29474	1.29478			6
2025.03.28	02:13:44.653	1.29473	1.29477			6
2025.03.28	02:13:44.963	1.29471	1.29474			6
2025.03.28	02:13:45.893		1.29475			4
2025.03.28	02:13:46.196		1.29476			4
2025.03.28	02:13:46.816		1.29475			4
2025.03.28	02:13:48.676		1.29476			4
2025.03.28	02:13:50.221		1.29475			4
2025.03.28	02:13:50.845		1.29476			4
2025.03.28	02:13:52.689	1.29472	1.29477			6
2025.03.28	02:13:53.623	1.29473	1.29478			6
2025.03.28	02:13:54.241	1.29472				2
2025.03.28	02:13:59.179	1.29473				2
2025.03.28	02:13:59.483	1.29472	1.29477			6
2025.03.28	02:13:59.796	1.29473	1.29478			6
2025.03.28	02:14:00.107	1.29472				2
2025.03.28	02:14:00.716		1.29477			4
2025.03.28	02:14:05.965	1.29473	1.29478			6
2025.03.28	02:14:08.742	1.29472	1.29477			6
2025.03.28	02:14:24.181		1.29476			4
2025.03.28	02:14:25.420		1.29477			4
2025.03.28	02:14:27.262	1.29473	1.29478			6
2025.03.28	02:14:28.812	1.29472	1.29477			6
2025.03.28	02:14:29.121	1.29473	1.29478			6
2025.03.28	02:14:32.217		1.29477			4
2025.03.28	02:14:39.006	1.29472	1.29476			6
2025.03.28	02:14:40.549	1.29473	1.29477			6
2025.03.28	02:14:40.859	1.29472	1.29476			6
2025.03.28	02:14:41.477	1.29473	1.29477			6
2025.03.28	02:14:55.358	1.29472	1.29476			6
2025.03.28	02:14:57.826	1.29474	1.29478			6
2025.03.28	02:15:00.306	1.29474				2
2025.03.28	02:15:07.089	1.29475	1.29479			6
2025.03.28	02:15:12.032	1.29474	1.29478			6
2025.03.28	02:15:13.575	1.29475	1.29479			6
2025.03.28	02:15:15.116	1.29473	1.29477			6
2025.03.28	02:15:16.348	1.29474	1.29478			6
2025.03.28	02:15:18.204	1.29475	1.29479			6
2025.03.28	02:15:24.984	1.29474	1.29478			6
2025.03.28	02:15:48.443	1.29473	1.29477			6
2025.03.28	02:15:48.755	1.29474	1.29478			6
2025.03.28	02:15:50.295	1.29475				2
2025.03.28	02:15:58.822	1.29476	1.29479			6
2025.03.28	02:15:59.123	1.29475	1.29478			6
2025.03.28	02:16:00.042	1.29475				2
2025.03.28	02:16:00.347	1.29474				2
2025.03.28	02:16:01.284	1.29475				2
2025.03.28	02:16:05.266	1.29476	1.29479			6
2025.03.28	02:16:06.183	1.29475				2
2025.03.28	02:16:07.104	1.29473	1.29477			6
2025.03.28	02:16:09.873	1.29474	1.29478			6
2025.03.28	02:16:10.189	1.29473	1.29477			6
2025.03.28	02:16:10.496	1.29474	1.29478			6
2025.03.28	02:16:10.803		1.29477			4
2025.03.28	02:16:11.111	1.29476	1.29478			6
2025.03.28	02:16:12.036	1.29474	1.29477			6
2025.03.28	02:16:12.348	1.29476	1.29478			6
2025.03.28	02:16:12.655	1.29474	1.29477			6
2025.03.28	02:16:12.966	1.29476	1.29478			6
2025.03.28	02:16:13.284	1.29474	1.29477			6
2025.03.28	02:16:13.588	1.29476	1.29478			6
2025.03.28	02:16:13.894	1.29474	1.29477			6
2025.03.28	02:16:14.212	1.29476	1.29478			6
2025.03.28	02:16:14.519	1.29474				2
2025.03.28	02:16:21.630	1.29473	1.29477			6
2025.03.28	02:16:33.930	1.29475	1.29479			6
2025.03.28	02:16:34.238	1.29474	1.29478			6
2025.03.28	02:16:46.510	1.29475	1.29479			6
2025.03.28	02:16:54.805	1.29474	1.29478			6
2025.03.28	02:16:56.654	1.29475	1.29479			6
2025.03.28	02:16:57.886	1.29474	1.29478			6
2025.03.28	02:17:00.039	1.29474				2
2025.03.28	02:17:01.274	1.29475				2
2025.03.28	02:17:32.557	1.29476	1.29479			6
2025.03.28	02:17:41.184	1.29475	1.29478			6
2025.03.28	02:17:42.116	1.29476	1.29479			6
2025.03.28	02:17:43.055	1.29475	1.29478			6
2025.03.28	02:17:43.366	1.29476	1.29479			6
2025.03.28	02:17:43.671	1.29475	1.29478			6
2025.03.28	02:17:44.602	1.29476	1.29479			6
2025.03.28	02:17:45.829	1.29475	1.29478			6
2025.03.28	02:17:46.755	1.29476	1.29479			6
2025.03.28	02:18:00.001	1.29476				2
2025.03.28	02:18:19.569	1.29475	1.29478			6
2025.03.28	02:18:20.503	1.29476	1.29479			6
2025.03.28	02:18:32.214	1.29480	1.29482			6
2025.03.28	02:18:32.527	1.29478				2
2025.03.28	02:18:51.318	1.29475	1.29479			6
2025.03.28	02:18:52.240	1.29476				2
2025.03.28	02:18:52.549	1.29477	1.29480			6
2025.03.28	02:18:53.168	1.29476				2
2025.03.28	02:18:53.477	1.29475				2
2025.03.28	02:18:54.402	1.29474				2
2025.03.28	02:18:57.174	1.29475				2
2025.03.28	02:19:00.267	1.29475				2
2025.03.28	02:19:17.225		1.29479			4
2025.03.28	02:19:19.999	1.29476	1.29480			6
2025.03.28	02:19:21.235	1.29475	1.29479			6
2025.03.28	02:19:41.857	1.29474	1.29478			6
2025.03.28	02:19:45.239	1.29475	1.29479			6
2025.03.28	02:19:49.240	1.29474	1.29478			6
2025.03.28	02:19:56.321	1.29475	1.29479			6
2025.03.28	02:20:00.017	1.29475				2
2025.03.28	02:20:11.162	1.29476				2
2025.03.28	02:20:56.350		1.29479			4
2025.03.28	02:21:00.055	1.29476				2
2025.03.28	02:21:06.214		1.29478			4
2025.03.28	02:21:11.796		1.29479			4
2025.03.28	02:21:28.824	1.29475	1.29478			6
2025.03.28	02:21:40.230	1.29476	1.29479			6
2025.03.28	02:22:00.282	1.29476				2
2025.03.28	02:22:02.744	1.29475	1.29478			6
2025.03.28	02:22:03.051	1.29471	1.29474			6
2025.03.28	02:22:04.273		1.29476			4
2025.03.28	02:22:15.137	1.29470				2
2025.03.28	02:22:15.442		1.29475			4
2025.03.28	02:22:16.370		1.29476			4
2025.03.28	02:22:16.684		1.29475			4
2025.03.28	02:22:19.161		1.29476			4
2025.03.28	02:22:24.131	1.29471				2
2025.03.28	02:22:31.564		1.29475			4
2025.03.28	02:22:42.013	1.29470				2
2025.03.28	02:22:55.290		1.29474			4
2025.03.28	02:23:00.217	1.29470				2
2025.03.28	02:23:07.904	1.29471				2
2025.03.28	02:23:13.453		1.29473			4
2025.03.28	02:23:14.685	1.29473	1.29474			6
2025.03.28	02:23:15.002	1.29471	1.29473			6
2025.03.28	02:23:15.617	1.29473	1.29474			6
2025.03.28	02:23:17.158	1.29471				2
2025.03.28	02:23:40.701	1.29465	1.29469			6
2025.03.28	02:23:41.323	1.29464	1.29470			6
2025.03.28	02:23:51.870	1.29465				2
2025.03.28	02:24:00.200	1.29465				2
2025.03.28	02:24:10.712	1.29464				2
2025.03.28	02:24:11.634	1.29465				2
2025.03.28	02:24:28.318	1.29466				2
2025.03.28	02:24:41.600		1.29470			4
2025.03.28	02:24:49.339	1.29467	1.29472			6
2025.03.28	02:24:49.646	1.29468	1.29473			6
2025.03.28	02:24:50.284	1.29467				2
2025.03.28	02:24:50.591	1.29468				2
2025.03.28	02:24:55.244	1.29469				2
2025.03.28	02:24:58.329		1.29474			4
2025.03.28	02:25:00.198	1.29469				2
2025.03.28	02:25:16.265		1.29473			4
2025.03.28	02:25:57.216	1.29470				2
2025.03.28	02:26:00.282	1.29470				2
2025.03.28	02:26:11.560	1.29471	1.29474			6
2025.03.28	02:26:12.774	1.29470	1.29473			6
2025.03.28	02:26:14.916	1.29471	1.29474			6
2025.03.28	02:26:16.148	1.29470	1.29473			6
2025.03.28	02:26:18.289	1.29471	1.29474			6
2025.03.28	02:26:21.948	1.29470	1.29473			6
2025.03.28	02:26:46.671	1.29466	1.29469			6
2025.03.28	02:26:47.289	1.29465	1.29470			6
2025.03.28	02:26:48.832		1.29469			4
2025.03.28	02:26:50.065		1.29470			4
2025.03.28	02:26:59.316	1.29464	1.29469			6
2025.03.28	02:27:00.249	1.29464				2
2025.03.28	02:27:01.166		1.29470			4
2025.03.28	02:27:03.020		1.29469			4
2025.03.28	02:27:03.931	1.29462	1.29468			6
2025.03.28	02:27:05.474	1.29463				2
2025.03.28	02:27:12.859	1.29466	1.29471			6
2025.03.28	02:27:13.168	1.29468	1.29473			6
2025.03.28	02:27:13.471	1.29469	1.29474			6
2025.03.28	02:27:14.093		1.29475			4
2025.03.28	02:27:20.285	1.29472	1.29476			6
2025.03.28	02:27:20.590		1.29477			4
2025.03.28	02:27:35.112		1.29476			4
2025.03.28	02:28:00.202	1.29472				2
2025.03.28	02:28:07.275		1.29475			4
2025.03.28	02:28:14.372	1.29471				2
2025.03.28	02:28:14.679	1.29465	1.29470			6
2025.03.28	02:28:16.221	1.29464				2
2025.03.28	02:28:17.764	1.29468	1.29473			6
2025.03.28	02:28:20.233	1.29471	1.29476			6
2025.03.28	02:28:20.535		1.29477			4
2025.03.28	02:28:20.846	1.29472				2
2025.03.28	02:29:00.281	1.29472				2
2025.03.28	02:29:10.142		1.29476			4
2025.03.28	02:29:11.073		1.29475			4
2025.03.28	02:29:16.298		1.29474			4
2025.03.28	02:29:26.459		1.29475			4
2025.03.28	02:29:27.691	1.29471	1.29474			6
2025.03.28	02:29:48.031	1.29472	1.29476			6
2025.03.28	02:29:49.262	1.29471				2
2025.03.28	02:29:50.188		1.29475			4
2025.03.28	02:29:51.113		1.29476			4
2025.03.28	02:29:51.425		1.29475			4
2025.03.28	02:29:56.336		1.29474			4
2025.03.28	02:29:56.653	1.29472	1.29476			6
2025.03.28	02:30:00.038	1.29472	1.29477			6
2025.03.28	02:30:02.507	1.29473	1.29478			6
2025.03.28	02:30:04.048	1.29470	1.29476			6
2025.03.28	02:30:04.354		1.29475			4
2025.03.28	02:30:06.200	1.29462	1.29468			6
2025.03.28	02:30:07.122		1.29467			4
2025.03.28	02:30:07.740		1.29468			4
2025.03.28	02:30:08.047	1.29463				2
2025.03.28	02:30:08.665	1.29462				2
2025.03.28	02:30:08.966	1.29463				2
2025.03.28	02:30:09.280	1.29462				2
2025.03.28	02:30:09.589	1.29463				2
2025.03.28	02:30:12.348		1.29469			4
2025.03.28	02:30:12.652	1.29464	1.29468			6
2025.03.28	02:30:12.964	1.29463				2
2025.03.28	02:30:14.508		1.29469			4
2025.03.28	02:30:15.741	1.29464				2
2025.03.28	02:30:16.049	1.29469	1.29474			6
2025.03.28	02:30:16.356	1.29468				2
2025.03.28	02:30:17.280	1.29466	1.29471			6
2025.03.28	02:30:17.589	1.29468	1.29473			6
2025.03.28	02:30:17.898	1.29467				2
2025.03.28	02:30:18.821		1.29472			4
2025.03.28	02:30:24.059	1.29465	1.29471			6
2025.03.28	02:30:25.604	1.29468	1.29473			6
2025.03.28	02:30:26.828		1.29474			4
2025.03.28	02:30:27.450		1.29473			4
2025.03.28	02:30:28.064	1.29471	1.29475			6
2025.03.28	02:30:29.607	1.29470				2
2025.03.28	02:30:30.220	1.29471				2
2025.03.28	02:30:30.528	1.29470				2
2025.03.28	02:30:30.833	1.29471				2
2025.03.28	02:30:32.061	1.29470				2
2025.03.28	02:30:32.373	1.29469				2
2025.03.28	02:30:32.998	1.29470	1.29474			6
2025.03.28	02:30:33.307	1.29469				2
2025.03.28	02:30:37.312		1.29475			4
2025.03.28	02:30:38.238	1.29467	1.29473			6
2025.03.28	02:30:41.942	1.29469	1.29475			6
2025.03.28	02:30:44.100	1.29470	1.29476			6
2025.03.28	02:30:45.330	1.29472				2
2025.03.28	02:30:49.633	1.29471				2
2025.03.28	02:30:51.188	1.29473	1.29477			6
2025.03.28	02:30:51.495		1.29478			4
2025.03.28	02:30:51.802	1.29472	1.29477			6
2025.03.28	02:30:55.187	1.29473				2
2025.03.28	02:30:55.492	1.29472				2
2025.03.28	02:30:57.027	1.29471				2
2025.03.28	02:31:00.113	1.29471				2
2025.03.28	02:31:00.421	1.29470	1.29476			6
2025.03.28	02:31:00.729	1.29471				2
2025.03.28	02:31:02.267	1.29470				2
2025.03.28	02:31:05.346	1.29471				2
2025.03.28	02:31:06.270	1.29470				2
2025.03.28	02:31:07.203	1.29473	1.29478			6
2025.03.28	02:31:18.270	1.29474				2
2025.03.28	02:31:20.734	1.29475				2
2025.03.28	02:31:21.350	1.29474				2
2025.03.28	02:31:21.659	1.29475				2
2025.03.28	02:31:22.273	1.29474				2
2025.03.28	02:31:23.196	1.29473				2
2025.03.28	02:31:24.737	1.29474				2
2025.03.28	02:31:26.588	1.29473				2
2025.03.28	02:31:27.206	1.29474				2
2025.03.28	02:31:27.822	1.29473				2
2025.03.28	02:31:29.056	1.29474				2
2025.03.28	02:31:29.365	1.29472	1.29477			6
2025.03.28	02:31:29.979	1.29471	1.29476			6
2025.03.28	02:31:30.906	1.29473	1.29478			6
2025.03.28	02:31:37.675	1.29474				2
2025.03.28	02:31:54.995	1.29480	1.29484			6
2025.03.28	02:31:55.305	1.29482	1.29486			6
2025.03.28	02:32:00.233	1.29482				2
2025.03.28	02:32:09.768	1.29483				2
2025.03.28	02:32:10.697	1.29482				2
2025.03.28	02:32:15.318	1.29483	1.29487			6
2025.03.28	02:32:31.346	1.29482	1.29486			6
2025.03.28	02:32:36.577	1.29483	1.29487			6
2025.03.28	02:32:38.733	1.29485	1.29489			6
2025.03.28	02:32:41.199	1.29486				2
2025.03.28	02:32:41.507	1.29490	1.29494			6
2025.03.28	02:33:00.278	1.29490				2
2025.03.28	02:33:08.271	1.29488	1.29492			6
2025.03.28	02:33:11.669		1.29491			4
2025.03.28	02:33:13.207		1.29492			4
2025.03.28	02:33:18.134	1.29489	1.29493			6
2025.03.28	02:33:33.466	1.29490	1.29494			6
2025.03.28	02:33:44.743	1.29491				2
2025.03.28	02:33:46.267	1.29492				2
2025.03.28	02:33:48.425		1.29496			4
2025.03.28	02:34:00.081	1.29492				2
2025.03.28	02:34:00.381		1.29495			4
2025.03.28	02:34:00.686		1.29496			4
2025.03.28	02:34:00.991		1.29495			4
2025.03.28	02:34:02.528	1.29486	1.29489			6
2025.03.28	02:34:02.841		1.29488			4
2025.03.28	02:34:03.143		1.29490			4
2025.03.28	02:34:05.304		1.29489			4
2025.03.28	02:34:12.397	1.29484	1.29488			6
2025.03.28	02:34:30.020	1.29485				2
2025.03.28	02:34:32.166	1.29484				2
2025.03.28	02:34:33.986		1.29487			4
2025.03.28	02:34:37.074	1.29483				2
2025.03.28	02:34:48.799		1.29484			4
2025.03.28	02:34:50.031	1.29482				2
2025.03.28	02:34:58.361	1.29481				2
2025.03.28	02:35:00.216	1.29481				2
2025.03.28	02:35:00.520		1.29483			4
2025.03.28	02:35:06.987	1.29477	1.29479			6
2025.03.28	02:35:07.294	1.29476				2
2025.03.28	02:35:07.919		1.29478			4
2025.03.28	02:35:08.228	1.29475				2
2025.03.28	02:35:08.849	1.29478	1.29481			6
2025.03.28	02:35:10.081	1.29477				2
2025.03.28	02:35:11.619		1.29479			4
2025.03.28	02:35:12.544	1.29476	1.29480			6
2025.03.28	02:35:15.009		1.29479			4
2025.03.28	02:35:16.857	1.29477	1.29480			6
2025.03.28	02:35:17.167	1.29478	1.29481			6
2025.03.28	02:35:17.482	1.29479				2
2025.03.28	02:35:18.405	1.29478				2
2025.03.28	02:35:23.954	1.29479				2
2025.03.28	02:35:26.104		1.29482			4
2025.03.28	02:35:28.258	1.29480				2
2025.03.28	02:35:31.343	1.29478	1.29481			6
2025.03.28	02:35:31.649	1.29479				2
2025.03.28	02:35:31.956	1.29480				2
2025.03.28	02:35:32.573	1.29478	1.29480			6
2025.03.28	02:35:33.190	1.29477				2
2025.03.28	02:35:33.505		1.29481			4
2025.03.28	02:35:34.117	1.29478				2
2025.03.28	02:35:34.423	1.29481	1.29483			6
2025.03.28	02:35:34.730	1.29482				2
2025.03.28	02:35:35.358	1.29481				2
2025.03.28	02:35:41.507	1.29480				2
2025.03.28	02:35:43.058	1.29481				2
2025.03.28	02:35:44.909	1.29480				2
2025.03.28	02:35:45.213		1.29482			4
2025.03.28	02:35:53.522	1.29481	1.29485			6
2025.03.28	02:35:54.444	1.29482				2
2025.03.28	02:35:58.763	1.29483				2
2025.03.28	02:36:00.002	1.29483				2
2025.03.28	02:36:00.305	1.29484				2
2025.03.28	02:36:03.075	1.29482	1.29484			6
2025.03.28	02:36:03.387	1.29481				2
2025.03.28	02:36:04.304	1.29480				2
2025.03.28	02:36:05.229	1.29481				2
2025.03.28	02:36:08.932	1.29482	1.29485			6
2025.03.28	02:36:09.240	1.29483				2
2025.03.28	02:36:45.372	1.29481	1.29484			6
2025.03.28	02:36:57.278	1.29482				2
2025.03.28	02:37:00.018	1.29482				2
2025.03.28	02:37:04.893		1.29485			4
2025.03.28	02:37:11.029	1.29483				2
2025.03.28	02:37:11.337	1.29484				2
2025.03.28	02:37:16.229	1.29483				2
2025.03.28	02:37:16.536	1.29482	1.29484			6
2025.03.28	02:37:21.138	1.29483	1.29485			6
2025.03.28	02:37:22.349	1.29484	1.29486			6
2025.03.28	02:37:24.773	1.29485	1.29487			6
2025.03.28	02:37:25.079	1.29486				2
2025.03.28	02:37:26.313	1.29485				2
2025.03.28	02:37:34.976	1.29483				2
2025.03.28	02:37:35.280	1.29482	1.29486			6
2025.03.28	02:37:43.321		1.29485			4
2025.03.28	02:37:46.721		1.29486			4
2025.03.28	02:38:00.019	1.29482				2
2025.03.28	02:38:07.129	1.29484	1.29487			6
2025.03.28	02:38:07.432	1.29485				2
2025.03.28	02:38:07.753	1.29484				2
2025.03.28	02:38:26.300	1.29485				2
2025.03.28	02:38:35.419	1.29483	1.29486			6
2025.03.28	02:38:37.244	1.29482				2
2025.03.28	02:38:44.339	1.29483				2
2025.03.28	02:38:49.226	1.29482	1.29485			6
2025.03.28	02:38:50.148	1.29483	1.29486			6
2025.03.28	02:38:51.069	1.29482	1.29485			6
2025.03.28	02:38:51.377	1.29483	1.29486			6
2025.03.28	02:38:59.334	1.29482	1.29485			6
2025.03.28	02:39:00.259	1.29482	1.29483			6
2025.03.28	02:39:00.572	1.29481				2
2025.03.28	02:39:01.185		1.29484			4
2025.03.28	02:39:01.498	1.29483	1.29485			6
2025.03.28	02:39:15.369		1.29486			4
2025.03.28	02:39:23.074	1.29484	1.29487			6
2025.03.28	02:39:23.382	1.29485				2
2025.03.28	02:39:24.304	1.29484				2
2025.03.28	02:39:29.229	1.29485				2
2025.03.28	02:39:31.996	1.29486				2
2025.03.28	02:39:32.928	1.29485				2
2025.03.28	02:39:39.082	1.29489	1.29492			6
2025.03.28	02:39:40.318	1.29488				2
2025.03.28	02:39:45.868	1.29489				2
2025.03.28	02:39:46.790	1.29490	1.29494			6
2025.03.28	02:39:51.710	1.29491				2
2025.03.28	02:39:52.023		1.29495			4
2025.03.28	02:39:55.718	1.29492				2
2025.03.28	02:39:58.189	1.29493	1.29496			6
2025.03.28	02:40:00.038	1.29493				2
2025.03.28	02:40:06.513	1.29492				2
2025.03.28	02:40:14.210	1.29493				2
2025.03.28	02:40:14.516	1.29492				2
2025.03.28	02:40:18.211	1.29494	1.29497			6
2025.03.28	02:40:30.872	1.29503	1.29505			6
2025.03.28	02:40:31.178	1.29501	1.29504			6
2025.03.28	02:40:31.801	1.29500				2
2025.03.28	02:40:39.193	1.29499	1.29503			6
2025.03.28	02:40:42.288	1.29497	1.29501			6
2025.03.28	02:40:42.904	1.29495	1.29499			6
2025.03.28	02:40:44.443	1.29497	1.29500			6
2025.03.28	02:40:45.680	1.29496				2
2025.03.28	02:40:53.375	1.29497	1.29501			6
2025.03.28	02:40:55.534	1.29498				2
2025.03.28	02:40:56.460	1.29497				2
2025.03.28	02:40:57.077	1.29500	1.29504			6
2025.03.28	02:40:57.386	1.29501	1.29505			6
2025.03.28	02:41:00.161	1.29501				2
2025.03.28	02:41:06.018	1.29502				2
2025.03.28	02:41:37.456		1.29503			4
2025.03.28	02:41:38.072		1.29505			4
2025.03.28	02:41:38.380		1.29503			4
2025.03.28	02:41:38.689		1.29505			4
2025.03.28	02:41:39.001		1.29503			4
2025.03.28	02:41:40.552		1.29505			4
2025.03.28	02:41:54.100		1.29504			4
2025.03.28	02:41:58.410	1.29503	1.29505			6
2025.03.28	02:42:00.251	1.29503				2
2025.03.28	02:42:11.351	1.29505	1.29508			6
2025.03.28	02:42:12.275	1.29504				2
2025.03.28	02:42:18.139	1.29505				2
2025.03.28	02:42:51.280	1.29506				2
2025.03.28	02:42:56.488	1.29507	1.29509			6
2025.03.28	02:42:57.096	1.29506				2
2025.03.28	02:43:00.129	1.29506				2
2025.03.28	02:43:06.247	1.29507				2
2025.03.28	02:43:07.774	1.29506				2
2025.03.28	02:43:08.987	1.29503	1.29506			6
2025.03.28	02:43:10.201	1.29502				2
2025.03.28	02:43:13.287		1.29504			4
2025.03.28	02:43:14.831		1.29505			4
2025.03.28	02:43:35.188		1.29504			4
2025.03.28	02:43:35.803	1.29505	1.29506			6
2025.03.28	02:43:46.496	1.29506	1.29507			6
2025.03.28	02:43:49.847	1.29509	1.29510			6
2025.03.28	02:43:50.149	1.29510	1.29511			6
2025.03.28	02:44:00.288	1.29510				2
2025.03.28	02:44:02.759	1.29512	1.29513			6
2025.03.28	02:44:08.616	1.29511	1.29512			6
2025.03.28	02:44:10.771	1.29510	1.29511			6
2025.03.28	02:44:12.625	1.29509	1.29510			6
2025.03.28	02:44:12.935	1.29508	1.29509			6
2025.03.28	02:44:16.328	1.29507				2
2025.03.28	02:44:17.877		1.29508			4
2025.03.28	02:44:18.497	1.29508	1.29509			6
2025.03.28	02:44:19.120	1.29507	1.29508			6
2025.03.28	02:44:20.981	1.29508	1.29509			6
2025.03.28	02:44:24.068	1.29509	1.29510			6
2025.03.28	02:44:24.374	1.29508	1.29509			6
2025.03.28	02:44:27.462	1.29507	1.29508			6
2025.03.28	02:44:59.478	1.29503	1.29506			6
2025.03.28	02:45:00.087	1.29506	1.29507			6
2025.03.28	02:45:00.389	1.29505	1.29506			6
2025.03.28	02:45:00.995	1.29498	1.29499			6
2025.03.28	02:45:02.841	1.29499	1.29500			6
2025.03.28	02:45:03.150	1.29498	1.29499			6
2025.03.28	02:45:06.844	1.29499	1.29500			6
2025.03.28	02:45:07.155	1.29498	1.29499			6
2025.03.28	02:45:09.000	1.29497	1.29498			6
2025.03.28	02:45:15.480	1.29496				2
2025.03.28	02:45:15.781	1.29497				2
2025.03.28	02:45:17.336	1.29492				2
2025.03.28	02:45:17.947	1.29497				2
2025.03.28	02:45:19.494	1.29495	1.29496			6
2025.03.28	02:45:20.728	1.29494	1.29495			6
2025.03.28	02:45:22.578	1.29496	1.29497			6
2025.03.28	02:45:23.809	1.29492	1.29496			6
2025.03.28	02:45:24.427	1.29496	1.29497			6
2025.03.28	02:45:26.579	1.29495	1.29496			6
2025.03.28	02:45:29.977	1.29494				2
2025.03.28	02:45:31.208	1.29496	1.29497			6
2025.03.28	02:45:32.136	1.29497	1.29498			6
2025.03.28	02:45:32.438	1.29496	1.29497			6
2025.03.28	02:45:36.775	1.29495				2
2025.03.28	02:45:37.081	1.29494				2
2025.03.28	02:45:37.389	1.29496				2
2025.03.28	02:45:37.705	1.29498	1.29499			6
2025.03.28	02:45:38.009	1.29497	1.29498			6
2025.03.28	02:45:38.318	1.29498	1.29499			6
2025.03.28	02:45:38.932	1.29497	1.29498			6
2025.03.28	02:45:39.548	1.29498	1.29499			6
2025.03.28	02:45:39.855	1.29497	1.29498			6
2025.03.28	02:45:40.160	1.29498	1.29499			6
2025.03.28	02:45:41.389	1.29497	1.29498			6
2025.03.28	02:45:42.010	1.29498	1.29499			6
2025.03.28	02:45:45.092	1.29496	1.29498			6
2025.03.28	02:45:45.709	1.29498	1.29499			6
2025.03.28	02:45:50.031	1.29499	1.29500			6
2025.03.28	02:45:51.878	1.29501	1.29502			6
2025.03.28	02:46:00.192	1.29501				2
2025.03.28	02:46:01.424	1.29502	1.29503			6
2025.03.28	02:46:01.729	1.29501	1.29502			6
2025.03.28	02:46:08.752	1.29502	1.29503			6
2025.03.28	02:46:09.054	1.29501	1.29502			6
2025.03.28	02:46:14.549	1.29499	1.29500			6
2025.03.28	02:46:17.327	1.29498				2
2025.03.28	02:46:30.587	1.29497	1.29499			6
2025.03.28	02:46:31.190	1.29498				2
2025.03.28	02:46:32.101	1.29500	1.29501			6
2025.03.28	02:46:32.404	1.29501	1.29502			6
2025.03.28	02:46:38.232	1.29500	1.29501			6
2025.03.28	02:46:40.673	1.29501	1.29502			6
2025.03.28	02:46:40.974	1.29505	1.29506			6
2025.03.28	02:46:45.902	1.29506	1.29507			6
2025.03.28	02:46:47.750	1.29505	1.29506			6
2025.03.28	02:46:48.057	1.29504	1.29505			6
2025.03.28	02:47:00.085	1.29504				2
2025.03.28	02:47:04.094	1.29503				2
2025.03.28	02:47:04.406		1.29504			4
2025.03.28	02:47:33.934	1.29504	1.29505			6
2025.03.28	02:47:42.780	1.29502	1.29503			6
2025.03.28	02:47:43.084	1.29501				2
2025.03.28	02:47:43.387	1.29500				2
2025.03.28	02:47:47.069		1.29502			4
2025.03.28	02:47:47.679		1.29501			4
