<DATE>	<TIME>	<BID>	<ASK>	<LAST>	<VOLUME>	<FLAGS>
2025.11.04	00:03:31.256	1.31374	1.31464			6
2025.11.04	00:04:00.224	1.31374				2
2025.11.04	00:04:07.621	1.31330	1.31521			6
2025.11.04	00:04:08.546	1.31374	1.31464			6
2025.11.04	00:05:00.077	1.31374				2
2025.11.04	00:05:00.385	1.31364	1.31454			6
2025.11.04	00:06:00.041	1.31364				2
2025.11.04	00:06:00.650		1.31454			4
2025.11.04	00:07:00.251	1.31364				2
2025.11.04	00:07:00.870		1.31454			4
2025.11.04	00:08:00.195	1.31364				2
2025.11.04	00:08:01.124		1.31454			4
2025.11.04	00:09:00.244	1.31364				2
2025.11.04	00:09:01.173		1.31454			4
2025.11.04	00:10:00.058	1.31364				2
2025.11.04	00:10:01.299		1.31454			4
2025.11.04	00:11:00.265	1.31364				2
2025.11.04	00:11:01.496		1.31454			4
2025.11.04	00:12:00.078	1.31364				2
2025.11.04	00:12:01.627		1.31454			4
2025.11.04	00:13:00.298	1.31364				2
2025.11.04	00:13:01.834		1.31454			4
2025.11.04	00:13:45.937	1.31339	1.31499			6
2025.11.04	00:13:46.558	1.31364	1.31454			6
2025.11.04	00:14:00.147	1.31364				2
2025.11.04	00:14:46.788		1.31454			4
2025.11.04	00:15:00.131	1.31364				2
2025.11.04	00:15:46.870		1.31454			4
2025.11.04	00:16:00.148	1.31364				2
2025.11.04	00:16:47.086		1.31454			4
2025.11.04	00:17:00.043	1.31364				2
2025.11.04	00:17:47.271		1.31454			4
2025.11.04	00:18:00.250	1.31364				2
2025.11.04	00:18:47.477		1.31454			4
2025.11.04	00:19:00.146	1.31364				2
2025.11.04	00:19:08.481		1.31447			4
2025.11.04	00:20:00.027	1.31364				2
2025.11.04	00:20:00.336	1.31338				2
2025.11.04	00:20:05.295	1.31337				2
2025.11.04	00:20:06.846	1.31338				2
2025.11.04	00:20:08.698		1.31447			4
2025.11.04	00:20:13.950	1.31343				2
2025.11.04	00:20:22.934	1.31344	1.31468			6
2025.11.04	00:20:23.236	1.31343				2
2025.11.04	00:20:24.465	1.31345				2
2025.11.04	00:20:25.093		1.31473			4
2025.11.04	00:20:26.348		1.31464			4
2025.11.04	00:20:28.992	1.31363	1.31446			6
2025.11.04	00:20:38.239	1.31360	1.31445			6
2025.11.04	00:21:00.386	1.31360				2
2025.11.04	00:21:19.002	1.31348				2
2025.11.04	00:21:20.799	1.31349				2
2025.11.04	00:21:21.122	1.31346				2
2025.11.04	00:21:23.279	1.31348	1.31454			6
2025.11.04	00:21:25.131	1.31350	1.31451			6
2025.11.04	00:21:25.438	1.31374	1.31450			6
2025.11.04	00:21:25.766	1.31341	1.31445			6
2025.11.04	00:21:26.425	1.31337	1.31457			6
2025.11.04	00:21:26.737		1.31472			4
2025.11.04	00:21:33.406	1.31371	1.31446			6
2025.11.04	00:21:37.281	1.31372	1.31448			6
2025.11.04	00:21:40.413	1.31375	1.31449			6
2025.11.04	00:21:41.271	1.31377	1.31453			6
2025.11.04	00:21:42.272		1.31449			4
2025.11.04	00:21:45.215	1.31349	1.31507			6
2025.11.04	00:21:45.519	1.31342				2
2025.11.04	00:21:46.447	1.31345				2
2025.11.04	00:21:49.223	1.31379				2
2025.11.04	00:21:50.150	1.31385				2
2025.11.04	00:21:50.458	1.31383				2
2025.11.04	00:21:56.963	1.31386				2
2025.11.04	00:22:00.057	1.31386				2
2025.11.04	00:22:05.322		1.31505			4
2025.11.04	00:22:08.000	1.31344	1.31507			6
2025.11.04	00:22:25.893	1.31373	1.31458			6
2025.11.04	00:22:26.207		1.31450			4
2025.11.04	00:22:49.100	1.31375	1.31449			6
2025.11.04	00:23:01.447	1.31375				2
2025.11.04	00:23:02.389	1.31380				2
2025.11.04	00:23:05.313	1.31382				2
2025.11.04	00:23:17.593	1.31386	1.31453			6
2025.11.04	00:23:37.571	1.31391	1.31452			6
2025.11.04	00:24:01.455	1.31391				2
2025.11.04	00:24:38.179		1.31452			4
2025.11.04	00:24:42.417	1.31387	1.31460			6
2025.11.04	00:24:44.778		1.31455			4
2025.11.04	00:24:54.888		1.31456			4
2025.11.04	00:24:57.032		1.31455			4
2025.11.04	00:24:57.342	1.31395	1.31507			6
2025.11.04	00:25:00.117	1.31395				2
2025.11.04	00:25:00.979		1.31506			4
2025.11.04	00:25:03.721		1.31507			4
2025.11.04	00:25:20.673	1.31393				2
2025.11.04	00:25:24.363	1.31397				2
2025.11.04	00:25:24.672	1.31392				2
2025.11.04	00:25:33.303	1.31391				2
2025.11.04	00:25:48.416	1.31388	1.31492			6
2025.11.04	00:25:50.577	1.31383				2
2025.11.04	00:25:52.730		1.31482			4
2025.11.04	00:26:00.070	1.31383				2
2025.11.04	00:26:41.995	1.31386				2
2025.11.04	00:26:52.781		1.31481			4
2025.11.04	00:27:00.185	1.31386				2
2025.11.04	00:27:32.931		1.31480			4
2025.11.04	00:27:36.012		1.31479			4
2025.11.04	00:27:51.145		1.31480			4
2025.11.04	00:27:56.104		1.31479			4
2025.11.04	00:27:57.027	1.31381	1.31481			6
2025.11.04	00:27:57.336		1.31480			4
2025.11.04	00:27:58.882		1.31475			4
2025.11.04	00:27:59.196		1.31476			4
2025.11.04	00:28:00.123	1.31381				2
2025.11.04	00:28:04.123		1.31475			4
2025.11.04	00:28:10.904		1.31474			4
2025.11.04	00:28:12.754		1.31475			4
2025.11.04	00:28:27.871		1.31473			4
2025.11.04	00:28:33.103		1.31474			4
2025.11.04	00:28:41.081		1.31473			4
2025.11.04	00:28:47.811		1.31472			4
2025.11.04	00:28:55.176		1.31481			4
2025.11.04	00:28:57.938		1.31473			4
2025.11.04	00:29:00.073	1.31381	1.31472			6
2025.11.04	00:29:00.687		1.31471			4
2025.11.04	00:29:01.606		1.31481			4
2025.11.04	00:29:01.913		1.31473			4
2025.11.04	00:29:03.140		1.31470			4
2025.11.04	00:29:06.522		1.31473			4
2025.11.04	00:29:08.061		1.31472			4
2025.11.04	00:29:09.900	1.31375	1.31469			6
2025.11.04	00:29:11.123		1.31481			4
2025.11.04	00:29:11.426		1.31469			4
2025.11.04	00:29:11.738		1.31472			4
2025.11.04	00:29:18.224		1.31471			4
2025.11.04	00:29:24.712	1.31376				2
2025.11.04	00:29:25.330		1.31470			4
2025.11.04	00:29:31.212		1.31474			4
2025.11.04	00:29:31.523		1.31481			4
2025.11.04	00:29:46.334		1.31470			4
2025.11.04	00:30:00.288	1.31376				2
2025.11.04	00:30:00.594	1.31368				2
2025.11.04	00:30:00.912		1.31468			4
2025.11.04	00:30:01.221		1.31464			4
2025.11.04	00:30:01.534		1.31462			4
2025.11.04	00:30:01.841		1.31464			4
2025.11.04	00:30:04.658		1.31466			4
2025.11.04	00:30:13.421		1.31467			4
2025.11.04	00:30:23.662	1.31372	1.31465			6
2025.11.04	00:30:24.283	1.31371				2
2025.11.04	00:30:24.901	1.31373				2
2025.11.04	00:30:25.518	1.31372	1.31462			6
2025.11.04	00:30:26.740	1.31373	1.31463			6
2025.11.04	00:30:27.347	1.31372	1.31462			6
2025.11.04	00:30:29.182	1.31376	1.31465			6
2025.11.04	00:30:29.490		1.31463			4
2025.11.04	00:30:30.108		1.31464			4
2025.11.04	00:30:31.345		1.31463			4
2025.11.04	00:30:34.111	1.31377	1.31455			6
2025.11.04	00:30:35.952	1.31376				2
2025.11.04	00:30:36.261	1.31375				2
2025.11.04	00:30:36.570	1.31378	1.31456			6
2025.11.04	00:30:36.881	1.31375	1.31455			6
2025.11.04	00:30:37.492	1.31378	1.31456			6
2025.11.04	00:30:38.110	1.31375	1.31455			6
2025.11.04	00:30:38.421		1.31456			4
2025.11.04	00:30:38.731	1.31377	1.31457			6
2025.11.04	00:30:39.350	1.31375	1.31456			6
2025.11.04	00:30:39.659	1.31377	1.31457			6
2025.11.04	00:30:40.277	1.31375	1.31456			6
2025.11.04	00:30:40.585	1.31377	1.31457			6
2025.11.04	00:30:41.202	1.31375	1.31456			6
2025.11.04	00:30:41.510	1.31377	1.31457			6
2025.11.04	00:30:41.823	1.31376	1.31455			6
2025.11.04	00:30:42.127	1.31374				2
2025.11.04	00:30:43.056		1.31456			4
2025.11.04	00:30:45.527		1.31462			4
2025.11.04	00:30:45.834		1.31456			4
2025.11.04	00:30:46.465	1.31360				2
2025.11.04	00:30:47.391	1.31363				2
2025.11.04	00:30:53.561		1.31455			4
2025.11.04	00:30:58.180		1.31459			4
2025.11.04	00:31:00.025	1.31363				2
2025.11.04	00:31:00.331	1.31360	1.31458			6
2025.11.04	00:31:00.638		1.31455			4
2025.11.04	00:31:00.949	1.31359				2
2025.11.04	00:31:04.662	1.31360	1.31453			6
2025.11.04	00:31:06.520	1.31362	1.31452			6
2025.11.04	00:31:06.827		1.31454			4
2025.11.04	00:31:07.135		1.31453			4
2025.11.04	00:31:08.990	1.31363				2
2025.11.04	00:31:09.298	1.31362				2
2025.11.04	00:31:10.227		1.31455			4
2025.11.04	00:31:12.411		1.31453			4
2025.11.04	00:31:13.043		1.31452			4
2025.11.04	00:31:13.353	1.31360	1.31450			6
2025.11.04	00:31:17.402	1.31362	1.31452			6
2025.11.04	00:31:17.711		1.31453			4
2025.11.04	00:31:18.023	1.31360	1.31450			6
2025.11.04	00:31:20.204	1.31362	1.31452			6
2025.11.04	00:31:24.899	1.31361	1.31451			6
2025.11.04	00:31:25.218	1.31363	1.31453			6
2025.11.04	00:31:26.465	1.31362	1.31452			6
2025.11.04	00:31:27.709	1.31361	1.31451			6
2025.11.04	00:31:28.327	1.31360	1.31450			6
2025.11.04	00:31:30.200	1.31361	1.31451			6
2025.11.04	00:31:31.767	1.31360	1.31450			6
2025.11.04	00:31:44.122	1.31361	1.31451			6
2025.11.04	00:31:45.981	1.31370	1.31460			6
2025.11.04	00:31:46.285		1.31454			4
2025.11.04	00:31:46.910		1.31453			4
2025.11.04	00:31:48.154	1.31371				2
2025.11.04	00:31:53.095		1.31452			4
2025.11.04	00:31:55.870	1.31370				2
2025.11.04	00:31:56.179	1.31369	1.31451			6
2025.11.04	00:31:57.419		1.31452			4
2025.11.04	00:31:59.268	1.31368				2
2025.11.04	00:31:59.578	1.31365	1.31451			6
2025.11.04	00:32:00.196	1.31365	1.31452			6
2025.11.04	00:32:02.042		1.31453			4
2025.11.04	00:32:02.350		1.31452			4
2025.11.04	00:32:21.242	1.31364				2
2025.11.04	00:32:21.547	1.31365				2
2025.11.04	00:32:22.167	1.31366	1.31453			6
2025.11.04	00:32:23.423		1.31452			4
2025.11.04	00:32:30.831		1.31455			4
2025.11.04	00:32:31.145	1.31365	1.31454			6
2025.11.04	00:32:31.448	1.31366				2
2025.11.04	00:32:31.760		1.31452			4
2025.11.04	00:32:38.857		1.31453			4
2025.11.04	00:32:39.166		1.31451			4
2025.11.04	00:32:43.795	1.31367	1.31457			6
2025.11.04	00:32:47.508	1.31366	1.31456			6
2025.11.04	00:32:48.121		1.31455			4
2025.11.04	00:32:48.737		1.31456			4
2025.11.04	00:32:50.899		1.31455			4
2025.11.04	00:32:56.461		1.31454			4
2025.11.04	00:32:57.079	1.31365				2
2025.11.04	00:32:58.317	1.31366	1.31456			6
2025.11.04	00:32:59.548	1.31367	1.31455			6
2025.11.04	00:32:59.862		1.31452			4
2025.11.04	00:33:00.166	1.31367	1.31451			6
2025.11.04	00:33:01.093	1.31368				2
2025.11.04	00:33:01.401		1.31450			4
2025.11.04	00:33:05.726	1.31369	1.31454			6
2025.11.04	00:33:06.343	1.31368	1.31453			6
2025.11.04	00:33:08.813		1.31452			4
2025.11.04	00:33:09.123		1.31450			4
2025.11.04	00:33:10.048		1.31451			4
2025.11.04	00:33:11.283		1.31450			4
2025.11.04	00:33:11.595	1.31369	1.31452			6
2025.11.04	00:33:12.211		1.31451			4
2025.11.04	00:33:13.138		1.31450			4
2025.11.04	00:33:17.151	1.31371	1.31451			6
2025.11.04	00:33:21.479		1.31452			4
2025.11.04	00:33:23.331	1.31372				2
2025.11.04	00:33:23.948		1.31453			4
2025.11.04	00:33:24.256	1.31371	1.31452			6
2025.11.04	00:33:24.569	1.31370				2
2025.11.04	00:33:25.181	1.31371				2
2025.11.04	00:33:25.490		1.31453			4
2025.11.04	00:33:27.041	1.31368	1.31451			6
2025.11.04	00:33:28.291		1.31452			4
2025.11.04	00:33:28.603		1.31451			4
2025.11.04	00:33:29.837		1.31452			4
2025.11.04	00:33:32.308	1.31367				2
2025.11.04	00:33:38.533	1.31368				2
2025.11.04	00:33:38.836	1.31366	1.31451			6
2025.11.04	00:33:39.449		1.31452			4
2025.11.04	00:33:40.394		1.31451			4
2025.11.04	00:33:40.710		1.31452			4
2025.11.04	00:33:43.194	1.31364				2
2025.11.04	00:33:43.499	1.31366				2
2025.11.04	00:33:46.873		1.31451			4
2025.11.04	00:33:47.798	1.31367	1.31452			6
2025.11.04	00:33:49.359	1.31366				2
2025.11.04	00:33:51.213	1.31364				2
2025.11.04	00:33:51.533	1.31365				2
2025.11.04	00:33:51.841		1.31453			4
2025.11.04	00:33:52.161		1.31451			4
2025.11.04	00:33:52.780	1.31366	1.31452			6
2025.11.04	00:33:53.416	1.31365	1.31449			6
2025.11.04	00:33:57.451	1.31364				2
2025.11.04	00:33:58.073		1.31447			4
2025.11.04	00:33:58.994		1.31448			4
2025.11.04	00:33:59.301		1.31449			4
2025.11.04	00:34:00.239	1.31364				2
2025.11.04	00:34:01.177	1.31366				2
2025.11.04	00:34:02.734	1.31365	1.31450			6
2025.11.04	00:34:04.295		1.31449			4
2025.11.04	00:34:04.598		1.31450			4
2025.11.04	00:34:06.171		1.31449			4
2025.11.04	00:34:07.706		1.31450			4
2025.11.04	00:34:14.472		1.31449			4
2025.11.04	00:34:16.004		1.31445			4
2025.11.04	00:34:20.928	1.31362	1.31447			6
2025.11.04	00:34:21.238		1.31446			4
2025.11.04	00:34:22.784	1.31358	1.31445			6
2025.11.04	00:34:23.705	1.31356	1.31444			6
2025.11.04	00:34:30.197	1.31357				2
2025.11.04	00:34:40.149	1.31356				2
2025.11.04	00:34:43.291	1.31357				2
2025.11.04	00:34:50.766	1.31356	1.31443			6
2025.11.04	00:34:51.383	1.31357	1.31444			6
2025.11.04	00:34:52.002		1.31443			4
2025.11.04	00:34:53.545	1.31356				2
2025.11.04	00:34:54.777		1.31444			4
2025.11.04	00:34:56.016		1.31445			4
2025.11.04	00:34:56.323		1.31444			4
2025.11.04	00:34:56.632		1.31445			4
2025.11.04	00:34:58.487		1.31444			4
2025.11.04	00:34:59.410	1.31357	1.31445			6
2025.11.04	00:34:59.717	1.31356	1.31444			6
2025.11.04	00:35:00.032	1.31357	1.31443			6
2025.11.04	00:35:00.953	1.31356				2
2025.11.04	00:35:01.575		1.31444			4
2025.11.04	00:35:02.812		1.31443			4
2025.11.04	00:35:12.710	1.31357				2
2025.11.04	00:35:13.026	1.31359				2
2025.11.04	00:35:13.953	1.31360	1.31446			6
2025.11.04	00:35:14.261	1.31363	1.31444			6
2025.11.04	00:35:15.499	1.31360	1.31443			6
2025.11.04	00:35:15.808		1.31447			4
2025.11.04	00:35:21.410	1.31358	1.31445			6
2025.11.04	00:35:22.032		1.31442			4
2025.11.04	00:35:30.688	1.31357				2
2025.11.04	00:35:32.544		1.31445			4
2025.11.04	00:35:32.853	1.31359				2
2025.11.04	00:35:33.162	1.31361	1.31446			6
2025.11.04	00:35:33.474		1.31444			4
2025.11.04	00:35:33.782		1.31447			4
2025.11.04	00:35:34.395		1.31444			4
2025.11.04	00:35:35.333		1.31445			4
2025.11.04	00:35:35.640	1.31363	1.31444			6
2025.11.04	00:35:35.956		1.31445			4
2025.11.04	00:35:37.502	1.31362				2
2025.11.04	00:35:39.973		1.31444			4
2025.11.04	00:35:44.617	1.31363	1.31445			6
2025.11.04	00:35:44.917		1.31443			4
2025.11.04	00:35:45.227	1.31364	1.31444			6
2025.11.04	00:35:46.766		1.31445			4
2025.11.04	00:35:47.384	1.31365	1.31446			6
2025.11.04	00:35:47.692	1.31367				2
2025.11.04	00:35:50.475	1.31366				2
2025.11.04	00:35:53.265	1.31368	1.31448			6
2025.11.04	00:35:53.567	1.31367	1.31446			6
2025.11.04	00:35:55.106	1.31368				2
2025.11.04	00:35:55.416	1.31369				2
2025.11.04	00:36:00.060	1.31369				2
2025.11.04	00:36:00.369		1.31447			4
2025.11.04	00:36:12.096		1.31446			4
2025.11.04	00:36:15.478	1.31370	1.31445			6
2025.11.04	00:36:19.770		1.31447			4
2025.11.04	00:36:21.616	1.31369				2
2025.11.04	00:36:22.228		1.31448			4
2025.11.04	00:36:25.303		1.31447			4
2025.11.04	00:36:25.612	1.31368				2
2025.11.04	00:36:25.919		1.31446			4
2025.11.04	00:36:30.858		1.31444			4
2025.11.04	00:36:33.328		1.31445			4
2025.11.04	00:36:37.031	1.31369	1.31446			6
2025.11.04	00:36:45.049		1.31445			4
2025.11.04	00:36:45.358		1.31446			4
2025.11.04	00:36:46.899	1.31370				2
2025.11.04	00:36:47.206		1.31445			4
2025.11.04	00:36:50.601	1.31371	1.31444			6
2025.11.04	00:36:55.848		1.31447			4
2025.11.04	00:36:57.703		1.31446			4
2025.11.04	00:36:58.321		1.31444			4
2025.11.04	00:36:58.938		1.31445			4
2025.11.04	00:37:00.181	1.31372	1.31446			6
2025.11.04	00:37:01.109		1.31445			4
2025.11.04	00:37:01.418	1.31371				2
2025.11.04	00:37:01.726		1.31446			4
2025.11.04	00:37:05.432	1.31372				2
2025.11.04	00:37:07.280		1.31445			4
2025.11.04	00:37:08.822		1.31444			4
2025.11.04	00:37:10.364	1.31373	1.31446			6
2025.11.04	00:37:10.667	1.31372				2
2025.11.04	00:37:10.987		1.31445			4
2025.11.04	00:37:12.214	1.31373				2
2025.11.04	00:37:12.527		1.31446			4
2025.11.04	00:37:13.140	1.31374	1.31447			6
2025.11.04	00:37:20.854		1.31445			4
2025.11.04	00:37:25.165	1.31373	1.31444			6
2025.11.04	00:37:25.784	1.31372	1.31446			6
2025.11.04	00:37:40.665	1.31373				2
2025.11.04	00:37:40.968		1.31445			4
2025.11.04	00:37:41.896		1.31446			4
2025.11.04	00:37:46.886	1.31372	1.31445			6
2025.11.04	00:37:47.195		1.31446			4
2025.11.04	00:37:49.967		1.31445			4
2025.11.04	00:37:50.894		1.31446			4
2025.11.04	00:37:51.202	1.31371	1.31444			6
2025.11.04	00:37:51.514	1.31372	1.31445			6
2025.11.04	00:37:55.216	1.31371	1.31444			6
2025.11.04	00:37:56.136	1.31370				2
2025.11.04	00:37:57.673		1.31446			4
2025.11.04	00:38:00.137	1.31371	1.31450			6
2025.11.04	00:38:01.065	1.31370	1.31448			6
2025.11.04	00:38:01.373		1.31445			4
2025.11.04	00:38:05.387		1.31447			4
2025.11.04	00:38:06.310	1.31367	1.31442			6
2025.11.04	00:38:06.618		1.31443			4
2025.11.04	00:38:08.163	1.31369	1.31446			6
2025.11.04	00:38:08.473	1.31366	1.31445			6
2025.11.04	00:38:08.781		1.31447			4
2025.11.04	00:38:09.088		1.31446			4
2025.11.04	00:38:09.400	1.31371	1.31449			6
2025.11.04	00:38:09.708	1.31368	1.31448			6
2025.11.04	00:38:10.017	1.31370				2
2025.11.04	00:38:10.632		1.31447			4
2025.11.04	00:38:17.416	1.31371	1.31443			6
2025.11.04	00:38:19.258		1.31446			4
2025.11.04	00:38:21.419		1.31447			4
2025.11.04	00:38:21.733		1.31445			4
2025.11.04	00:38:22.963		1.31446			4
2025.11.04	00:38:25.431	1.31370				2
2025.11.04	00:38:26.660		1.31445			4
2025.11.04	00:38:28.828		1.31446			4
2025.11.04	00:38:29.137	1.31373	1.31447			6
2025.11.04	00:38:29.448	1.31375	1.31450			6
2025.11.04	00:38:29.763	1.31374				2
2025.11.04	00:38:30.068	1.31372	1.31448			6
2025.11.04	00:38:30.685		1.31447			4
2025.11.04	00:38:30.992		1.31449			4
2025.11.04	00:38:33.465	1.31371				2
2025.11.04	00:38:35.926	1.31372				2
2025.11.04	00:38:40.853		1.31450			4
2025.11.04	00:38:41.163	1.31373				2
2025.11.04	00:38:57.242	1.31372	1.31449			6
2025.11.04	00:38:58.786		1.31450			4
2025.11.04	00:38:59.702		1.31449			4
2025.11.04	00:39:00.007	1.31372				2
2025.11.04	00:39:08.347	1.31373				2
2025.11.04	00:39:11.450	1.31372				2
2025.11.04	00:39:15.779	1.31373				2
2025.11.04	00:39:23.186		1.31450			4
2025.11.04	00:39:29.394		1.31449			4
2025.11.04	00:39:29.704		1.31448			4
2025.11.04	00:39:30.628		1.31449			4
2025.11.04	00:39:33.100	1.31374	1.31450			6
2025.11.04	00:39:33.414		1.31449			4
2025.11.04	00:39:34.337		1.31450			4
2025.11.04	00:39:34.949	1.31373				2
2025.11.04	00:39:37.103	1.31374	1.31449			6
2025.11.04	00:39:39.878		1.31450			4
2025.11.04	00:39:49.140	1.31373	1.31449			6
2025.11.04	00:39:50.685		1.31450			4
2025.11.04	00:39:54.090		1.31451			4
2025.11.04	00:39:58.406		1.31450			4
2025.11.04	00:40:00.256	1.31373	1.31449			6
2025.11.04	00:40:02.105		1.31450			4
2025.11.04	00:40:02.414	1.31372	1.31449			6
2025.11.04	00:40:07.654	1.31371				2
2025.11.04	00:40:09.199		1.31448			4
2025.11.04	00:40:11.356	1.31372	1.31449			6
2025.11.04	00:40:16.299		1.31448			4
2025.11.04	00:40:16.604	1.31373				2
2025.11.04	00:40:21.847		1.31449			4
2025.11.04	00:40:28.322	1.31372				2
2025.11.04	00:40:29.247	1.31371	1.31448			6
2025.11.04	00:40:40.365	1.31369				2
2025.11.04	00:40:40.678	1.31370				2
2025.11.04	00:40:43.152	1.31369				2
2025.11.04	00:40:56.719	1.31365	1.31443			6
2025.11.04	00:40:57.643	1.31364	1.31445			6
2025.11.04	00:40:58.570	1.31362	1.31443			6
2025.11.04	00:40:58.886		1.31444			4
2025.11.04	00:40:59.804	1.31366	1.31446			6
2025.11.04	00:41:00.118	1.31366				2
2025.11.04	00:41:00.420	1.31365				2
2025.11.04	00:41:01.044		1.31445			4
2025.11.04	00:41:02.894	1.31366				2
2025.11.04	00:41:03.201		1.31447			4
2025.11.04	00:41:03.821	1.31365	1.31446			6
2025.11.04	00:41:04.448	1.31366	1.31447			6
2025.11.04	00:41:05.066	1.31365	1.31446			6
2025.11.04	00:41:24.231		1.31447			4
2025.11.04	00:41:33.498		1.31449			4
2025.11.04	00:41:33.809		1.31448			4
2025.11.04	00:41:35.044	1.31367	1.31449			6
2025.11.04	00:41:35.356	1.31370	1.31450			6
2025.11.04	00:41:35.664		1.31451			4
2025.11.04	00:41:38.763	1.31374	1.31453			6
2025.11.04	00:41:39.070	1.31373	1.31451			6
2025.11.04	00:41:39.379		1.31449			4
2025.11.04	00:41:44.326	1.31372				2
2025.11.04	00:41:50.513		1.31448			4
2025.11.04	00:41:50.831		1.31449			4
2025.11.04	00:41:51.447		1.31450			4
2025.11.04	00:41:51.754		1.31447			4
2025.11.04	00:41:56.386	1.31373	1.31446			6
2025.11.04	00:41:56.693	1.31372	1.31448			6
2025.11.04	00:41:58.864		1.31449			4
2025.11.04	00:42:00.095	1.31372				2
2025.11.04	00:42:00.403	1.31373				2
2025.11.04	00:42:01.019	1.31374	1.31448			6
2025.11.04	00:42:01.326		1.31450			4
2025.11.04	00:42:01.946		1.31449			4
2025.11.04	00:42:08.431		1.31451			4
2025.11.04	00:42:08.739		1.31449			4
2025.11.04	00:42:09.355	1.31375				2
2025.11.04	00:42:14.599		1.31450			4
2025.11.04	00:42:20.451		1.31449			4
2025.11.04	00:42:23.843	1.31376	1.31450			6
2025.11.04	00:42:24.148		1.31451			4
2025.11.04	00:42:24.766	1.31377	1.31452			6
2025.11.04	00:42:25.390	1.31376				2
2025.11.04	00:42:26.009	1.31375				2
2025.11.04	00:42:27.245		1.31453			4
2025.11.04	00:42:27.858	1.31376				2
2025.11.04	00:42:28.170	1.31375	1.31452			6
2025.11.04	00:42:28.787	1.31374				2
2025.11.04	00:42:29.704	1.31373	1.31451			6
2025.11.04	00:42:30.016		1.31450			4
2025.11.04	00:42:30.324		1.31448			4
2025.11.04	00:42:32.179		1.31449			4
2025.11.04	00:42:32.795		1.31448			4
2025.11.04	00:42:33.410	1.31374	1.31449			6
2025.11.04	00:42:34.649		1.31450			4
2025.11.04	00:42:41.118		1.31449			4
2025.11.04	00:42:41.427		1.31450			4
2025.11.04	00:42:43.280	1.31375				2
2025.11.04	00:42:44.513		1.31451			4
2025.11.04	00:42:46.052	1.31374				2
2025.11.04	00:42:47.594	1.31375	1.31450			6
2025.11.04	00:42:47.910		1.31451			4
2025.11.04	00:42:48.216	1.31374				2
2025.11.04	00:42:48.527		1.31450			4
2025.11.04	00:42:50.686		1.31451			4
2025.11.04	00:42:58.693		1.31450			4
2025.11.04	00:42:59.920		1.31449			4
2025.11.04	00:43:00.227	1.31374				2
2025.11.04	00:43:00.841		1.31451			4
2025.11.04	00:43:01.157	1.31375				2
2025.11.04	00:43:02.386	1.31373	1.31450			6
2025.11.04	00:43:03.002	1.31375	1.31451			6
2025.11.04	00:43:09.188		1.31452			4
2025.11.04	00:43:09.496		1.31453			4
2025.11.04	00:43:09.805		1.31451			4
2025.11.04	00:43:10.113	1.31376				2
2025.11.04	00:43:10.419		1.31450			4
2025.11.04	00:43:10.723	1.31373				2
2025.11.04	00:43:11.037	1.31375	1.31449			6
2025.11.04	00:43:11.342	1.31376	1.31450			6
2025.11.04	00:43:13.494	1.31377	1.31452			6
2025.11.04	00:43:14.421	1.31376				2
2025.11.04	00:43:15.339		1.31450			4
2025.11.04	00:43:17.506		1.31451			4
2025.11.04	00:43:17.816	1.31377	1.31453			6
2025.11.04	00:43:18.430		1.31452			4
2025.11.04	00:43:18.739	1.31376				2
2025.11.04	00:43:21.207	1.31375				2
2025.11.04	00:43:23.674	1.31376	1.31453			6
2025.11.04	00:43:25.520		1.31452			4
2025.11.04	00:43:26.449	1.31377	1.31453			6
2025.11.04	00:43:27.061	1.31375	1.31451			6
2025.11.04	00:43:27.680	1.31374	1.31452			6
2025.11.04	00:43:27.989		1.31450			4
2025.11.04	00:43:28.921		1.31451			4
2025.11.04	00:43:30.165		1.31450			4
2025.11.04	00:43:30.472		1.31451			4
2025.11.04	00:43:43.446		1.31452			4
2025.11.04	00:43:48.380		1.31450			4
2025.11.04	00:43:50.231		1.31449			4
2025.11.04	00:43:58.262		1.31450			4
2025.11.04	00:44:00.106	1.31373				2
2025.11.04	00:44:08.434	1.31374				2
2025.11.04	00:44:10.287		1.31449			4
2025.11.04	00:44:10.595	1.31373				2
2025.11.04	00:44:10.906		1.31450			4
2025.11.04	00:44:12.448	1.31374				2
2025.11.04	00:44:12.756		1.31449			4
2025.11.04	00:44:13.379		1.31450			4
2025.11.04	00:44:20.781	1.31373	1.31449			6
2025.11.04	00:44:21.399	1.31374	1.31450			6
2025.11.04	00:44:28.807		1.31451			4
2025.11.04	00:44:29.732		1.31452			4
2025.11.04	00:44:30.654		1.31451			4
2025.11.04	00:44:30.966		1.31452			4
2025.11.04	00:44:31.580		1.31451			4
2025.11.04	00:44:31.890		1.31450			4
2025.11.04	00:44:32.504		1.31449			4
2025.11.04	00:44:33.739	1.31373				2
2025.11.04	00:44:34.047		1.31451			4
2025.11.04	00:44:34.672	1.31374				2
2025.11.04	00:44:39.303	1.31373	1.31450			6
2025.11.04	00:44:51.034	1.31374				2
2025.11.04	00:44:53.204	1.31373	1.31449			6
2025.11.04	00:45:00.304	1.31373				2
2025.11.04	00:45:00.614		1.31448			4
2025.11.04	00:45:02.155		1.31449			4
2025.11.04	00:45:03.087	1.31359				2
2025.11.04	00:45:04.936	1.31360	1.31450			6
2025.11.04	00:45:05.551	1.31359	1.31449			6
2025.11.04	00:45:06.476	1.31373				2
2025.11.04	00:45:11.272	1.31389	1.31433			6
2025.11.04	00:45:23.293	1.31388	1.31434			6
2025.11.04	00:45:24.222		1.31433			4
2025.11.04	00:45:29.780	1.31389				2
2025.11.04	00:45:30.090	1.31388				2
2025.11.04	00:45:31.331	1.31389				2
2025.11.04	00:45:31.640	1.31388				2
2025.11.04	00:45:31.945		1.31432			4
2025.11.04	00:45:32.261	1.31389	1.31433			6
2025.11.04	00:45:32.867	1.31388				2
2025.11.04	00:45:33.182		1.31432			4
2025.11.04	00:45:35.646		1.31433			4
2025.11.04	00:45:36.269	1.31389				2
2025.11.04	00:45:36.889		1.31434			4
2025.11.04	00:45:37.201	1.31388				2
2025.11.04	00:45:41.526	1.31389				2
2025.11.04	00:45:41.840		1.31433			4
2025.11.04	00:45:42.150	1.31388				2
2025.11.04	00:45:52.042		1.31432			4
2025.11.04	00:45:56.676	1.31389	1.31433			6
2025.11.04	00:45:56.984	1.31388	1.31432			6
2025.11.04	00:45:57.295	1.31389	1.31433			6
2025.11.04	00:45:57.603	1.31388				2
2025.11.04	00:45:57.904		1.31434			4
2025.11.04	00:45:58.218		1.31433			4
2025.11.04	00:45:58.525	1.31387				2
2025.11.04	00:45:58.830	1.31389				2
2025.11.04	00:45:59.451	1.31387				2
2025.11.04	00:45:59.762		1.31432			4
2025.11.04	00:46:00.074	1.31387				2
2025.11.04	00:46:00.379	1.31389	1.31433			6
2025.11.04	00:46:00.690	1.31387				2
2025.11.04	00:46:00.997		1.31432			4
2025.11.04	00:46:01.923		1.31433			4
2025.11.04	00:46:04.413	1.31389	1.31434			6
2025.11.04	00:46:04.722	1.31388	1.31433			6
2025.11.04	00:46:05.032		1.31432			4
2025.11.04	00:46:06.883	1.31389				2
2025.11.04	00:46:07.498	1.31388	1.31433			6
2025.11.04	00:46:07.815		1.31432			4
2025.11.04	00:46:08.123		1.31433			4
2025.11.04	00:46:10.309	1.31389	1.31434			6
2025.11.04	00:46:10.627	1.31388	1.31433			6
2025.11.04	00:46:11.572	1.31387				2
2025.11.04	00:46:11.881		1.31432			4
2025.11.04	00:46:12.818	1.31389	1.31434			6
2025.11.04	00:46:13.137		1.31432			4
2025.11.04	00:46:13.764	1.31390				2
2025.11.04	00:46:14.689		1.31433			4
2025.11.04	00:46:20.573	1.31391				2
2025.11.04	00:46:21.190		1.31435			4
2025.11.04	00:46:21.495	1.31392				2
2025.11.04	00:46:21.801		1.31433			4
2025.11.04	00:46:22.419		1.31435			4
2025.11.04	00:46:23.965		1.31434			4
2025.11.04	00:46:24.586	1.31391	1.31433			6
2025.11.04	00:46:24.896		1.31434			4
2025.11.04	00:46:25.819		1.31433			4
2025.11.04	00:46:26.133		1.31434			4
2025.11.04	00:46:27.061	1.31392	1.31433			6
2025.11.04	00:46:27.372		1.31435			4
2025.11.04	00:46:27.680	1.31393				2
2025.11.04	00:46:28.603	1.31392	1.31434			6
2025.11.04	00:46:29.222	1.31393	1.31435			6
2025.11.04	00:46:29.839		1.31433			4
2025.11.04	00:46:30.769		1.31432			4
2025.11.04	00:46:31.079	1.31394	1.31434			6
2025.11.04	00:46:31.387	1.31393	1.31433			6
2025.11.04	00:46:32.309		1.31432			4
2025.11.04	00:46:32.932	1.31394	1.31434			6
2025.11.04	00:46:33.243		1.31433			4
2025.11.04	00:46:34.785	1.31393				2
2025.11.04	00:46:36.640		1.31432			4
2025.11.04	00:46:38.800	1.31392				2
2025.11.04	00:46:40.385		1.31433			4
2025.11.04	00:46:40.686		1.31432			4
2025.11.04	00:46:49.049	1.31391				2
2025.11.04	00:46:52.445		1.31435			4
2025.11.04	00:46:52.753		1.31433			4
2025.11.04	00:46:53.066		1.31432			4
2025.11.04	00:46:56.159		1.31431			4
2025.11.04	00:47:00.172	1.31391				2
2025.11.04	00:47:02.964	1.31373				2
2025.11.04	00:47:06.664	1.31391				2
2025.11.04	00:47:10.993	1.31392				2
2025.11.04	00:47:11.608		1.31432			4
2025.11.04	00:47:11.920	1.31391				2
2025.11.04	00:47:13.155		1.31431			4
2025.11.04	00:47:13.470	1.31390				2
2025.11.04	00:47:16.549		1.31430			4
2025.11.04	00:47:18.725		1.31431			4
2025.11.04	00:47:19.040		1.31430			4
2025.11.04	00:47:19.659		1.31431			4
2025.11.04	00:47:21.225		1.31430			4
2025.11.04	00:47:21.836		1.31429			4
2025.11.04	00:47:26.199	1.31391	1.31430			6
2025.11.04	00:47:27.117		1.31429			4
2025.11.04	00:47:28.048		1.31430			4
2025.11.04	00:47:31.784		1.31431			4
2025.11.04	00:47:34.250		1.31430			4
2025.11.04	00:47:37.039		1.31432			4
2025.11.04	00:47:37.971	1.31392	1.31433			6
2025.11.04	00:47:38.273		1.31432			4
2025.11.04	00:47:38.583		1.31431			4
2025.11.04	00:47:40.131	1.31393	1.31433			6
2025.11.04	00:47:40.749	1.31392	1.31432			6
2025.11.04	00:47:44.145		1.31433			4
2025.11.04	00:47:44.452	1.31390	1.31432			6
2025.11.04	00:47:45.689		1.31433			4
2025.11.04	00:47:45.994		1.31432			4
2025.11.04	00:47:46.614		1.31433			4
2025.11.04	00:47:46.925		1.31434			4
2025.11.04	00:47:47.232		1.31431			4
2025.11.04	00:47:47.545	1.31391	1.31433			6
2025.11.04	00:47:47.849	1.31393	1.31434			6
2025.11.04	00:47:48.159	1.31390	1.31433			6
2025.11.04	00:47:52.794		1.31432			4
2025.11.04	00:47:55.263		1.31437			4
2025.11.04	00:47:55.879		1.31436			4
2025.11.04	00:48:00.201	1.31391	1.31437			6
2025.11.04	00:48:00.816		1.31435			4
2025.11.04	00:48:01.435		1.31434			4
2025.11.04	00:48:01.751		1.31435			4
2025.11.04	00:48:03.289		1.31436			4
2025.11.04	00:48:04.836		1.31437			4
2025.11.04	00:48:05.447	1.31392				2
2025.11.04	00:48:07.913		1.31435			4
2025.11.04	00:48:08.219		1.31437			4
2025.11.04	00:48:08.532	1.31391				2
2025.11.04	00:48:08.840		1.31436			4
2025.11.04	00:48:09.763		1.31435			4
2025.11.04	00:48:10.686		1.31438			4
2025.11.04	00:48:10.987		1.31436			4
2025.11.04	00:48:11.301	1.31392				2
2025.11.04	00:48:12.841		1.31435			4
2025.11.04	00:48:16.241		1.31436			4
2025.11.04	00:48:25.515		1.31435			4
2025.11.04	00:48:32.324		1.31436			4
2025.11.04	00:48:38.211	1.31391				2
2025.11.04	00:48:41.921	1.31392				2
2025.11.04	00:48:44.705	1.31391				2
2025.11.04	00:48:46.865		1.31435			4
2025.11.04	00:48:51.527		1.31436			4
2025.11.04	00:48:55.268	1.31390				2
2025.11.04	00:48:56.826		1.31435			4
2025.11.04	00:48:57.762		1.31437			4
2025.11.04	00:49:00.251	1.31390	1.31436			6
2025.11.04	00:49:00.556		1.31435			4
2025.11.04	00:49:00.874	1.31391				2
2025.11.04	00:49:01.176	1.31389	1.31434			6
2025.11.04	00:49:01.478		1.31433			4
2025.11.04	00:49:01.778	1.31386	1.31429			6
2025.11.04	00:49:02.389		1.31430			4
2025.11.04	00:49:03.006		1.31429			4
2025.11.04	00:49:03.622	1.31387				2
2025.11.04	00:49:05.473		1.31430			4
2025.11.04	00:49:06.090	1.31386				2
2025.11.04	00:49:07.632		1.31431			4
2025.11.04	00:49:10.112	1.31382	1.31429			6
2025.11.04	00:49:10.725		1.31427			4
2025.11.04	00:49:11.041	1.31384	1.31428			6
2025.11.04	00:49:11.348	1.31383	1.31429			6
2025.11.04	00:49:12.277	1.31381				2
2025.11.04	00:49:12.580		1.31427			4
2025.11.04	00:49:12.895	1.31383	1.31423			6
2025.11.04	00:49:13.198	1.31375	1.31428			6
2025.11.04	00:49:13.515	1.31382	1.31427			6
2025.11.04	00:49:13.822	1.31387	1.31429			6
2025.11.04	00:49:14.129	1.31385				2
2025.11.04	00:49:14.432	1.31384	1.31425			6
2025.11.04	00:49:14.733	1.31379	1.31421			6
2025.11.04	00:49:15.040		1.31419			4
2025.11.04	00:49:15.773	1.31377	1.31421			6
2025.11.04	00:49:17.016	1.31378				2
2025.11.04	00:49:21.661		1.31420			4
2025.11.04	00:49:28.475	1.31379				2
2025.11.04	00:49:30.326		1.31419			4
2025.11.04	00:49:30.636	1.31380				2
2025.11.04	00:49:32.197	1.31379				2
2025.11.04	00:49:32.497	1.31377	1.31412			6
2025.11.04	00:49:32.812	1.31376	1.31410			6
2025.11.04	00:49:33.118	1.31375	1.31407			6
2025.11.04	00:49:35.906		1.31409			4
2025.11.04	00:49:36.211	1.31374	1.31408			6
2025.11.04	00:49:36.832		1.31406			4
2025.11.04	00:49:38.072	1.31376	1.31411			6
2025.11.04	00:49:38.375	1.31374	1.31406			6
2025.11.04	00:49:41.154		1.31409			4
2025.11.04	00:49:41.458		1.31406			4
2025.11.04	00:49:43.008	1.31375				2
2025.11.04	00:49:47.953	1.31376	1.31415			6
2025.11.04	00:49:48.571	1.31377	1.31411			6
2025.11.04	00:49:48.876	1.31375	1.31410			6
2025.11.04	00:49:50.419		1.31409			4
2025.11.04	00:49:50.726	1.31376	1.31406			6
2025.11.04	00:49:51.038		1.31409			4
2025.11.04	00:49:52.276	1.31377	1.31412			6
2025.11.04	00:49:52.577	1.31376	1.31406			6
2025.11.04	00:49:52.884		1.31408			4
2025.11.04	00:49:53.792		1.31406			4
2025.11.04	00:49:54.416		1.31409			4
2025.11.04	00:49:54.725		1.31406			4
2025.11.04	00:49:55.649		1.31408			4
2025.11.04	00:49:55.951		1.31406			4
2025.11.04	00:50:00.285	1.31376				2
2025.11.04	00:50:00.903	1.31375				2
2025.11.04	00:50:03.065	1.31376	1.31407			6
2025.11.04	00:50:03.373	1.31374	1.31405			6
2025.11.04	00:50:03.678	1.31384	1.31421			6
2025.11.04	00:50:03.981	1.31376	1.31419			6
2025.11.04	00:50:04.600	1.31378				2
2025.11.04	00:50:05.519		1.31420			4
2025.11.04	00:50:07.081		1.31419			4
2025.11.04	00:50:20.049	1.31377				2
2025.11.04	00:50:29.029		1.31418			4
2025.11.04	00:50:33.041		1.31419			4
2025.11.04	00:50:34.580		1.31418			4
2025.11.04	00:51:00.193	1.31377				2
2025.11.04	00:51:06.984	1.31378				2
2025.11.04	00:51:07.290		1.31417			4
2025.11.04	00:51:33.813	1.31386	1.31420			6
2025.11.04	00:51:35.041	1.31385				2
2025.11.04	00:51:38.748	1.31386				2
2025.11.04	00:51:48.031	1.31387				2
2025.11.04	00:52:00.114	1.31387				2
2025.11.04	00:52:03.826	1.31388				2
2025.11.04	00:52:15.867	1.31382	1.31418			6
2025.11.04	00:52:16.172	1.31387				2
2025.11.04	00:52:17.720	1.31386	1.31419			6
2025.11.04	00:52:18.963	1.31387	1.31418			6
2025.11.04	00:52:20.506	1.31386	1.31419			6
2025.11.04	00:52:30.369	1.31387				2
2025.11.04	00:52:30.678		1.31418			4
2025.11.04	00:52:58.758	1.31388	1.31417			6
2025.11.04	00:52:59.686	1.31387	1.31418			6
2025.11.04	00:53:00.300	1.31387				2
2025.11.04	00:53:37.366	1.31388	1.31417			6
2025.11.04	00:53:39.218	1.31387	1.31418			6
2025.11.04	00:53:41.688	1.31388	1.31417			6
2025.11.04	00:53:45.699	1.31387	1.31418			6
2025.11.04	00:53:52.806	1.31374	1.31415			6
2025.11.04	00:53:53.108	1.31382	1.31416			6
2025.11.04	00:53:54.941	1.31383				2
2025.11.04	00:53:56.184	1.31384				2
2025.11.04	00:53:57.737	1.31383				2
2025.11.04	00:54:00.192	1.31383				2
2025.11.04	00:54:04.836		1.31417			4
2025.11.04	00:54:05.148	1.31384	1.31416			6
2025.11.04	00:54:06.381	1.31385	1.31415			6
2025.11.04	00:54:06.997	1.31384	1.31416			6
2025.11.04	00:54:08.229	1.31385	1.31415			6
2025.11.04	00:54:11.616	1.31384	1.31416			6
2025.11.04	00:54:15.941	1.31385	1.31415			6
2025.11.04	00:54:20.268	1.31377	1.31413			6
2025.11.04	00:54:23.670	1.31378	1.31412			6
2025.11.04	00:54:25.216	1.31376				2
2025.11.04	00:54:25.840	1.31377	1.31411			6
2025.11.04	00:54:34.509	1.31376	1.31412			6
2025.11.04	00:54:40.695	1.31377				2
2025.11.04	00:54:42.554	1.31376				2
2025.11.04	00:54:44.101	1.31377				2
2025.11.04	00:54:46.568	1.31376				2
2025.11.04	00:54:56.180	1.31379	1.31413			6
2025.11.04	00:55:00.190	1.31377	1.31411			6
2025.11.04	00:55:11.323		1.31412			4
2025.11.04	00:55:20.600		1.31411			4
2025.11.04	00:55:26.799	1.31369				2
2025.11.04	00:55:35.757		1.31412			4
2025.11.04	00:55:37.608		1.31411			4
2025.11.04	00:56:00.184	1.31369				2
2025.11.04	00:56:34.558		1.31410			4
2025.11.04	00:56:36.715		1.31411			4
2025.11.04	00:56:42.567		1.31410			4
2025.11.04	00:56:46.904		1.31411			4
2025.11.04	00:56:50.001		1.31410			4
2025.11.04	00:57:00.194	1.31369	1.31411			6
2025.11.04	00:57:02.048		1.31410			4
2025.11.04	00:57:14.397		1.31411			4
2025.11.04	00:57:16.869		1.31410			4
2025.11.04	00:57:18.719		1.31411			4
2025.11.04	00:57:27.094		1.31412			4
2025.11.04	00:57:28.327		1.31411			4
2025.11.04	00:57:59.243	1.31343	1.31404			6
2025.11.04	00:57:59.545	1.31348	1.31406			6
2025.11.04	00:57:59.860	1.31344	1.31402			6
2025.11.04	00:58:00.168	1.31346	1.31404			6
2025.11.04	00:58:00.477	1.31345	1.31403			6
2025.11.04	00:58:02.037	1.31343	1.31401			6
2025.11.04	00:58:02.346	1.31344	1.31402			6
2025.11.04	00:58:02.971	1.31345	1.31403			6
2025.11.04	00:58:06.987	1.31343	1.31401			6
2025.11.04	00:58:09.764	1.31342	1.31400			6
2025.11.04	00:58:11.302	1.31338	1.31396			6
2025.11.04	00:58:11.613	1.31337	1.31395			6
2025.11.04	00:58:14.394	1.31336				2
2025.11.04	00:58:14.699	1.31332				2
2025.11.04	00:58:17.803	1.31337				2
2025.11.04	00:58:21.814	1.31335	1.31397			6
2025.11.04	00:58:22.432	1.31334	1.31401			6
2025.11.04	00:58:22.746	1.31337	1.31399			6
2025.11.04	00:58:23.053	1.31340				2
2025.11.04	00:58:23.369		1.31401			4
2025.11.04	00:58:23.987	1.31341				2
2025.11.04	00:58:24.910	1.31339				2
2025.11.04	00:58:25.219	1.31338				2
2025.11.04	00:58:26.452	1.31336				2
2025.11.04	00:58:26.761	1.31339				2
2025.11.04	00:58:27.067	1.31343				2
2025.11.04	00:58:31.074	1.31338				2
2025.11.04	00:58:32.312	1.31341	1.31399			6
2025.11.04	00:58:32.925	1.31339				2
2025.11.04	00:58:34.470	1.31338				2
2025.11.04	00:58:37.247	1.31340				2
2025.11.04	00:58:37.863	1.31343	1.31401			6
2025.11.04	00:58:38.484	1.31341	1.31399			6
2025.11.04	00:58:39.404	1.31340				2
2025.11.04	00:58:41.568	1.31342	1.31400			6
2025.11.04	00:58:49.296	1.31340	1.31398			6
2025.11.04	00:58:49.602	1.31341	1.31399			6
2025.11.04	00:58:54.546	1.31340				2
2025.11.04	00:58:56.396	1.31336				2
2025.11.04	00:58:57.633	1.31338				2
2025.11.04	00:59:00.099	1.31339				2
2025.11.04	00:59:01.026	1.31338				2
2025.11.04	00:59:01.645	1.31340				2
2025.11.04	00:59:04.124	1.31337				2
2025.11.04	00:59:07.519	1.31338				2
2025.11.04	00:59:10.612	1.31339				2
2025.11.04	00:59:11.863	1.31336				2
2025.11.04	00:59:12.174		1.31398			4
2025.11.04	00:59:13.413	1.31335	1.31399			6
2025.11.04	00:59:15.575	1.31334				2
2025.11.04	00:59:16.500	1.31335	1.31398			6
2025.11.04	00:59:19.890	1.31337				2
2025.11.04	00:59:20.198	1.31338				2
2025.11.04	00:59:20.816	1.31337				2
2025.11.04	00:59:23.594	1.31338				2
2025.11.04	00:59:23.900	1.31339				2
2025.11.04	00:59:25.445	1.31340				2
2025.11.04	00:59:26.993	1.31342	1.31400			6
2025.11.04	00:59:31.009	1.31341	1.31399			6
2025.11.04	00:59:33.799	1.31342	1.31400			6
2025.11.04	00:59:35.347	1.31340	1.31398			6
2025.11.04	00:59:35.655	1.31337				2
2025.11.04	00:59:36.896	1.31336	1.31397			6
2025.11.04	00:59:37.205	1.31337				2
2025.11.04	00:59:38.430	1.31329	1.31416			6
2025.11.04	00:59:38.745	1.31336	1.31413			6
2025.11.04	00:59:39.049	1.31338				2
2025.11.04	00:59:39.361		1.31408			4
2025.11.04	00:59:39.667	1.31339				2
2025.11.04	00:59:40.288	1.31342	1.31400			6
2025.11.04	00:59:40.904	1.31341	1.31399			6
2025.11.04	00:59:41.521	1.31344	1.31402			6
2025.11.04	00:59:41.826	1.31343	1.31401			6
2025.11.04	00:59:42.446	1.31342	1.31400			6
2025.11.04	00:59:42.756	1.31341	1.31399			6
2025.11.04	00:59:43.370	1.31342	1.31400			6
2025.11.04	00:59:43.679	1.31341	1.31399			6
2025.11.04	00:59:43.986	1.31343	1.31401			6
2025.11.04	00:59:44.295	1.31344	1.31402			6
2025.11.04	00:59:45.218	1.31341	1.31399			6
2025.11.04	00:59:45.527	1.31343	1.31401			6
2025.11.04	00:59:45.836	1.31342	1.31400			6
2025.11.04	00:59:46.451	1.31344	1.31402			6
2025.11.04	00:59:46.759	1.31343	1.31401			6
2025.11.04	00:59:47.071	1.31344	1.31402			6
2025.11.04	00:59:47.379	1.31345	1.31403			6
2025.11.04	00:59:48.916	1.31346	1.31404			6
2025.11.04	00:59:49.225	1.31347	1.31405			6
2025.11.04	00:59:49.848	1.31346	1.31404			6
2025.11.04	00:59:50.155	1.31348	1.31406			6
2025.11.04	00:59:54.772	1.31349	1.31407			6
2025.11.04	00:59:55.390	1.31350				2
2025.11.04	00:59:55.700		1.31408			4
2025.11.04	00:59:57.866	1.31349	1.31407			6
2025.11.04	00:59:58.481	1.31348	1.31406			6
2025.11.04	00:59:59.401	1.31349	1.31407			6
2025.11.04	01:00:00.021	1.31349				2
2025.11.04	01:00:00.327	1.31347	1.31408			6
2025.11.04	01:00:00.638	1.31346	1.31404			6
2025.11.04	01:00:00.945	1.31340	1.31413			6
2025.11.04	01:00:01.252	1.31343	1.31414			6
2025.11.04	01:00:01.573	1.31346	1.31412			6
2025.11.04	01:00:01.878	1.31345	1.31408			6
2025.11.04	01:00:02.181		1.31410			4
2025.11.04	01:00:02.497		1.31413			4
2025.11.04	01:00:03.120		1.31403			4
2025.11.04	01:00:03.437	1.31339	1.31417			6
2025.11.04	01:00:03.757	1.31334	1.31411			6
2025.11.04	01:00:04.063	1.31338	1.31406			6
2025.11.04	01:00:04.372	1.31334				2
2025.11.04	01:00:04.678		1.31394			4
2025.11.04	01:00:05.599	1.31332				2
2025.11.04	01:00:05.903	1.31333				2
2025.11.04	01:00:06.543	1.31328				2
2025.11.04	01:00:06.847	1.31333				2
2025.11.04	01:00:07.161	1.31336	1.31376			6
2025.11.04	01:00:10.550	1.31338				2
2025.11.04	01:00:10.857	1.31337				2
2025.11.04	01:00:11.161	1.31335				2
2025.11.04	01:00:12.704	1.31336				2
2025.11.04	01:00:13.642	1.31335				2
2025.11.04	01:00:13.946	1.31336				2
2025.11.04	01:00:14.261	1.31335				2
2025.11.04	01:00:14.567	1.31337				2
2025.11.04	01:00:18.274	1.31339				2
2025.11.04	01:00:18.577	1.31337				2
2025.11.04	01:00:19.204		1.31379			4
2025.11.04	01:00:20.142	1.31353				2
2025.11.04	01:00:20.764	1.31338				2
2025.11.04	01:00:23.538	1.31340				2
2025.11.04	01:00:32.503	1.31342				2
2025.11.04	01:00:34.994	1.31341				2
2025.11.04	01:00:35.303	1.31344				2
2025.11.04	01:00:35.608	1.31340				2
2025.11.04	01:00:36.539	1.31341				2
2025.11.04	01:00:38.386	1.31339				2
2025.11.04	01:00:39.314	1.31375	1.31395			6
2025.11.04	01:00:43.310	1.31370	1.31376			6
2025.11.04	01:00:43.616	1.31361				2
2025.11.04	01:00:43.919	1.31346	1.31375			6
2025.11.04	01:00:49.466	1.31343				2
2025.11.04	01:00:50.085	1.31345				2
2025.11.04	01:00:50.698	1.31342				2
2025.11.04	01:00:52.542		1.31377			4
2025.11.04	01:00:52.859	1.31344				2
2025.11.04	01:00:53.165	1.31346				2
2025.11.04	01:00:55.010		1.31378			4
2025.11.04	01:00:56.230	1.31344				2
2025.11.04	01:00:56.544	1.31346				2
2025.11.04	01:00:58.081	1.31344				2
2025.11.04	01:00:59.003	1.31378	1.31414			6
2025.11.04	01:00:59.307	1.31377	1.31415			6
2025.11.04	01:00:59.609	1.31375	1.31417			6
2025.11.04	01:00:59.926	1.31372	1.31420			6
2025.11.04	01:01:00.241	1.31376	1.31416			6
2025.11.04	01:01:00.543	1.31373				2
2025.11.04	01:01:00.848		1.31418			4
2025.11.04	01:01:01.154		1.31414			4
2025.11.04	01:01:01.462	1.31372	1.31416			6
2025.11.04	01:01:02.074	1.31373	1.31413			6
2025.11.04	01:01:03.328	1.31372	1.31416			6
2025.11.04	01:01:03.637		1.31414			4
2025.11.04	01:01:04.260	1.31373	1.31418			6
2025.11.04	01:01:04.565	1.31372	1.31420			6
2025.11.04	01:01:04.866	1.31373	1.31419			6
2025.11.04	01:01:05.175		1.31421			4
2025.11.04	01:01:05.480	1.31368	1.31425			6
2025.11.04	01:01:05.782		1.31427			4
2025.11.04	01:01:06.408	1.31369	1.31426			6
2025.11.04	01:01:06.713		1.31428			4
2025.11.04	01:01:07.026	1.31362	1.31399			6
2025.11.04	01:01:07.328	1.31386	1.31390			6
2025.11.04	01:01:07.639	1.31367	1.31400			6
2025.11.04	01:01:07.942	1.31368	1.31375			6
2025.11.04	01:01:08.245	1.31378	1.31379			6
2025.11.04	01:01:09.161	1.31379	1.31380			6
2025.11.04	01:01:09.771	1.31378	1.31379			6
2025.11.04	01:01:11.293	1.31379	1.31380			6
2025.11.04	01:01:15.603	1.31380	1.31382			6
2025.11.04	01:01:16.517	1.31382	1.31383			6
2025.11.04	01:01:16.827	1.31384	1.31385			6
2025.11.04	01:01:17.750	1.31382	1.31384			6
2025.11.04	01:01:18.059	1.31383				2
2025.11.04	01:01:18.360	1.31385	1.31386			6
2025.11.04	01:01:18.978	1.31384	1.31385			6
2025.11.04	01:01:19.280	1.31385	1.31386			6
2025.11.04	01:01:21.140	1.31386	1.31387			6
2025.11.04	01:01:23.903	1.31385	1.31386			6
2025.11.04	01:01:24.209	1.31384	1.31385			6
2025.11.04	01:01:24.513	1.31386	1.31387			6
2025.11.04	01:01:25.426	1.31383	1.31384			6
2025.11.04	01:01:27.259	1.31385	1.31386			6
2025.11.04	01:01:27.563	1.31383	1.31384			6
2025.11.04	01:01:32.180	1.31385	1.31386			6
2025.11.04	01:01:33.090	1.31383	1.31384			6
2025.11.04	01:01:33.399	1.31389	1.31392			6
2025.11.04	01:01:34.619	1.31388	1.31391			6
2025.11.04	01:01:35.233	1.31389	1.31392			6
2025.11.04	01:01:38.296	1.31390				2
2025.11.04	01:01:38.603	1.31389				2
2025.11.04	01:01:39.222	1.31388	1.31389			6
2025.11.04	01:01:43.824	1.31389	1.31390			6
2025.11.04	01:01:45.664	1.31388	1.31389			6
2025.11.04	01:01:46.279	1.31386				2
2025.11.04	01:01:46.581		1.31387			4
2025.11.04	01:01:54.839	1.31388	1.31391			6
2025.11.04	01:01:55.149	1.31390	1.31393			6
2025.11.04	01:02:00.051	1.31390				2
2025.11.04	01:02:07.135	1.31389	1.31392			6
2025.11.04	01:02:08.685	1.31390	1.31393			6
2025.11.04	01:02:11.746	1.31389	1.31392			6
2025.11.04	01:02:21.250	1.31386	1.31389			6
2025.11.04	01:02:21.558	1.31384	1.31387			6
2025.11.04	01:02:22.783	1.31386	1.31389			6
2025.11.04	01:02:23.089	1.31385	1.31388			6
2025.11.04	01:02:24.603	1.31382	1.31385			6
2025.11.04	01:02:24.905	1.31381	1.31384			6
2025.11.04	01:02:25.216	1.31380				2
2025.11.04	01:02:26.132	1.31381				2
2025.11.04	01:02:27.351	1.31379	1.31382			6
2025.11.04	01:02:28.590	1.31381	1.31384			6
2025.11.04	01:02:30.727	1.31380	1.31383			6
2025.11.04	01:02:32.259	1.31379	1.31382			6
2025.11.04	01:02:33.473		1.31380			4
2025.11.04	01:02:34.397	1.31378	1.31379			6
2025.11.04	01:02:46.956	1.31377	1.31378			6
2025.11.04	01:02:52.155	1.31376	1.31377			6
2025.11.04	01:02:52.464	1.31377	1.31378			6
2025.11.04	01:02:53.684	1.31376	1.31377			6
2025.11.04	01:02:57.063	1.31377	1.31378			6
2025.11.04	01:03:00.125	1.31377				2
2025.11.04	01:03:01.663	1.31375	1.31377			6
2025.11.04	01:03:02.898	1.31366	1.31369			6
2025.11.04	01:03:03.199	1.31363	1.31366			6
2025.11.04	01:03:04.127	1.31358	1.31370			6
2025.11.04	01:03:04.443	1.31359	1.31371			6
2025.11.04	01:03:06.286	1.31358	1.31370			6
2025.11.04	01:03:06.595		1.31368			4
2025.11.04	01:03:07.832	1.31357	1.31367			6
2025.11.04	01:03:08.148	1.31358				2
2025.11.04	01:03:09.074		1.31369			4
2025.11.04	01:03:09.378		1.31368			4
2025.11.04	01:03:09.679		1.31367			4
2025.11.04	01:03:09.996	1.31359	1.31369			6
2025.11.04	01:03:10.299		1.31368			4
2025.11.04	01:03:10.601	1.31356	1.31366			6
2025.11.04	01:03:10.903	1.31358	1.31367			6
2025.11.04	01:03:12.132	1.31359				2
2025.11.04	01:03:13.669	1.31360	1.31368			6
2025.11.04	01:03:13.972	1.31359	1.31366			6
2025.11.04	01:03:14.584	1.31360	1.31367			6
2025.11.04	01:03:15.196		1.31366			4
2025.11.04	01:03:16.727	1.31361	1.31367			6
2025.11.04	01:03:17.330	1.31360	1.31365			6
2025.11.04	01:03:18.248		1.31364			4
2025.11.04	01:03:19.175		1.31363			4
2025.11.04	01:03:19.478	1.31361	1.31364			6
2025.11.04	01:03:22.873	1.31362	1.31365			6
2025.11.04	01:03:23.179	1.31361	1.31364			6
2025.11.04	01:03:24.403	1.31360	1.31363			6
2025.11.04	01:03:25.319	1.31362	1.31365			6
2025.11.04	01:03:28.054	1.31360	1.31363			6
2025.11.04	01:03:30.191	1.31359	1.31362			6
2025.11.04	01:03:32.631	1.31360	1.31363			6
2025.11.04	01:03:32.936	1.31361	1.31364			6
2025.11.04	01:03:34.153	1.31346	1.31370			6
2025.11.04	01:03:34.454	1.31362	1.31365			6
2025.11.04	01:03:37.808	1.31358	1.31361			6
2025.11.04	01:03:39.947	1.31344	1.31364			6
2025.11.04	01:03:40.259		1.31366			4
2025.11.04	01:03:40.561		1.31363			4
2025.11.04	01:03:41.796		1.31364			4
2025.11.04	01:03:44.588		1.31370			4
2025.11.04	01:03:44.894		1.31364			4
2025.11.04	01:03:45.204		1.31371			4
2025.11.04	01:03:45.511		1.31365			4
2025.11.04	01:03:46.442		1.31371			4
2025.11.04	01:03:46.759		1.31367			4
2025.11.04	01:03:48.627		1.31371			4
2025.11.04	01:03:48.949		1.31372			4
2025.11.04	01:03:49.259		1.31369			4
2025.11.04	01:03:49.574		1.31368			4
2025.11.04	01:03:50.832		1.31366			4
2025.11.04	01:03:56.445		1.31370			4
2025.11.04	01:03:56.750	1.31355	1.31358			6
2025.11.04	01:03:58.592	1.31344	1.31370			6
2025.11.04	01:04:00.145	1.31344	1.31369			6
2025.11.04	01:04:00.459		1.31366			4
2025.11.04	01:04:00.771		1.31365			4
2025.11.04	01:04:01.400	1.31355	1.31358			6
2025.11.04	01:04:02.633	1.31344	1.31368			6
2025.11.04	01:04:02.941		1.31370			4
2025.11.04	01:04:03.260		1.31368			4
2025.11.04	01:04:03.566		1.31365			4
2025.11.04	01:04:03.874	1.31355	1.31358			6
2025.11.04	01:04:04.185	1.31344	1.31370			6
2025.11.04	01:04:04.505		1.31365			4
2025.11.04	01:04:05.445	1.31360	1.31363			6
2025.11.04	01:04:06.061	1.31361	1.31364			6
2025.11.04	01:04:06.366	1.31360	1.31367			6
2025.11.04	01:04:06.670	1.31361	1.31368			6
2025.11.04	01:04:07.280	1.31362				2
2025.11.04	01:04:07.891	1.31361	1.31367			6
2025.11.04	01:04:09.117		1.31366			4
2025.11.04	01:04:11.286	1.31362				2
2025.11.04	01:04:12.204		1.31365			4
2025.11.04	01:04:20.473	1.31361	1.31364			6
2025.11.04	01:04:25.368	1.31362	1.31365			6
2025.11.04	01:04:25.674	1.31361	1.31364			6
2025.11.04	01:04:30.589	1.31365	1.31368			6
2025.11.04	01:04:31.204	1.31363	1.31370			6
2025.11.04	01:04:32.129	1.31364				2
2025.11.04	01:04:33.349		1.31369			4
2025.11.04	01:04:34.267	1.31365				2
2025.11.04	01:04:35.188		1.31368			4
2025.11.04	01:04:35.494	1.31366	1.31369			6
2025.11.04	01:04:36.418	1.31365	1.31368			6
2025.11.04	01:04:37.344	1.31366	1.31369			6
2025.11.04	01:04:38.581	1.31365	1.31368			6
2025.11.04	01:04:39.792	1.31366	1.31369			6
2025.11.04	01:04:40.100	1.31365	1.31368			6
2025.11.04	01:04:40.406	1.31364	1.31367			6
2025.11.04	01:04:41.030	1.31366	1.31369			6
2025.11.04	01:04:41.344	1.31365	1.31368			6
2025.11.04	01:04:41.648	1.31364	1.31367			6
2025.11.04	01:04:42.571	1.31367	1.31370			6
2025.11.04	01:04:43.187	1.31364	1.31367			6
2025.11.04	01:04:43.490	1.31365	1.31368			6
2025.11.04	01:04:44.108	1.31364	1.31370			6
2025.11.04	01:04:45.318	1.31363	1.31369			6
2025.11.04	01:04:47.152	1.31364	1.31368			6
2025.11.04	01:04:49.309	1.31365				2
2025.11.04	01:04:51.451	1.31364	1.31367			6
2025.11.04	01:04:52.364	1.31365	1.31368			6
2025.11.04	01:04:53.609	1.31364	1.31367			6
2025.11.04	01:04:55.747	1.31366	1.31369			6
2025.11.04	01:04:56.049	1.31365	1.31368			6
2025.11.04	01:04:56.352	1.31366	1.31369			6
2025.11.04	01:04:56.955	1.31365	1.31368			6
2025.11.04	01:04:57.265	1.31367	1.31370			6
2025.11.04	01:04:58.187	1.31366	1.31369			6
2025.11.04	01:04:58.493	1.31365	1.31368			6
2025.11.04	01:04:59.100	1.31364				2
2025.11.04	01:04:59.409	1.31365	1.31369			6
2025.11.04	01:04:59.715	1.31364	1.31368			6
2025.11.04	01:05:00.022	1.31364				2
2025.11.04	01:05:00.333	1.31370	1.31373			6
2025.11.04	01:05:01.251	1.31366	1.31378			6
2025.11.04	01:05:02.488	1.31365	1.31377			6
2025.11.04	01:05:04.358		1.31376			4
2025.11.04	01:05:05.299	1.31366				2
2025.11.04	01:05:06.248		1.31375			4
2025.11.04	01:05:07.179		1.31374			4
2025.11.04	01:05:08.123	1.31367				2
2025.11.04	01:05:09.369		1.31373			4
2025.11.04	01:05:10.279	1.31368	1.31372			6
2025.11.04	01:05:11.203	1.31369				2
2025.11.04	01:05:14.569	1.31372	1.31375			6
2025.11.04	01:05:15.190	1.31371				2
2025.11.04	01:05:15.494	1.31372	1.31376			6
2025.11.04	01:05:16.109		1.31375			4
2025.11.04	01:05:45.282	1.31373	1.31376			6
2025.11.04	01:05:47.429	1.31372	1.31375			6
2025.11.04	01:05:49.575	1.31371	1.31374			6
2025.11.04	01:05:51.394	1.31370	1.31373			6
2025.11.04	01:05:52.316	1.31371	1.31374			6
2025.11.04	01:05:52.622	1.31372	1.31375			6
2025.11.04	01:05:53.228	1.31371				2
2025.11.04	01:05:54.146		1.31374			4
2025.11.04	01:05:54.752	1.31370	1.31373			6
2025.11.04	01:05:55.059	1.31371	1.31374			6
2025.11.04	01:05:55.671	1.31372	1.31375			6
2025.11.04	01:05:55.976	1.31370	1.31373			6
2025.11.04	01:05:57.200	1.31368	1.31375			6
2025.11.04	01:05:58.131		1.31374			4
2025.11.04	01:05:59.377		1.31373			4
2025.11.04	01:06:00.307	1.31370	1.31375			6
2025.11.04	01:06:01.245	1.31368	1.31377			6
2025.11.04	01:06:02.173	1.31367	1.31376			6
2025.11.04	01:06:03.110	1.31368				2
2025.11.04	01:06:03.416	1.31369	1.31377			6
2025.11.04	01:06:04.047	1.31365	1.31372			6
2025.11.04	01:06:05.283	1.31363				2
2025.11.04	01:06:08.406	1.31367	1.31379			6
2025.11.04	01:06:09.336	1.31365	1.31374			6
2025.11.04	01:06:10.278	1.31368	1.31380			6
2025.11.04	01:06:10.579	1.31369	1.31374			6
2025.11.04	01:06:10.885	1.31365				2
2025.11.04	01:06:11.188	1.31364	1.31375			6
2025.11.04	01:06:14.287	1.31365				2
2025.11.04	01:06:16.152	1.31366				2
2025.11.04	01:06:17.385		1.31374			4
2025.11.04	01:06:18.308		1.31373			4
2025.11.04	01:06:18.620	1.31371	1.31378			6
2025.11.04	01:06:18.930	1.31370	1.31377			6
2025.11.04	01:06:19.246	1.31368	1.31379			6
2025.11.04	01:06:20.183	1.31367				2
2025.11.04	01:06:20.796	1.31364	1.31373			6
2025.11.04	01:06:22.342	1.31365				2
2025.11.04	01:06:23.285	1.31366				2
2025.11.04	01:06:23.917	1.31365	1.31375			6
2025.11.04	01:06:24.225		1.31373			4
2025.11.04	01:06:25.473	1.31366				2
2025.11.04	01:06:26.413		1.31372			4
2025.11.04	01:06:27.671	1.31370	1.31377			6
2025.11.04	01:06:28.294	1.31368	1.31378			6
2025.11.04	01:06:29.846	1.31366	1.31375			6
2025.11.04	01:06:30.167	1.31365	1.31372			6
2025.11.04	01:06:32.352	1.31366				2
2025.11.04	01:06:33.280	1.31367				2
2025.11.04	01:06:33.582	1.31370	1.31377			6
2025.11.04	01:06:34.199	1.31369	1.31379			6
2025.11.04	01:06:35.138		1.31378			4
2025.11.04	01:06:35.455	1.31370	1.31379			6
2025.11.04	01:06:36.080	1.31369	1.31377			6
2025.11.04	01:06:36.399	1.31370	1.31378			6
2025.11.04	01:06:37.327		1.31377			4
2025.11.04	01:06:38.266	1.31368	1.31374			6
2025.11.04	01:06:38.571	1.31369	1.31375			6
2025.11.04	01:06:39.189	1.31368				2
2025.11.04	01:06:40.122	1.31367	1.31373			6
2025.11.04	01:06:40.434	1.31368				2
2025.11.04	01:06:42.277	1.31369				2
2025.11.04	01:06:42.890	1.31368	1.31372			6
2025.11.04	01:06:43.196	1.31369				2
2025.11.04	01:06:43.813	1.31367	1.31370			6
2025.11.04	01:06:45.352	1.31368	1.31371			6
2025.11.04	01:06:45.656	1.31366	1.31369			6
2025.11.04	01:06:45.960	1.31367	1.31370			6
2025.11.04	01:06:48.406	1.31365	1.31368			6
2025.11.04	01:06:49.330	1.31366	1.31369			6
2025.11.04	01:06:49.640	1.31367	1.31370			6
2025.11.04	01:06:51.490	1.31366	1.31369			6
2025.11.04	01:06:51.794	1.31364	1.31367			6
2025.11.04	01:06:52.397	1.31366	1.31369			6
2025.11.04	01:06:53.327	1.31365				2
2025.11.04	01:06:54.553	1.31361	1.31365			6
2025.11.04	01:06:54.860	1.31362	1.31366			6
2025.11.04	01:06:55.172	1.31361	1.31370			6
2025.11.04	01:06:55.482		1.31369			4
2025.11.04	01:06:57.041	1.31357	1.31364			6
2025.11.04	01:06:57.356	1.31359	1.31367			6
2025.11.04	01:06:58.290	1.31360				2
2025.11.04	01:07:00.149	1.31361				2
2025.11.04	01:07:02.332	1.31362	1.31366			6
2025.11.04	01:07:03.253		1.31365			4
2025.11.04	01:07:05.403	1.31372	1.31375			6
2025.11.04	01:07:06.324	1.31368	1.31380			6
2025.11.04	01:07:06.949	1.31367	1.31379			6
2025.11.04	01:07:08.494	1.31368	1.31380			6
2025.11.04	01:07:10.347		1.31379			4
2025.11.04	01:07:10.965	1.31367	1.31378			6
2025.11.04	01:07:11.590	1.31368	1.31379			6
2025.11.04	01:07:12.209		1.31378			4
2025.11.04	01:07:13.137	1.31370	1.31379			6
2025.11.04	01:07:14.385	1.31371				2
2025.11.04	01:07:14.694	1.31370	1.31378			6
2025.11.04	01:07:15.318	1.31371				2
2025.11.04	01:07:16.251		1.31377			4
2025.11.04	01:07:17.191	1.31372	1.31376			6
2025.11.04	01:07:18.115		1.31375			4
2025.11.04	01:07:20.565	1.31373	1.31376			6
2025.11.04	01:07:21.174	1.31372	1.31375			6
2025.11.04	01:07:23.306	1.31371	1.31374			6
2025.11.04	01:07:25.445	1.31370	1.31373			6
2025.11.04	01:07:26.356	1.31371	1.31374			6
2025.11.04	01:07:35.563	1.31372	1.31375			6
2025.11.04	01:08:00.136	1.31372				2
2025.11.04	01:08:00.446	1.31371	1.31374			6
2025.11.04	01:08:00.751	1.31372	1.31375			6
2025.11.04	01:08:36.573	1.31373	1.31376			6
2025.11.04	01:08:40.542	1.31374	1.31377			6
2025.11.04	01:08:40.846	1.31372	1.31375			6
2025.11.04	01:08:41.152	1.31373	1.31376			6
2025.11.04	01:08:45.445	1.31372	1.31375			6
2025.11.04	01:08:49.725	1.31373	1.31376			6
2025.11.04	01:09:00.164	1.31373				2
2025.11.04	01:09:05.442	1.31372	1.31375			6
2025.11.04	01:09:05.760	1.31373	1.31376			6
2025.11.04	01:09:06.067	1.31374	1.31377			6
2025.11.04	01:09:06.383	1.31373				2
2025.11.04	01:09:07.314	1.31372	1.31376			6
2025.11.04	01:09:08.249	1.31371	1.31377			6
2025.11.04	01:09:10.133	1.31372				2
2025.11.04	01:09:10.758	1.31371	1.31376			6
2025.11.04	01:09:11.681	1.31372	1.31377			6
2025.11.04	01:09:13.221	1.31371	1.31378			6
2025.11.04	01:09:13.540	1.31372	1.31379			6
2025.11.04	01:09:13.843	1.31370	1.31377			6
2025.11.04	01:09:14.164	1.31372	1.31378			6
2025.11.04	01:09:14.786	1.31370	1.31376			6
2025.11.04	01:09:15.094	1.31371	1.31377			6
2025.11.04	01:09:15.398	1.31370	1.31376			6
2025.11.04	01:09:15.704	1.31372	1.31378			6
2025.11.04	01:09:16.396	1.31371				2
2025.11.04	01:09:19.196		1.31377			4
2025.11.04	01:09:20.449	1.31372	1.31378			6
2025.11.04	01:09:21.394		1.31377			4
2025.11.04	01:09:24.221	1.31373				2
2025.11.04	01:09:27.363	1.31374				2
2025.11.04	01:09:29.510	1.31373	1.31376			6
2025.11.04	01:09:38.414	1.31371	1.31374			6
2025.11.04	01:09:38.720	1.31372	1.31375			6
2025.11.04	01:09:39.027	1.31370	1.31373			6
2025.11.04	01:09:39.336	1.31372	1.31375			6
2025.11.04	01:09:40.255	1.31367				2
2025.11.04	01:09:40.558		1.31373			4
2025.11.04	01:09:41.178	1.31366	1.31372			6
2025.11.04	01:09:43.056	1.31367	1.31374			6
2025.11.04	01:09:45.534	1.31368				2
2025.11.04	01:09:45.850		1.31375			4
2025.11.04	01:09:46.157	1.31370	1.31381			6
2025.11.04	01:09:46.476		1.31377			4
2025.11.04	01:09:47.103	1.31369				2
2025.11.04	01:09:49.279	1.31368	1.31374			6
2025.11.04	01:09:50.211	1.31367				2
2025.11.04	01:09:51.135	1.31368				2
2025.11.04	01:09:52.068		1.31375			4
2025.11.04	01:09:52.374	1.31369				2
2025.11.04	01:09:55.147	1.31370				2
2025.11.04	01:09:56.075	1.31369	1.31374			6
2025.11.04	01:09:56.385	1.31370				2
2025.11.04	01:09:59.184	1.31371				2
2025.11.04	01:10:00.118	1.31371				2
2025.11.04	01:10:00.424	1.31372	1.31376			6
2025.11.04	01:10:00.724	1.31370	1.31373			6
2025.11.04	01:10:02.271	1.31369				2
2025.11.04	01:10:03.210	1.31370				2
2025.11.04	01:10:04.731	1.31373	1.31376			6
2025.11.04	01:10:06.267	1.31369				2
2025.11.04	01:10:07.209	1.31370				2
2025.11.04	01:10:08.439	1.31371	1.31380			6
2025.11.04	01:10:08.756	1.31370	1.31379			6
2025.11.04	01:10:09.378	1.31371				2
2025.11.04	01:10:11.249		1.31378			4
2025.11.04	01:10:12.190	1.31372				2
2025.11.04	01:10:12.811		1.31375			4
2025.11.04	01:10:15.280	1.31373				2
2025.11.04	01:10:15.898		1.31376			4
2025.11.04	01:10:25.996		1.31375			4
2025.11.04	01:10:30.915	1.31370	1.31371			6
2025.11.04	01:10:32.136	1.31366				2
2025.11.04	01:10:33.405	1.31367				2
2025.11.04	01:10:35.269	1.31368				2
2025.11.04	01:10:36.519	1.31369				2
2025.11.04	01:10:38.370	1.31370				2
2025.11.04	01:10:39.290	1.31371	1.31372			6
2025.11.04	01:11:00.116	1.31371				2
2025.11.04	01:11:00.418	1.31372	1.31375			6
2025.11.04	01:11:00.719	1.31373				2
2025.11.04	01:11:03.156	1.31372	1.31374			6
2025.11.04	01:11:11.758	1.31373	1.31376			6
2025.11.04	01:11:12.060	1.31372	1.31375			6
2025.11.04	01:11:12.364	1.31373	1.31376			6
2025.11.04	01:11:13.594	1.31372	1.31375			6
2025.11.04	01:11:23.367	1.31373				2
2025.11.04	01:11:27.324	1.31372				2
2025.11.04	01:11:29.477	1.31371	1.31374			6
2025.11.04	01:11:29.783	1.31372	1.31375			6
2025.11.04	01:11:30.089	1.31370				2
2025.11.04	01:11:31.329	1.31368				2
2025.11.04	01:11:32.255	1.31369				2
2025.11.04	01:11:34.111	1.31370				2
2025.11.04	01:11:35.657	1.31371	1.31376			6
2025.11.04	01:11:35.966		1.31375			4
2025.11.04	01:11:36.270	1.31370				2
2025.11.04	01:11:38.125	1.31371				2
2025.11.04	01:11:40.279	1.31372				2
2025.11.04	01:12:00.190	1.31372				2
2025.11.04	01:12:08.180	1.31371	1.31374			6
2025.11.04	01:12:08.489	1.31372	1.31375			6
2025.11.04	01:12:22.251	1.31371	1.31374			6
2025.11.04	01:12:22.563	1.31372	1.31375			6
2025.11.04	01:12:28.726	1.31373	1.31376			6
2025.11.04	01:12:29.032	1.31372	1.31375			6
2025.11.04	01:12:30.274	1.31371				2
2025.11.04	01:12:30.879	1.31372	1.31376			6
2025.11.04	01:12:31.180	1.31370				2
2025.11.04	01:12:31.483	1.31371	1.31377			6
2025.11.04	01:12:31.800	1.31370	1.31376			6
2025.11.04	01:12:32.113	1.31368	1.31377			6
2025.11.04	01:12:33.345		1.31378			4
2025.11.04	01:12:33.654	1.31369	1.31377			6
2025.11.04	01:12:33.960	1.31368				2
2025.11.04	01:12:34.265	1.31367				2
2025.11.04	01:12:35.504		1.31378			4
2025.11.04	01:12:36.123	1.31368				2
2025.11.04	01:12:36.428	1.31367				2
2025.11.04	01:12:36.735	1.31368				2
2025.11.04	01:12:39.501	1.31369				2
2025.11.04	01:12:42.290	1.31370				2
2025.11.04	01:12:43.215		1.31377			4
2025.11.04	01:12:45.380	1.31371				2
2025.11.04	01:12:46.308		1.31376			4
2025.11.04	01:12:47.230	1.31372	1.31375			6
2025.11.04	01:12:53.363	1.31373	1.31376			6
2025.11.04	01:12:53.665	1.31372	1.31375			6
2025.11.04	01:12:54.275	1.31371	1.31374			6
2025.11.04	01:12:54.583	1.31367	1.31370			6
2025.11.04	01:12:55.194	1.31364	1.31373			6
2025.11.04	01:12:56.735	1.31361	1.31372			6
2025.11.04	01:12:57.046		1.31371			4
2025.11.04	01:12:57.355	1.31363	1.31372			6
2025.11.04	01:12:57.658	1.31364	1.31371			6
2025.11.04	01:13:00.138	1.31364	1.31370			6
2025.11.04	01:13:00.445		1.31371			4
2025.11.04	01:13:02.299	1.31365	1.31372			6
2025.11.04	01:13:05.388	1.31366				2
2025.11.04	01:13:08.164	1.31367				2
2025.11.04	01:13:10.018		1.31371			4
2025.11.04	01:13:11.262	1.31368	1.31372			6
2025.11.04	01:13:12.197		1.31371			4
2025.11.04	01:13:15.262	1.31367	1.31370			6
2025.11.04	01:13:15.562	1.31366	1.31369			6
2025.11.04	01:13:16.783	1.31367	1.31370			6
2025.11.04	01:13:17.691	1.31366	1.31369			6
2025.11.04	01:13:18.607	1.31367	1.31370			6
2025.11.04	01:13:33.016	1.31368	1.31371			6
2025.11.04	01:13:48.364	1.31367	1.31370			6
2025.11.04	01:13:56.620	1.31368	1.31371			6
2025.11.04	01:13:59.973	1.31367	1.31370			6
2025.11.04	01:14:00.279	1.31367				2
2025.11.04	01:14:25.110	1.31368	1.31371			6
2025.11.04	01:14:27.257	1.31367	1.31370			6
2025.11.04	01:14:27.561	1.31368	1.31371			6
2025.11.04	01:14:39.316	1.31367	1.31370			6
2025.11.04	01:14:51.367	1.31364	1.31372			6
2025.11.04	01:14:51.679		1.31371			4
2025.11.04	01:14:54.453	1.31365				2
2025.11.04	01:14:55.376	1.31364				2
2025.11.04	01:14:55.987	1.31363				2
2025.11.04	01:14:56.624	1.31365				2
2025.11.04	01:14:57.242	1.31364				2
2025.11.04	01:14:58.170	1.31363				2
2025.11.04	01:14:58.474	1.31364				2
2025.11.04	01:14:59.096	1.31363				2
2025.11.04	01:15:00.020	1.31363				2
2025.11.04	01:15:00.637	1.31362				2
2025.11.04	01:15:00.944	1.31363				2
2025.11.04	01:15:01.264	1.31362				2
2025.11.04	01:15:01.876		1.31369			4
2025.11.04	01:15:02.798	1.31360				2
2025.11.04	01:15:04.039	1.31361				2
2025.11.04	01:15:04.342	1.31362				2
2025.11.04	01:15:04.965	1.31361				2
2025.11.04	01:15:05.277	1.31360				2
2025.11.04	01:15:05.585	1.31361				2
2025.11.04	01:15:07.126	1.31362				2
2025.11.04	01:15:07.743		1.31370			4
2025.11.04	01:15:08.375	1.31361	1.31369			6
2025.11.04	01:15:09.002		1.31370			4
2025.11.04	01:15:09.316		1.31369			4
2025.11.04	01:15:10.240		1.31368			4
2025.11.04	01:15:10.543	1.31360	1.31361			6
2025.11.04	01:15:11.158	1.31357	1.31366			6
2025.11.04	01:15:11.461	1.31359				2
2025.11.04	01:15:12.080	1.31358				2
2025.11.04	01:15:12.387	1.31354				2
2025.11.04	01:15:12.695		1.31361			4
2025.11.04	01:15:13.017	1.31355	1.31366			6
2025.11.04	01:15:13.332		1.31361			4
2025.11.04	01:15:13.653		1.31366			4
2025.11.04	01:15:14.272		1.31361			4
2025.11.04	01:15:14.578		1.31366			4
2025.11.04	01:15:15.194	1.31354				2
2025.11.04	01:15:15.816	1.31356				2
2025.11.04	01:15:16.123	1.31355	1.31361			6
2025.11.04	01:15:16.442		1.31366			4
2025.11.04	01:15:16.748		1.31365			4
2025.11.04	01:15:17.069		1.31366			4
2025.11.04	01:15:17.382	1.31354	1.31361			6
2025.11.04	01:15:17.688		1.31366			4
2025.11.04	01:15:17.995	1.31355				2
2025.11.04	01:15:18.611		1.31365			4
2025.11.04	01:15:18.915	1.31357	1.31366			6
2025.11.04	01:15:19.232	1.31356	1.31365			6
2025.11.04	01:15:19.538	1.31355				2
2025.11.04	01:15:20.160	1.31358	1.31361			6
2025.11.04	01:15:20.463	1.31356	1.31365			6
2025.11.04	01:15:21.087	1.31358	1.31361			6
2025.11.04	01:15:21.400	1.31356	1.31365			6
2025.11.04	01:15:22.026	1.31358	1.31366			6
2025.11.04	01:15:22.345	1.31356	1.31361			6
2025.11.04	01:15:22.654		1.31365			4
2025.11.04	01:15:22.961	1.31355				2
2025.11.04	01:15:23.271	1.31357	1.31366			6
2025.11.04	01:15:23.889	1.31356	1.31361			6
2025.11.04	01:15:24.193		1.31365			4
2025.11.04	01:15:24.813	1.31358	1.31366			6
2025.11.04	01:15:25.119	1.31356	1.31365			6
2025.11.04	01:15:25.432	1.31357				2
2025.11.04	01:15:25.740	1.31358	1.31361			6
2025.11.04	01:15:26.354	1.31359				2
2025.11.04	01:15:26.659	1.31358	1.31365			6
2025.11.04	01:15:26.969	1.31357				2
2025.11.04	01:15:27.286	1.31358				2
2025.11.04	01:15:29.137	1.31356	1.31361			6
2025.11.04	01:15:29.441	1.31357	1.31359			6
2025.11.04	01:15:29.758		1.31365			4
2025.11.04	01:15:30.067		1.31361			4
2025.11.04	01:15:30.379	1.31358	1.31365			6
2025.11.04	01:15:32.231		1.31361			4
2025.11.04	01:15:32.548		1.31365			4
2025.11.04	01:15:33.162	1.31359				2
2025.11.04	01:15:34.087		1.31364			4
2025.11.04	01:15:34.702	1.31360	1.31365			6
2025.11.04	01:15:35.314		1.31361			4
2025.11.04	01:15:35.627		1.31365			4
2025.11.04	01:15:36.244		1.31364			4
2025.11.04	01:15:37.168		1.31363			4
2025.11.04	01:15:37.478	1.31361	1.31364			6
2025.11.04	01:15:38.391	1.31360	1.31363			6
2025.11.04	01:15:38.698	1.31361	1.31364			6
2025.11.04	01:15:40.517	1.31362	1.31365			6
2025.11.04	01:15:41.435	1.31361	1.31364			6
2025.11.04	01:15:41.737	1.31362	1.31365			6
2025.11.04	01:15:46.635	1.31361	1.31364			6
2025.11.04	01:15:46.941	1.31362	1.31365			6
2025.11.04	01:15:49.690	1.31361	1.31364			6
2025.11.04	01:15:49.995	1.31362	1.31365			6
2025.11.04	01:15:51.224	1.31363	1.31366			6
2025.11.04	01:15:51.531	1.31362	1.31365			6
2025.11.04	01:15:51.832	1.31363	1.31366			6
2025.11.04	01:15:52.141	1.31361				2
2025.11.04	01:15:52.448	1.31362				2
2025.11.04	01:15:53.671	1.31361				2
2025.11.04	01:15:54.291	1.31360				2
2025.11.04	01:15:55.213	1.31361				2
2025.11.04	01:15:57.088	1.31362				2
2025.11.04	01:15:59.268	1.31363				2
2025.11.04	01:16:00.196	1.31363				2
2025.11.04	01:16:01.117	1.31364	1.31367			6
2025.11.04	01:16:02.344	1.31363	1.31366			6
2025.11.04	01:16:03.264	1.31364	1.31367			6
2025.11.04	01:16:06.938	1.31363	1.31366			6
2025.11.04	01:16:07.557	1.31364	1.31367			6
2025.11.04	01:16:10.003	1.31366	1.31369			6
2025.11.04	01:16:10.304		1.31370			4
2025.11.04	01:16:10.919	1.31365	1.31369			6
2025.11.04	01:16:12.141	1.31366				2
2025.11.04	01:16:13.360	1.31367	1.31370			6
2025.11.04	01:16:13.664	1.31366	1.31369			6
2025.11.04	01:16:17.021	1.31365	1.31368			6
2025.11.04	01:16:17.324	1.31366	1.31369			6
2025.11.04	01:16:27.103	1.31367	1.31370			6
2025.11.04	01:16:28.327	1.31368	1.31371			6
2025.11.04	01:16:28.932	1.31369	1.31372			6
2025.11.04	01:16:29.244	1.31368				2
2025.11.04	01:16:30.183	1.31369				2
2025.11.04	01:16:30.798		1.31371			4
2025.11.04	01:16:31.102		1.31372			4
2025.11.04	01:16:33.239	1.31368	1.31371			6
2025.11.04	01:16:34.154	1.31367				2
2025.11.04	01:16:35.397	1.31368				2
2025.11.04	01:16:36.930	1.31369	1.31372			6
2025.11.04	01:16:38.149	1.31368	1.31371			6
2025.11.04	01:16:47.323	1.31365	1.31368			6
2025.11.04	01:16:47.631	1.31369	1.31372			6
2025.11.04	01:16:48.252	1.31367	1.31370			6
2025.11.04	01:16:48.557	1.31364	1.31367			6
2025.11.04	01:16:50.387	1.31359	1.31369			6
2025.11.04	01:16:51.946		1.31371			4
2025.11.04	01:16:52.260		1.31369			4
2025.11.04	01:16:53.807	1.31360				2
2025.11.04	01:16:54.114	1.31359				2
2025.11.04	01:16:54.418	1.31360	1.31370			6
2025.11.04	01:16:54.728	1.31359	1.31371			6
2025.11.04	01:16:55.351	1.31360				2
2025.11.04	01:16:55.655	1.31359	1.31370			6
2025.11.04	01:16:56.275	1.31360				2
2025.11.04	01:16:58.125	1.31361				2
2025.11.04	01:16:58.431		1.31369			4
2025.11.04	01:16:59.674	1.31362				2
2025.11.04	01:17:00.290	1.31362				2
2025.11.04	01:17:01.211		1.31368			4
2025.11.04	01:17:01.516	1.31363	1.31369			6
2025.11.04	01:17:02.142	1.31365				2
2025.11.04	01:17:02.449	1.31364				2
2025.11.04	01:17:02.759	1.31365				2
2025.11.04	01:17:03.066	1.31364				2
2025.11.04	01:17:03.373	1.31365				2
2025.11.04	01:17:03.682	1.31363				2
2025.11.04	01:17:04.285	1.31364				2
2025.11.04	01:17:04.589	1.31365				2
2025.11.04	01:17:04.904	1.31362				2
2025.11.04	01:17:05.211	1.31363				2
2025.11.04	01:17:05.816	1.31365				2
2025.11.04	01:17:06.131	1.31364				2
2025.11.04	01:17:06.752	1.31362	1.31370			6
2025.11.04	01:17:07.063	1.31364				2
2025.11.04	01:17:07.364	1.31363				2
2025.11.04	01:17:07.982	1.31361				2
2025.11.04	01:17:08.285	1.31364				2
2025.11.04	01:17:08.599	1.31363				2
2025.11.04	01:17:09.218	1.31364				2
2025.11.04	01:17:09.840	1.31362				2
2025.11.04	01:17:10.144	1.31365				2
2025.11.04	01:17:10.757	1.31363				2
2025.11.04	01:17:11.058	1.31362				2
2025.11.04	01:17:11.366	1.31365				2
2025.11.04	01:17:11.991	1.31364				2
2025.11.04	01:17:12.299	1.31365				2
2025.11.04	01:17:12.926	1.31364				2
2025.11.04	01:17:13.233	1.31366				2
2025.11.04	01:17:14.157	1.31365				2
2025.11.04	01:17:14.459	1.31367				2
2025.11.04	01:17:14.764	1.31366				2
2025.11.04	01:17:15.684	1.31365				2
2025.11.04	01:17:15.989	1.31364				2
2025.11.04	01:17:16.294	1.31366				2
2025.11.04	01:17:17.232	1.31367				2
2025.11.04	01:17:17.537	1.31366				2
2025.11.04	01:17:17.837	1.31364	1.31368			6
2025.11.04	01:17:18.139	1.31365	1.31370			6
2025.11.04	01:17:19.062	1.31363	1.31369			6
2025.11.04	01:17:19.683	1.31364	1.31370			6
2025.11.04	01:17:20.604	1.31365				2
2025.11.04	01:17:20.907	1.31363				2
2025.11.04	01:17:21.208	1.31362				2
2025.11.04	01:17:21.823	1.31363				2
2025.11.04	01:17:22.755	1.31362				2
2025.11.04	01:17:23.059	1.31363				2
2025.11.04	01:17:23.369	1.31362				2
2025.11.04	01:17:24.288	1.31364				2
2025.11.04	01:17:25.212		1.31369			4
2025.11.04	01:17:26.133	1.31365				2
2025.11.04	01:17:27.352		1.31368			4
2025.11.04	01:17:30.705	1.31366	1.31369			6
2025.11.04	01:17:31.313	1.31365	1.31368			6
2025.11.04	01:17:32.230	1.31364	1.31367			6
2025.11.04	01:17:32.532	1.31365	1.31368			6
2025.11.04	01:17:32.834	1.31366	1.31369			6
2025.11.04	01:17:33.457	1.31365	1.31368			6
2025.11.04	01:17:33.759	1.31367	1.31370			6
2025.11.04	01:17:34.062	1.31366	1.31369			6
2025.11.04	01:17:34.371	1.31367	1.31370			6
2025.11.04	01:17:34.682	1.31368				2
2025.11.04	01:17:34.985	1.31369				2
2025.11.04	01:17:35.291	1.31366				2
2025.11.04	01:17:35.601	1.31368				2
2025.11.04	01:17:35.913	1.31361	1.31366			6
2025.11.04	01:17:36.218	1.31360	1.31365			6
2025.11.04	01:17:36.519	1.31358	1.31363			6
2025.11.04	01:17:36.827	1.31361	1.31366			6
2025.11.04	01:17:37.136	1.31358	1.31370			6
2025.11.04	01:17:37.437	1.31356	1.31368			6
2025.11.04	01:17:38.056	1.31359	1.31369			6
2025.11.04	01:17:38.360		1.31370			4
2025.11.04	01:17:38.661	1.31358	1.31369			6
2025.11.04	01:17:38.974	1.31357				2
2025.11.04	01:17:39.287	1.31355	1.31367			6
2025.11.04	01:17:39.909	1.31360	1.31369			6
2025.11.04	01:17:40.213	1.31362	1.31373			6
2025.11.04	01:17:40.525	1.31363				2
2025.11.04	01:17:42.060	1.31362				2
2025.11.04	01:17:42.371	1.31363				2
2025.11.04	01:17:42.982		1.31372			4
2025.11.04	01:17:43.296	1.31364	1.31376			6
2025.11.04	01:17:44.824	1.31363	1.31375			6
2025.11.04	01:17:45.132		1.31373			4
2025.11.04	01:17:45.443		1.31375			4
2025.11.04	01:17:46.055	1.31364				2
2025.11.04	01:17:46.367	1.31365				2
2025.11.04	01:17:46.674	1.31364				2
2025.11.04	01:17:46.988	1.31366	1.31376			6
2025.11.04	01:17:47.605		1.31375			4
2025.11.04	01:17:47.914		1.31376			4
2025.11.04	01:17:48.218		1.31375			4
2025.11.04	01:17:48.825	1.31365	1.31374			6
2025.11.04	01:17:49.436	1.31366	1.31375			6
2025.11.04	01:17:49.739	1.31367	1.31376			6
2025.11.04	01:17:50.045	1.31368				2
2025.11.04	01:17:50.347	1.31367				2
2025.11.04	01:17:50.970	1.31368				2
2025.11.04	01:17:51.273	1.31369	1.31377			6
2025.11.04	01:17:51.575	1.31368	1.31376			6
2025.11.04	01:17:52.200		1.31375			4
2025.11.04	01:17:53.739	1.31369	1.31376			6
2025.11.04	01:17:54.356		1.31375			4
2025.11.04	01:17:55.283	1.31370				2
2025.11.04	01:17:56.200	1.31371				2
2025.11.04	01:17:57.119		1.31374			4
2025.11.04	01:18:00.157	1.31371				2
2025.11.04	01:18:00.774	1.31372	1.31375			6
2025.11.04	01:18:02.308	1.31371	1.31374			6
2025.11.04	01:18:02.619	1.31372	1.31375			6
2025.11.04	01:18:03.842	1.31373	1.31376			6
2025.11.04	01:18:04.147	1.31372	1.31375			6
2025.11.04	01:18:09.052	1.31373	1.31376			6
2025.11.04	01:18:11.194	1.31372	1.31375			6
2025.11.04	01:18:11.809	1.31373	1.31376			6
2025.11.04	01:18:12.733	1.31372	1.31375			6
2025.11.04	01:18:19.463	1.31369	1.31372			6
2025.11.04	01:18:19.767	1.31370	1.31373			6
2025.11.04	01:18:20.073	1.31373	1.31376			6
2025.11.04	01:18:20.689	1.31372	1.31375			6
2025.11.04	01:18:20.993	1.31370	1.31373			6
2025.11.04	01:18:21.305		1.31377			4
2025.11.04	01:18:22.229	1.31371	1.31378			6
2025.11.04	01:18:23.152	1.31369	1.31375			6
2025.11.04	01:18:23.457	1.31370	1.31376			6
2025.11.04	01:18:23.763	1.31369	1.31375			6
2025.11.04	01:18:24.373	1.31371	1.31377			6
2025.11.04	01:18:25.284	1.31370	1.31376			6
2025.11.04	01:18:25.588	1.31371	1.31377			6
2025.11.04	01:18:26.207	1.31372				2
2025.11.04	01:18:27.141		1.31376			4
2025.11.04	01:18:28.363	1.31373				2
2025.11.04	01:18:30.813	1.31372	1.31375			6
2025.11.04	01:18:37.540	1.31374	1.31377			6
2025.11.04	01:18:38.459	1.31375	1.31378			6
2025.11.04	01:18:40.003	1.31374	1.31377			6
2025.11.04	01:18:41.533	1.31373	1.31376			6
2025.11.04	01:18:42.155	1.31374	1.31377			6
2025.11.04	01:18:42.464	1.31373	1.31376			6
2025.11.04	01:18:47.346	1.31374	1.31377			6
2025.11.04	01:18:48.877	1.31373	1.31376			6
2025.11.04	01:18:51.616	1.31374	1.31377			6
2025.11.04	01:18:52.225	1.31373	1.31376			6
2025.11.04	01:18:55.281	1.31374	1.31377			6
2025.11.04	01:18:55.589	1.31373	1.31376			6
2025.11.04	01:18:56.815	1.31374	1.31377			6
2025.11.04	01:19:00.196	1.31374				2
2025.11.04	01:19:11.229	1.31373	1.31376			6
2025.11.04	01:19:15.809	1.31372	1.31375			6
2025.11.04	01:19:16.118	1.31373	1.31376			6
2025.11.04	01:19:31.429	1.31372	1.31375			6
2025.11.04	01:19:33.256	1.31373	1.31376			6
2025.11.04	01:19:45.547	1.31372	1.31375			6
2025.11.04	01:19:46.170	1.31373	1.31376			6
2025.11.04	01:19:46.791	1.31372	1.31375			6
2025.11.04	01:19:50.520	1.31373	1.31376			6
2025.11.04	01:19:52.377	1.31372	1.31375			6
2025.11.04	01:19:53.297	1.31370	1.31376			6
2025.11.04	01:19:54.227	1.31371				2
2025.11.04	01:19:56.386		1.31375			4
2025.11.04	01:19:58.240	1.31372				2
2025.11.04	01:20:00.099	1.31372				2
2025.11.04	01:20:00.407	1.31373	1.31376			6
2025.11.04	01:20:01.033	1.31372	1.31375			6
2025.11.04	01:20:02.279		1.31376			4
2025.11.04	01:20:03.216		1.31375			4
2025.11.04	01:20:06.291	1.31371	1.31374			6
2025.11.04	01:20:07.839	1.31372	1.31375			6
2025.11.04	01:20:09.385	1.31371	1.31376			6
2025.11.04	01:20:11.237		1.31375			4
2025.11.04	01:20:13.089	1.31372				2
2025.11.04	01:20:16.182	1.31371	1.31374			6
2025.11.04	01:20:16.485	1.31372	1.31375			6
2025.11.04	01:20:20.190	1.31373	1.31376			6
2025.11.04	01:20:20.804	1.31372	1.31375			6
2025.11.04	01:20:24.820	1.31371	1.31374			6
2025.11.04	01:20:32.237	1.31373	1.31376			6
2025.11.04	01:20:33.163	1.31370	1.31378			6
2025.11.04	01:20:34.393	1.31371				2
2025.11.04	01:20:36.252		1.31377			4
2025.11.04	01:20:37.178	1.31372				2
2025.11.04	01:20:39.334		1.31376			4
2025.11.04	01:20:40.259		1.31375			4
2025.11.04	01:20:40.575	1.31373	1.31376			6
2025.11.04	01:20:41.191	1.31372	1.31375			6
2025.11.04	01:20:42.117		1.31376			4
2025.11.04	01:20:43.356		1.31375			4
2025.11.04	01:20:52.049	1.31373	1.31376			6
2025.11.04	01:20:53.288	1.31372	1.31375			6
2025.11.04	01:20:54.229	1.31371				2
2025.11.04	01:20:55.157		1.31376			4
2025.11.04	01:20:56.082	1.31372				2
2025.11.04	01:20:56.400	1.31373	1.31377			6
2025.11.04	01:20:57.316	1.31369	1.31380			6
2025.11.04	01:20:58.244	1.31370				2
2025.11.04	01:21:00.105	1.31370				2
2025.11.04	01:21:00.412	1.31371				2
2025.11.04	01:21:02.271		1.31379			4
2025.11.04	01:21:02.589	1.31372	1.31380			6
2025.11.04	01:21:03.201		1.31379			4
2025.11.04	01:21:04.122	1.31373				2
2025.11.04	01:21:05.381		1.31378			4
2025.11.04	01:21:06.324	1.31374				2
2025.11.04	01:21:07.260		1.31377			4
2025.11.04	01:21:08.179	1.31373				2
2025.11.04	01:21:08.791	1.31374	1.31378			6
2025.11.04	01:21:09.106		1.31379			4
2025.11.04	01:21:10.978	1.31373	1.31378			6
2025.11.04	01:21:11.293		1.31377			4
2025.11.04	01:21:12.236	1.31370	1.31379			6
2025.11.04	01:21:14.104	1.31371				2
2025.11.04	01:21:15.348		1.31378			4
2025.11.04	01:21:16.289	1.31372				2
2025.11.04	01:21:16.607	1.31371	1.31377			6
2025.11.04	01:21:17.872	1.31372	1.31378			6
2025.11.04	01:21:18.176	1.31371				2
2025.11.04	01:21:19.122	1.31372	1.31377			6
2025.11.04	01:21:20.058	1.31373	1.31378			6
2025.11.04	01:21:20.379		1.31377			4
2025.11.04	01:21:21.302		1.31378			4
2025.11.04	01:21:22.243	1.31374	1.31377			6
2025.11.04	01:21:24.701	1.31373	1.31376			6
2025.11.04	01:21:28.679	1.31372	1.31375			6
2025.11.04	01:21:28.990	1.31373	1.31376			6
2025.11.04	01:21:29.595	1.31374	1.31377			6
2025.11.04	01:21:33.258	1.31377	1.31380			6
2025.11.04	01:21:34.176	1.31373	1.31382			6
2025.11.04	01:21:34.800	1.31372				2
2025.11.04	01:21:36.050	1.31371	1.31381			6
2025.11.04	01:21:36.366		1.31382			4
2025.11.04	01:21:39.161		1.31381			4
2025.11.04	01:21:39.485		1.31382			4
2025.11.04	01:21:40.097	1.31370	1.31381			6
2025.11.04	01:21:42.291	1.31371				2
2025.11.04	01:21:43.215		1.31380			4
2025.11.04	01:21:44.146	1.31372				2
2025.11.04	01:21:45.388		1.31379			4
2025.11.04	01:21:45.699	1.31373	1.31380			6
2025.11.04	01:21:46.309	1.31372	1.31379			6
2025.11.04	01:21:47.252	1.31373				2
2025.11.04	01:21:48.180		1.31378			4
2025.11.04	01:21:49.133	1.31374				2
2025.11.04	01:21:50.370		1.31377			4
2025.11.04	01:21:50.978	1.31375	1.31378			6
2025.11.04	01:21:51.281	1.31374	1.31377			6
2025.11.04	01:21:51.898	1.31375	1.31378			6
2025.11.04	01:21:52.201	1.31374	1.31377			6
2025.11.04	01:21:54.656	1.31375	1.31378			6
2025.11.04	01:21:55.268	1.31374	1.31377			6
2025.11.04	01:22:00.173	1.31374				2
2025.11.04	01:22:02.323	1.31375	1.31378			6
2025.11.04	01:22:04.165	1.31376	1.31379			6
2025.11.04	01:22:22.781	1.31375	1.31378			6
2025.11.04	01:22:23.096	1.31371	1.31381			6
2025.11.04	01:22:24.011	1.31372				2
2025.11.04	01:22:26.181	1.31373				2
2025.11.04	01:22:27.118		1.31380			4
2025.11.04	01:22:28.366	1.31374	1.31379			6
2025.11.04	01:22:29.303	1.31375	1.31378			6
2025.11.04	01:22:31.136		1.31379			4
2025.11.04	01:22:32.083		1.31378			4
2025.11.04	01:22:33.924	1.31376	1.31379			6
2025.11.04	01:22:35.159	1.31375	1.31378			6
2025.11.04	01:22:36.390	1.31376	1.31379			6
2025.11.04	01:22:37.316	1.31374	1.31381			6
2025.11.04	01:22:37.943	1.31375	1.31382			6
2025.11.04	01:22:39.183	1.31376	1.31381			6
2025.11.04	01:22:40.108	1.31377	1.31380			6
2025.11.04	01:22:40.410	1.31375	1.31378			6
2025.11.04	01:22:41.025	1.31374	1.31377			6
2025.11.04	01:22:41.326	1.31370	1.31382			6
2025.11.04	01:22:44.406		1.31381			4
2025.11.04	01:22:44.713		1.31382			4
2025.11.04	01:22:45.637		1.31381			4
2025.11.04	01:22:48.137		1.31380			4
2025.11.04	01:22:49.367	1.31371				2
2025.11.04	01:22:50.295		1.31379			4
2025.11.04	01:22:50.917	1.31372	1.31380			6
2025.11.04	01:22:51.232	1.31371	1.31379			6
2025.11.04	01:22:52.157	1.31372				2
2025.11.04	01:22:53.386	1.31373	1.31378			6
2025.11.04	01:22:54.311		1.31377			4
2025.11.04	01:22:55.224	1.31374				2
2025.11.04	01:23:00.123	1.31374				2
2025.11.04	01:23:10.246	1.31373	1.31376			6
2025.11.04	01:23:11.178	1.31374	1.31377			6
2025.11.04	01:23:12.088	1.31373	1.31378			6
2025.11.04	01:23:13.334	1.31374	1.31377			6
2025.11.04	01:23:15.465	1.31375	1.31378			6
2025.11.04	01:23:31.374	1.31374	1.31377			6
2025.11.04	01:23:45.185		1.31378			4
2025.11.04	01:23:46.113	1.31371	1.31380			6
2025.11.04	01:23:47.351	1.31372	1.31381			6
2025.11.04	01:23:48.273	1.31370	1.31382			6
2025.11.04	01:23:49.226		1.31381			4
2025.11.04	01:23:50.467	1.31371	1.31382			6
2025.11.04	01:23:51.094		1.31381			4
2025.11.04	01:23:53.264		1.31380			4
2025.11.04	01:23:55.116	1.31372				2
2025.11.04	01:23:56.358		1.31379			4
2025.11.04	01:23:57.302	1.31373	1.31378			6
2025.11.04	01:23:58.243	1.31374	1.31377			6
2025.11.04	01:24:00.088	1.31374				2
2025.11.04	01:24:01.310	1.31375	1.31378			6
2025.11.04	01:24:11.134	1.31374	1.31377			6
2025.11.04	01:24:11.436	1.31373	1.31376			6
2025.11.04	01:24:12.355	1.31369	1.31381			6
2025.11.04	01:24:15.151	1.31370				2
2025.11.04	01:24:15.469	1.31369				2
2025.11.04	01:24:17.318	1.31370				2
2025.11.04	01:24:18.248		1.31380			4
2025.11.04	01:24:19.195	1.31371	1.31379			6
2025.11.04	01:24:20.134	1.31372				2
2025.11.04	01:24:21.357	1.31373	1.31378			6
2025.11.04	01:24:22.284		1.31377			4
2025.11.04	01:24:23.206	1.31374				2
2025.11.04	01:24:33.937	1.31373	1.31376			6
2025.11.04	01:25:00.258	1.31374	1.31377			6
2025.11.04	01:25:08.523	1.31373	1.31376			6
2025.11.04	01:25:10.365	1.31370	1.31379			6
2025.11.04	01:25:11.279		1.31378			4
2025.11.04	01:25:14.362		1.31379			4
2025.11.04	01:25:16.214		1.31380			4
2025.11.04	01:25:17.149		1.31379			4
2025.11.04	01:25:18.373	1.31371				2
2025.11.04	01:25:19.316		1.31378			4
2025.11.04	01:25:20.242	1.31372				2
2025.11.04	01:25:20.548	1.31371	1.31377			6
2025.11.04	01:25:20.856	1.31372	1.31378			6
2025.11.04	01:25:21.168	1.31373				2
2025.11.04	01:25:22.113	1.31372	1.31379			6
2025.11.04	01:25:23.356		1.31378			4
2025.11.04	01:25:24.290	1.31373				2
2025.11.04	01:25:25.218		1.31377			4
2025.11.04	01:25:26.142	1.31374				2
2025.11.04	01:25:28.596	1.31373	1.31376			6
2025.11.04	01:25:29.209	1.31372	1.31377			6
2025.11.04	01:25:30.144	1.31373	1.31376			6
2025.11.04	01:25:31.364	1.31371	1.31377			6
2025.11.04	01:25:32.296	1.31372				2
2025.11.04	01:25:33.238	1.31373	1.31376			6
2025.11.04	01:25:34.161	1.31371	1.31378			6
2025.11.04	01:25:35.108	1.31372				2
2025.11.04	01:25:36.366		1.31377			4
2025.11.04	01:25:37.308	1.31373	1.31376			6
2025.11.04	01:25:39.137	1.31371	1.31377			6
2025.11.04	01:25:40.404	1.31372	1.31376			6
2025.11.04	01:25:41.343	1.31373				2
2025.11.04	01:25:43.794	1.31370	1.31373			6
2025.11.04	01:25:44.095	1.31371	1.31374			6
2025.11.04	01:25:44.396	1.31372	1.31375			6
2025.11.04	01:25:44.702	1.31373	1.31376			6
2025.11.04	01:25:45.319	1.31369	1.31379			6
2025.11.04	01:25:45.641		1.31380			4
2025.11.04	01:25:45.949		1.31379			4
2025.11.04	01:25:46.263		1.31380			4
2025.11.04	01:25:46.568		1.31379			4
2025.11.04	01:25:46.874		1.31380			4
2025.11.04	01:25:47.503		1.31381			4
2025.11.04	01:25:51.219	1.31368	1.31380			6
2025.11.04	01:25:52.463	1.31369	1.31381			6
2025.11.04	01:25:52.770	1.31367	1.31377			6
2025.11.04	01:25:53.402	1.31368	1.31378			6
2025.11.04	01:25:53.712	1.31367				2
2025.11.04	01:25:54.019	1.31368	1.31379			6
2025.11.04	01:25:54.323	1.31367				2
2025.11.04	01:25:55.875	1.31368	1.31380			6
2025.11.04	01:25:56.490	1.31369	1.31381			6
2025.11.04	01:25:59.287		1.31380			4
2025.11.04	01:26:00.217	1.31370				2
2025.11.04	01:26:01.142		1.31379			4
2025.11.04	01:26:02.396	1.31371				2
2025.11.04	01:26:04.248		1.31378			4
2025.11.04	01:26:05.178	1.31372				2
2025.11.04	01:26:05.797	1.31373	1.31379			6
2025.11.04	01:26:06.416	1.31372	1.31378			6
2025.11.04	01:26:07.357	1.31373				2
2025.11.04	01:26:08.273		1.31377			4
2025.11.04	01:26:09.183	1.31374				2
2025.11.04	01:26:10.406	1.31373	1.31376			6
2025.11.04	01:26:11.314	1.31374	1.31377			6
2025.11.04	01:26:13.775	1.31373	1.31376			6
2025.11.04	01:26:20.545	1.31374	1.31377			6
2025.11.04	01:26:20.847	1.31373	1.31376			6
2025.11.04	01:26:21.451	1.31374	1.31377			6
2025.11.04	01:26:22.974	1.31373	1.31376			6
2025.11.04	01:26:26.046	1.31372	1.31375			6
2025.11.04	01:26:26.347	1.31373	1.31376			6
2025.11.04	01:26:28.191	1.31374	1.31377			6
2025.11.04	01:26:32.156	1.31373	1.31376			6
2025.11.04	01:26:49.281	1.31372	1.31375			6
2025.11.04	01:26:49.586	1.31373	1.31376			6
2025.11.04	01:26:51.429	1.31372	1.31375			6
2025.11.04	01:26:52.351	1.31369	1.31378			6
2025.11.04	01:26:53.297		1.31377			4
2025.11.04	01:26:54.222	1.31370				2
2025.11.04	01:26:54.837	1.31368	1.31375			6
2025.11.04	01:26:55.153	1.31369				2
2025.11.04	01:26:56.090	1.31368	1.31376			6
2025.11.04	01:26:57.019	1.31367	1.31375			6
2025.11.04	01:26:57.322	1.31368				2
2025.11.04	01:26:57.640	1.31369				2
2025.11.04	01:26:57.948	1.31368				2
2025.11.04	01:26:59.193	1.31369				2
2025.11.04	01:27:00.133	1.31369	1.31374			6
2025.11.04	01:27:01.389	1.31370				2
2025.11.04	01:27:02.311	1.31369	1.31375			6
2025.11.04	01:27:03.266	1.31370	1.31374			6
2025.11.04	01:27:04.213	1.31371				2
2025.11.04	01:27:06.051	1.31370	1.31373			6
2025.11.04	01:27:06.360	1.31371	1.31374			6
2025.11.04	01:27:07.580	1.31369	1.31372			6
2025.11.04	01:27:08.186	1.31366	1.31376			6
2025.11.04	01:27:08.494		1.31377			4
2025.11.04	01:27:08.807		1.31376			4
2025.11.04	01:27:09.113	1.31368				2
2025.11.04	01:27:09.421	1.31366				2
2025.11.04	01:27:10.351	1.31368	1.31377			6
2025.11.04	01:27:10.661	1.31366	1.31376			6
2025.11.04	01:27:12.521	1.31368				2
2025.11.04	01:27:12.824	1.31366				2
2025.11.04	01:27:13.461	1.31368				2
2025.11.04	01:27:13.779	1.31366				2
2025.11.04	01:27:14.709		1.31377			4
2025.11.04	01:27:15.025		1.31376			4
2025.11.04	01:27:16.271		1.31375			4
2025.11.04	01:27:17.203		1.31374			4
2025.11.04	01:27:18.139	1.31367				2
2025.11.04	01:27:20.000	1.31366	1.31373			6
2025.11.04	01:27:20.311	1.31367	1.31372			6
2025.11.04	01:27:20.617	1.31368	1.31373			6
2025.11.04	01:27:21.235	1.31367	1.31372			6
2025.11.04	01:27:23.100	1.31370	1.31373			6
2025.11.04	01:27:24.328	1.31366	1.31377			6
2025.11.04	01:27:25.255	1.31368	1.31376			6
2025.11.04	01:27:25.557	1.31366				2
2025.11.04	01:27:26.185	1.31367				2
2025.11.04	01:27:27.120		1.31375			4
2025.11.04	01:27:28.365	1.31368	1.31374			6
2025.11.04	01:27:29.291	1.31369	1.31373			6
2025.11.04	01:27:30.213	1.31370				2
2025.11.04	01:27:31.128	1.31369	1.31372			6
2025.11.04	01:27:31.430	1.31370	1.31373			6
2025.11.04	01:27:35.719	1.31369	1.31372			6
2025.11.04	01:27:42.133	1.31368	1.31371			6
2025.11.04	01:27:42.433	1.31369	1.31372			6
2025.11.04	01:27:43.057	1.31368	1.31371			6
2025.11.04	01:27:50.109	1.31369	1.31372			6
2025.11.04	01:28:00.201	1.31369				2
2025.11.04	01:28:00.508	1.31370	1.31373			6
2025.11.04	01:28:00.812	1.31369	1.31372			6
2025.11.04	01:28:01.114	1.31370	1.31373			6
2025.11.04	01:28:15.799	1.31369	1.31372			6
2025.11.04	01:28:17.326	1.31366	1.31376			6
2025.11.04	01:28:19.188	1.31368				2
2025.11.04	01:28:19.495	1.31366				2
2025.11.04	01:28:22.296	1.31368				2
2025.11.04	01:28:22.605	1.31366				2
2025.11.04	01:28:23.223	1.31367				2
2025.11.04	01:28:25.394	1.31368				2
2025.11.04	01:28:26.325	1.31369	1.31375			6
2025.11.04	01:28:28.209	1.31370				2
2025.11.04	01:28:29.151	1.31371	1.31374			6
2025.11.04	01:28:29.452	1.31370	1.31373			6
2025.11.04	01:28:30.379	1.31369	1.31374			6
2025.11.04	01:28:31.324	1.31370				2
2025.11.04	01:28:32.245		1.31373			4
2025.11.04	01:28:42.374	1.31369	1.31372			6
2025.11.04	01:28:43.308	1.31368	1.31373			6
2025.11.04	01:28:44.245	1.31369				2
2025.11.04	01:28:45.166		1.31372			4
2025.11.04	01:29:00.136	1.31369				2
2025.11.04	01:29:00.444	1.31370	1.31373			6
2025.11.04	01:29:02.919	1.31371	1.31374			6
2025.11.04	01:29:12.093	1.31370	1.31373			6
2025.11.04	01:29:14.226	1.31371	1.31374			6
2025.11.04	01:29:15.136	1.31370				2
2025.11.04	01:29:16.370	1.31371				2
2025.11.04	01:29:16.974	1.31372	1.31375			6
2025.11.04	01:29:17.279	1.31371	1.31374			6
2025.11.04	01:29:18.207		1.31375			4
2025.11.04	01:29:19.134		1.31374			4
2025.11.04	01:29:21.875	1.31370	1.31373			6
2025.11.04	01:29:22.181	1.31369	1.31375			6
2025.11.04	01:29:22.797	1.31370	1.31376			6
2025.11.04	01:29:23.098	1.31369	1.31377			6
2025.11.04	01:29:24.353		1.31376			4
2025.11.04	01:29:25.290	1.31370	1.31375			6
2025.11.04	01:29:26.225	1.31371				2
2025.11.04	01:29:27.146		1.31374			4
2025.11.04	01:29:28.363	1.31369	1.31375			6
2025.11.04	01:29:29.304	1.31370				2
2025.11.04	01:29:29.623	1.31369	1.31374			6
2025.11.04	01:29:30.257	1.31368	1.31375			6
2025.11.04	01:29:31.180	1.31369				2
2025.11.04	01:29:32.113	1.31370	1.31374			6
2025.11.04	01:29:32.431	1.31371	1.31375			6
2025.11.04	01:29:33.053	1.31370	1.31374			6
2025.11.04	01:29:33.360	1.31367	1.31378			6
2025.11.04	01:29:35.546	1.31368	1.31377			6
2025.11.04	01:29:36.474		1.31378			4
2025.11.04	01:29:39.871		1.31377			4
2025.11.04	01:29:41.109	1.31369				2
2025.11.04	01:29:42.048	1.31368				2
2025.11.04	01:29:42.363		1.31376			4
2025.11.04	01:29:43.292		1.31377			4
2025.11.04	01:29:44.854		1.31378			4
2025.11.04	01:29:45.783	1.31369				2
2025.11.04	01:29:46.089	1.31368				2
2025.11.04	01:29:47.948	1.31369				2
2025.11.04	01:29:48.256	1.31368				2
2025.11.04	01:29:49.197		1.31377			4
2025.11.04	01:29:50.142		1.31376			4
2025.11.04	01:29:52.008		1.31377			4
2025.11.04	01:29:52.328	1.31369	1.31376			6
2025.11.04	01:29:53.259	1.31368	1.31377			6
2025.11.04	01:29:54.199	1.31369	1.31376			6
2025.11.04	01:29:55.153		1.31375			4
2025.11.04	01:29:56.078	1.31371	1.31374			6
2025.11.04	01:29:56.690	1.31370	1.31373			6
2025.11.04	01:29:57.307	1.31369	1.31374			6
2025.11.04	01:29:57.917	1.31370	1.31375			6
2025.11.04	01:29:58.235	1.31371	1.31374			6
2025.11.04	01:29:59.164	1.31369	1.31376			6
2025.11.04	01:30:00.099	1.31370	1.31374			6
2025.11.04	01:30:01.334	1.31371				2
2025.11.04	01:30:02.861	1.31370	1.31373			6
2025.11.04	01:30:03.167	1.31368	1.31371			6
2025.11.04	01:30:04.084	1.31364	1.31376			6
2025.11.04	01:30:04.391	1.31363	1.31375			6
2025.11.04	01:30:05.329	1.31364	1.31376			6
2025.11.04	01:30:06.883	1.31365				2
2025.11.04	01:30:07.194		1.31375			4
2025.11.04	01:30:09.393	1.31366				2
2025.11.04	01:30:09.713	1.31365				2
2025.11.04	01:30:10.336		1.31374			4
2025.11.04	01:30:10.652	1.31368	1.31377			6
2025.11.04	01:30:10.961	1.31367				2
2025.11.04	01:30:11.277	1.31366	1.31378			6
2025.11.04	01:30:13.477		1.31376			4
2025.11.04	01:30:13.779		1.31377			4
2025.11.04	01:30:14.095		1.31376			4
2025.11.04	01:30:15.354	1.31368	1.31377			6
2025.11.04	01:30:15.661	1.31369				2
2025.11.04	01:30:20.330	1.31370				2
2025.11.04	01:30:23.117	1.31371				2
2025.11.04	01:30:26.214	1.31372				2
2025.11.04	01:30:28.380	1.31373				2
2025.11.04	01:30:29.296		1.31376			4
2025.11.04	01:30:30.521	1.31370	1.31373			6
2025.11.04	01:30:30.830	1.31371	1.31374			6
2025.11.04	01:30:31.135	1.31370	1.31376			6
2025.11.04	01:30:32.373	1.31371				2
2025.11.04	01:30:34.216	1.31372				2
2025.11.04	01:30:35.134	1.31371	1.31374			6
2025.11.04	01:30:35.751	1.31372	1.31375			6
2025.11.04	01:30:45.833	1.31371	1.31374			6
2025.11.04	01:30:46.136	1.31372	1.31375			6
2025.11.04	01:30:47.980	1.31370	1.31373			6
2025.11.04	01:30:48.282	1.31372	1.31375			6
2025.11.04	01:30:49.197	1.31371	1.31376			6
2025.11.04	01:30:50.132		1.31375			4
2025.11.04	01:30:51.352	1.31372				2
2025.11.04	01:30:59.321	1.31370	1.31373			6
2025.11.04	01:31:00.248	1.31369	1.31375			6
2025.11.04	01:31:01.160		1.31377			4
2025.11.04	01:31:01.474	1.31372	1.31379			6
2025.11.04	01:31:01.775	1.31371	1.31377			6
2025.11.04	01:31:02.398	1.31370				2
2025.11.04	01:31:05.814	1.31371	1.31379			6
2025.11.04	01:31:06.118		1.31377			4
2025.11.04	01:31:07.057	1.31369				2
2025.11.04	01:31:08.939		1.31378			4
2025.11.04	01:31:09.256	1.31370				2
2025.11.04	01:31:09.562	1.31372				2
2025.11.04	01:31:10.184	1.31370	1.31377			6
2025.11.04	01:31:11.111		1.31378			4
2025.11.04	01:31:12.977	1.31371				2
2025.11.04	01:31:14.236	1.31372				2
2025.11.04	01:31:16.104	1.31373	1.31377			6
2025.11.04	01:31:16.810	1.31374	1.31378			6
2025.11.04	01:31:17.111		1.31377			4
2025.11.04	01:31:21.693	1.31370	1.31373			6
2025.11.04	01:31:21.999	1.31372	1.31375			6
2025.11.04	01:31:22.305	1.31369	1.31377			6
2025.11.04	01:31:23.551	1.31370				2
2025.11.04	01:31:27.283	1.31371				2
2025.11.04	01:31:28.223	1.31372				2
2025.11.04	01:31:29.151	1.31373				2
2025.11.04	01:31:29.771	1.31372	1.31376			6
2025.11.04	01:31:30.096	1.31373				2
2025.11.04	01:31:30.714	1.31372	1.31375			6
2025.11.04	01:31:36.852	1.31373	1.31376			6
2025.11.04	01:31:37.156	1.31374	1.31377			6
2025.11.04	01:31:37.774	1.31373	1.31376			6
2025.11.04	01:31:55.873	1.31378	1.31380			6
2025.11.04	01:31:57.399		1.31382			4
2025.11.04	01:32:00.215	1.31378				2
2025.11.04	01:32:01.146	1.31377				2
2025.11.04	01:32:01.461	1.31378	1.31384			6
2025.11.04	01:32:02.390	1.31377	1.31382			6
2025.11.04	01:32:10.377		1.31381			4
2025.11.04	01:32:11.303		1.31380			4
2025.11.04	01:32:14.391	1.31376	1.31379			6
2025.11.04	01:32:14.695	1.31377	1.31380			6
2025.11.04	01:32:15.918	1.31376	1.31379			6
2025.11.04	01:32:16.530	1.31377	1.31380			6
2025.11.04	01:32:21.115	1.31378	1.31381			6
2025.11.04	01:32:21.416	1.31377	1.31380			6
2025.11.04	01:32:30.937	1.31376	1.31379			6
2025.11.04	01:32:31.245	1.31377	1.31380			6
2025.11.04	01:33:00.071	1.31377				2
2025.11.04	01:33:00.993	1.31378	1.31381			6
2025.11.04	01:33:01.306	1.31377	1.31380			6
2025.11.04	01:33:16.653	1.31376	1.31379			6
2025.11.04	01:33:16.960	1.31377	1.31380			6
2025.11.04	01:33:30.486	1.31376	1.31379			6
2025.11.04	01:33:45.358	1.31377	1.31380			6
2025.11.04	01:33:49.387	1.31376	1.31379			6
2025.11.04	01:33:50.327	1.31375	1.31380			6
2025.11.04	01:33:50.950	1.31376				2
2025.11.04	01:33:52.191	1.31375				2
2025.11.04	01:33:54.355	1.31376				2
2025.11.04	01:33:58.377	1.31377				2
2025.11.04	01:34:00.240	1.31377				2
2025.11.04	01:34:00.547	1.31376	1.31379			6
2025.11.04	01:34:01.165	1.31375	1.31380			6
2025.11.04	01:34:03.330	1.31376				2
2025.11.04	01:34:05.169		1.31379			4
2025.11.04	01:34:10.406	1.31377	1.31380			6
2025.11.04	01:34:11.331	1.31376				2
2025.11.04	01:34:14.104	1.31377				2
2025.11.04	01:34:22.135	1.31376				2
2025.11.04	01:34:23.373	1.31377				2
2025.11.04	01:34:32.348	1.31375	1.31381			6
2025.11.04	01:34:33.277	1.31376				2
2025.11.04	01:34:35.182		1.31380			4
2025.11.04	01:34:36.103	1.31377				2
2025.11.04	01:34:39.196	1.31375				2
2025.11.04	01:34:41.363		1.31382			4
2025.11.04	01:34:41.981		1.31380			4
2025.11.04	01:34:46.297	1.31376				2
2025.11.04	01:34:48.151	1.31377				2
2025.11.04	01:34:53.348	1.31376	1.31379			6
2025.11.04	01:34:53.656	1.31377	1.31380			6
2025.11.04	01:34:57.325	1.31378	1.31381			6
2025.11.04	01:34:58.246	1.31376	1.31382			6
2025.11.04	01:35:00.100	1.31377				2
2025.11.04	01:35:00.414		1.31384			4
2025.11.04	01:35:01.644	1.31376	1.31380			6
2025.11.04	01:35:10.294	1.31377				2
2025.11.04	01:35:10.903		1.31382			4
2025.11.04	01:35:12.131	1.31378				2
2025.11.04	01:35:13.357		1.31381			4
2025.11.04	01:35:15.190	1.31386	1.31389			6
2025.11.04	01:35:15.493		1.31388			4
2025.11.04	01:35:15.796		1.31389			4
2025.11.04	01:35:16.103	1.31383				2
2025.11.04	01:35:16.714	1.31388	1.31394			6
2025.11.04	01:35:17.018	1.31389				2
2025.11.04	01:35:17.332	1.31387				2
2025.11.04	01:35:17.948	1.31388				2
2025.11.04	01:35:18.251	1.31387				2
2025.11.04	01:35:19.176	1.31388				2
2025.11.04	01:35:19.481	1.31387				2
2025.11.04	01:35:20.102	1.31388				2
2025.11.04	01:35:20.408	1.31385				2
2025.11.04	01:35:21.028	1.31388				2
2025.11.04	01:35:21.335	1.31386	1.31391			6
2025.11.04	01:35:21.636		1.31392			4
2025.11.04	01:35:22.259	1.31387				2
2025.11.04	01:35:22.560	1.31386				2
2025.11.04	01:35:23.190	1.31387				2
2025.11.04	01:35:23.496	1.31386				2
2025.11.04	01:35:25.364	1.31387				2
2025.11.04	01:35:25.665	1.31386				2
2025.11.04	01:35:26.288	1.31389	1.31393			6
2025.11.04	01:35:26.595	1.31387				2
2025.11.04	01:35:30.324	1.31388				2
2025.11.04	01:35:32.196	1.31389				2
2025.11.04	01:35:34.336		1.31392			4
2025.11.04	01:35:41.391	1.31390	1.31393			6
2025.11.04	01:35:41.705	1.31389	1.31392			6
2025.11.04	01:35:42.631	1.31388	1.31391			6
2025.11.04	01:35:44.469	1.31389	1.31392			6
2025.11.04	01:35:44.775	1.31388	1.31391			6
2025.11.04	01:35:45.390	1.31389	1.31392			6
2025.11.04	01:35:45.997	1.31388	1.31391			6
2025.11.04	01:35:47.530	1.31389	1.31392			6
2025.11.04	01:35:48.144	1.31388	1.31391			6
2025.11.04	01:35:48.449	1.31387	1.31390			6
2025.11.04	01:35:51.207	1.31388	1.31391			6
2025.11.04	01:35:52.141	1.31389				2
2025.11.04	01:35:52.446	1.31388				2
2025.11.04	01:35:54.592	1.31389	1.31392			6
2025.11.04	01:35:54.902	1.31388	1.31391			6
2025.11.04	01:35:55.206	1.31389	1.31392			6
2025.11.04	01:36:00.096	1.31389				2
2025.11.04	01:36:01.940	1.31388	1.31391			6
2025.11.04	01:36:09.268	1.31389				2
2025.11.04	01:36:09.579	1.31388				2
2025.11.04	01:36:10.500	1.31390	1.31393			6
2025.11.04	01:36:10.804	1.31380	1.31382			6
2025.11.04	01:36:11.107		1.31385			4
2025.11.04	01:36:11.418	1.31381				2
2025.11.04	01:36:11.726	1.31380				2
2025.11.04	01:36:12.039	1.31382	1.31387			6
2025.11.04	01:36:12.347	1.31381				2
2025.11.04	01:36:13.584	1.31382	1.31388			6
2025.11.04	01:36:13.886	1.31381	1.31387			6
2025.11.04	01:36:14.800	1.31382	1.31388			6
2025.11.04	01:36:16.963	1.31380				2
2025.11.04	01:36:19.136	1.31381				2
2025.11.04	01:36:20.395		1.31387			4
2025.11.04	01:36:21.329	1.31382				2
2025.11.04	01:36:22.257		1.31386			4
2025.11.04	01:36:23.175	1.31383				2
2025.11.04	01:36:25.627	1.31382	1.31385			6
2025.11.04	01:36:25.933	1.31379	1.31382			6
2025.11.04	01:36:26.236		1.31384			4
2025.11.04	01:36:28.706	1.31376	1.31382			6
2025.11.04	01:36:29.328	1.31377				2
2025.11.04	01:36:29.949		1.31381			4
2025.11.04	01:36:30.256		1.31382			4
2025.11.04	01:36:31.790	1.31374	1.31379			6
2025.11.04	01:36:32.101		1.31378			4
2025.11.04	01:36:32.719		1.31379			4
2025.11.04	01:36:33.027	1.31373	1.31377			6
2025.11.04	01:36:33.334		1.31380			4
2025.11.04	01:36:34.264	1.31371	1.31378			6
2025.11.04	01:36:34.879	1.31370	1.31376			6
2025.11.04	01:36:36.131		1.31377			4
2025.11.04	01:36:38.608		1.31376			4
2025.11.04	01:36:40.457		1.31377			4
2025.11.04	01:36:40.777	1.31371				2
2025.11.04	01:36:45.157	1.31372				2
2025.11.04	01:36:46.103		1.31376			4
2025.11.04	01:36:47.011	1.31373	1.31377			6
2025.11.04	01:36:47.314		1.31376			4
2025.11.04	01:36:55.875	1.31379	1.31382			6
2025.11.04	01:36:56.187	1.31376	1.31383			6
2025.11.04	01:36:56.491	1.31377	1.31382			6
2025.11.04	01:36:56.811	1.31376	1.31381			6
2025.11.04	01:36:57.427	1.31375				2
2025.11.04	01:36:58.047	1.31377	1.31383			6
2025.11.04	01:36:58.369		1.31382			4
2025.11.04	01:36:58.996		1.31383			4
2025.11.04	01:36:59.298		1.31382			4
2025.11.04	01:36:59.606		1.31383			4
2025.11.04	01:36:59.917		1.31382			4
2025.11.04	01:37:00.223	1.31377				2
2025.11.04	01:37:01.153		1.31383			4
2025.11.04	01:37:01.773		1.31382			4
2025.11.04	01:37:02.701	1.31376				2
2025.11.04	01:37:04.547	1.31377				2
2025.11.04	01:37:06.096	1.31378				2
2025.11.04	01:37:07.317		1.31381			4
2025.11.04	01:37:12.826	1.31377	1.31380			6
2025.11.04	01:37:13.132	1.31379	1.31382			6
2025.11.04	01:37:13.433	1.31378	1.31381			6
2025.11.04	01:37:14.055	1.31379	1.31382			6
2025.11.04	01:37:14.663	1.31378	1.31381			6
2025.11.04	01:37:14.970	1.31379	1.31382			6
2025.11.04	01:37:15.582	1.31378	1.31381			6
2025.11.04	01:37:16.199	1.31379	1.31382			6
2025.11.04	01:37:16.807	1.31378	1.31381			6
2025.11.04	01:37:22.349	1.31379	1.31382			6
2025.11.04	01:37:25.422	1.31378	1.31381			6
2025.11.04	01:37:32.775	1.31379	1.31382			6
2025.11.04	01:37:33.086	1.31378	1.31381			6
2025.11.04	01:37:36.169	1.31379	1.31382			6
2025.11.04	01:37:37.397	1.31378	1.31381			6
2025.11.04	01:37:38.616	1.31379	1.31382			6
2025.11.04	01:37:38.929	1.31378	1.31381			6
2025.11.04	01:37:39.237	1.31379	1.31382			6
2025.11.04	01:37:41.071	1.31378	1.31381			6
2025.11.04	01:37:46.279	1.31377	1.31380			6
2025.11.04	01:37:48.736	1.31378	1.31381			6
