<DATE>	<TIME>	<BID>	<ASK>	<LAST>	<VOLUME>	<FLAGS>
2025.04.22	00:03:30.741	1.33675	1.33838			6
2025.04.22	00:03:42.417		1.33837			4
2025.04.22	00:04:00.246	1.33675				2
2025.04.22	00:04:13.469	1.33678				2
2025.04.22	00:04:13.771		1.33836			4
2025.04.22	00:04:51.875		1.33835			4
2025.04.22	00:05:00.160	1.33678				2
2025.04.22	00:05:02.623	1.33730				2
2025.04.22	00:05:07.183	1.33728				2
2025.04.22	00:05:31.050	1.33719				2
2025.04.22	00:05:33.781	1.33722	1.33834			6
2025.04.22	00:05:56.300	1.33721				2
2025.04.22	00:06:00.253	1.33721				2
2025.04.22	00:06:06.365	1.33720				2
2025.04.22	00:06:06.668	1.33721				2
2025.04.22	00:06:11.246	1.33788	1.33980			6
2025.04.22	00:06:11.555	1.33755	1.33947			6
2025.04.22	00:06:12.170	1.33756	1.33948			6
2025.04.22	00:06:17.051	1.33748	1.33940			6
2025.04.22	00:06:20.409	1.33723	1.33915			6
2025.04.22	00:06:42.667	1.33776	1.33968			6
2025.04.22	00:06:43.887	1.33775	1.33967			6
2025.04.22	00:06:44.194	1.33774	1.33966			6
2025.04.22	00:06:44.803	1.33773	1.33965			6
2025.04.22	00:06:45.110	1.33772	1.33964			6
2025.04.22	00:06:45.719	1.33770	1.33962			6
2025.04.22	00:06:46.023	1.33768	1.33960			6
2025.04.22	00:06:46.327	1.33764	1.33956			6
2025.04.22	00:06:46.938	1.33760	1.33952			6
2025.04.22	00:06:47.241	1.33756	1.33948			6
2025.04.22	00:06:47.543	1.33752	1.33944			6
2025.04.22	00:06:47.847	1.33748	1.33940			6
2025.04.22	00:06:48.153	1.33744	1.33936			6
2025.04.22	00:07:00.048	1.33744				2
2025.04.22	00:07:18.389	1.33775	1.33967			6
2025.04.22	00:07:21.737	1.33766	1.33958			6
2025.04.22	00:07:31.186	1.33744	1.33936			6
2025.04.22	00:07:34.538		1.33912			4
2025.04.22	00:07:34.844	1.33747	1.33917			6
2025.04.22	00:07:35.756	1.33746				2
2025.04.22	00:07:36.064	1.33765				2
2025.04.22	00:07:37.286	1.33766				2
2025.04.22	00:07:38.204	1.33732				2
2025.04.22	00:07:38.508	1.33734				2
2025.04.22	00:07:41.241		1.33915			4
2025.04.22	00:07:44.901	1.33740				2
2025.04.22	00:07:45.514	1.33727				2
2025.04.22	00:07:46.435	1.33722	1.33914			6
2025.04.22	00:07:49.163	1.33734	1.33915			6
2025.04.22	00:07:56.459	1.33735				2
2025.04.22	00:08:00.134	1.33735				2
2025.04.22	00:08:36.084	1.33736				2
2025.04.22	00:08:49.184		1.33915			4
2025.04.22	00:08:49.793	1.33732				2
2025.04.22	00:08:58.973	1.33734				2
2025.04.22	00:09:00.193	1.33734				2
2025.04.22	00:09:05.383	1.33736				2
2025.04.22	00:09:07.213	1.33738				2
2025.04.22	00:09:35.270	1.33737				2
2025.04.22	00:09:36.485	1.33738				2
2025.04.22	00:09:49.306		1.33915			4
2025.04.22	00:10:00.297	1.33738				2
2025.04.22	00:10:02.750	1.33740				2
2025.04.22	00:10:03.056	1.33738				2
2025.04.22	00:10:06.116	1.33736				2
2025.04.22	00:10:07.037	1.33737				2
2025.04.22	00:10:07.644	1.33732				2
2025.04.22	00:10:08.257	1.33734				2
2025.04.22	00:10:10.102	1.33736				2
2025.04.22	00:10:11.628		1.33928			4
2025.04.22	00:10:14.067	1.33735	1.33927			6
2025.04.22	00:10:16.815	1.33729	1.33921			6
2025.04.22	00:10:18.635	1.33726	1.33918			6
2025.04.22	00:10:19.854	1.33731	1.33923			6
2025.04.22	00:10:22.598	1.33732	1.33924			6
2025.04.22	00:10:26.877	1.33728	1.33920			6
2025.04.22	00:10:31.462	1.33722	1.33914			6
2025.04.22	00:10:58.415	1.33716	1.33908			6
2025.04.22	00:11:00.257	1.33720	1.33912			6
2025.04.22	00:11:00.870	1.33724	1.33915			6
2025.04.22	00:11:03.943	1.33717	1.33909			6
2025.04.22	00:11:13.167	1.33726	1.33913			6
2025.04.22	00:11:15.938	1.33718	1.33910			6
2025.04.22	00:11:18.085	1.33721	1.33913			6
2025.04.22	00:11:20.548	1.33722	1.33914			6
2025.04.22	00:11:22.393	1.33720	1.33912			6
2025.04.22	00:11:23.015	1.33722	1.33914			6
2025.04.22	00:11:23.628	1.33721	1.33913			6
2025.04.22	00:11:23.933	1.33722	1.33914			6
2025.04.22	00:11:27.936	1.33724				2
2025.04.22	00:11:33.466	1.33722				2
2025.04.22	00:11:34.698	1.33720	1.33912			6
2025.04.22	00:11:36.542	1.33719	1.33911			6
2025.04.22	00:11:43.916	1.33722	1.33914			6
2025.04.22	00:11:44.533	1.33713	1.33905			6
2025.04.22	00:11:47.916	1.33716	1.33908			6
2025.04.22	00:11:50.060	1.33712	1.33904			6
2025.04.22	00:11:50.363	1.33714	1.33906			6
2025.04.22	00:11:54.362	1.33715	1.33907			6
2025.04.22	00:11:54.668	1.33713	1.33905			6
2025.04.22	00:11:58.348	1.33712	1.33904			6
2025.04.22	00:11:58.657	1.33713	1.33905			6
2025.04.22	00:11:59.277	1.33712	1.33904			6
2025.04.22	00:12:00.197	1.33722	1.33914			6
2025.04.22	00:12:01.126	1.33706	1.33898			6
2025.04.22	00:12:01.742	1.33705	1.33897			6
2025.04.22	00:12:02.348	1.33706	1.33898			6
2025.04.22	00:12:04.195	1.33719	1.33911			6
2025.04.22	00:12:04.811	1.33711	1.33903			6
2025.04.22	00:12:07.575	1.33719	1.33911			6
2025.04.22	00:12:07.881	1.33718	1.33910			6
2025.04.22	00:12:08.494	1.33711	1.33903			6
2025.04.22	00:12:08.805	1.33712	1.33904			6
2025.04.22	00:12:14.333	1.33711	1.33903			6
2025.04.22	00:12:14.648	1.33721	1.33913			6
2025.04.22	00:12:14.949	1.33717	1.33909			6
2025.04.22	00:12:24.792	1.33718	1.33910			6
2025.04.22	00:12:25.098	1.33717	1.33909			6
2025.04.22	00:12:34.022	1.33709	1.33901			6
2025.04.22	00:12:34.942	1.33706	1.33898			6
2025.04.22	00:12:35.245	1.33718	1.33910			6
2025.04.22	00:12:45.080	1.33720	1.33912			6
2025.04.22	00:12:46.623	1.33719	1.33911			6
2025.04.22	00:12:49.077	1.33720	1.33912			6
2025.04.22	00:12:50.312	1.33706	1.33898			6
2025.04.22	00:12:50.924	1.33720	1.33912			6
2025.04.22	00:12:52.154	1.33707	1.33899			6
2025.04.22	00:12:52.462	1.33706	1.33898			6
2025.04.22	00:12:53.077	1.33720	1.33912			6
2025.04.22	00:12:53.684	1.33721	1.33913			6
2025.04.22	00:12:53.996	1.33708	1.33900			6
2025.04.22	00:12:54.306	1.33722	1.33914			6
2025.04.22	00:12:57.680	1.33709	1.33901			6
2025.04.22	00:12:58.301	1.33715	1.33907			6
2025.04.22	00:12:58.603	1.33722	1.33914			6
2025.04.22	00:13:00.145	1.33722				2
2025.04.22	00:13:00.767	1.33723				2
2025.04.22	00:13:05.072	1.33718	1.33910			6
2025.04.22	00:13:14.289	1.33720	1.33912			6
2025.04.22	00:13:15.205	1.33721	1.33913			6
2025.04.22	00:13:21.964	1.33720	1.33912			6
2025.04.22	00:13:25.038	1.33708	1.33900			6
2025.04.22	00:13:25.957	1.33722	1.33914			6
2025.04.22	00:13:32.420	1.33721	1.33913			6
2025.04.22	00:13:34.570	1.33722	1.33914			6
2025.04.22	00:13:37.645	1.33717	1.33909			6
2025.04.22	00:13:43.494	1.33702	1.33893			6
2025.04.22	00:13:45.643	1.33720	1.33912			6
2025.04.22	00:13:52.715	1.33722	1.33914			6
2025.04.22	00:13:54.565	1.33724				2
2025.04.22	00:13:55.173	1.33710	1.33902			6
2025.04.22	00:13:55.789	1.33722	1.33914			6
2025.04.22	00:13:56.099	1.33706	1.33898			6
2025.04.22	00:13:56.717	1.33724	1.33914			6
2025.04.22	00:13:59.478	1.33723				2
2025.04.22	00:14:00.095	1.33724				2
2025.04.22	00:14:00.403	1.33726				2
2025.04.22	00:14:01.939	1.33728				2
2025.04.22	00:14:06.553	1.33724				2
2025.04.22	00:14:07.164	1.33708	1.33900			6
2025.04.22	00:14:07.471	1.33724	1.33914			6
2025.04.22	00:14:13.626	1.33725				2
2025.04.22	00:14:13.936	1.33709	1.33901			6
2025.04.22	00:14:14.544	1.33710	1.33902			6
2025.04.22	00:14:17.919	1.33728	1.33914			6
2025.04.22	00:14:18.836	1.33712	1.33903			6
2025.04.22	00:14:19.444	1.33728	1.33914			6
2025.04.22	00:14:20.371	1.33729				2
2025.04.22	00:14:22.214	1.33730				2
2025.04.22	00:14:38.188	1.33731				2
2025.04.22	00:14:40.039	1.33733				2
2025.04.22	00:14:40.339	1.33719	1.33903			6
2025.04.22	00:14:50.097	1.33732	1.33914			6
2025.04.22	00:14:51.020	1.33723				2
2025.04.22	00:15:00.240	1.33730				2
2025.04.22	00:15:00.550	1.33729				2
2025.04.22	00:15:01.164	1.33734				2
2025.04.22	00:15:03.330	1.33730				2
2025.04.22	00:15:05.481	1.33732				2
2025.04.22	00:15:06.709	1.33730				2
2025.04.22	00:15:07.940	1.33738				2
2025.04.22	00:15:08.554	1.33744				2
2025.04.22	00:15:08.869	1.33741				2
2025.04.22	00:15:11.637	1.33742				2
2025.04.22	00:15:16.522	1.33726	1.33903			6
2025.04.22	00:15:20.500	1.33733	1.33914			6
2025.04.22	00:15:20.819	1.33735				2
2025.04.22	00:15:21.130	1.33734				2
2025.04.22	00:15:45.117	1.33733				2
2025.04.22	00:15:58.940	1.33732				2
2025.04.22	00:16:00.173	1.33723	1.33903			6
2025.04.22	00:16:03.824	1.33730	1.33914			6
2025.04.22	00:16:07.207	1.33716	1.33887			6
2025.04.22	00:16:08.744	1.33718				2
2025.04.22	00:16:09.045	1.33716				2
2025.04.22	00:16:11.195	1.33718				2
2025.04.22	00:16:11.808	1.33717				2
2025.04.22	00:16:14.577	1.33724				2
2025.04.22	00:16:23.378	1.33712	1.33872			6
2025.04.22	00:16:23.985	1.33713				2
2025.04.22	00:16:24.893	1.33714				2
2025.04.22	00:16:27.320	1.33727				2
2025.04.22	00:16:27.623	1.33716				2
2025.04.22	00:16:29.762	1.33717				2
2025.04.22	00:16:32.190	1.33716				2
2025.04.22	00:16:42.214	1.33726				2
2025.04.22	00:16:57.154	1.33710				2
2025.04.22	00:16:57.762	1.33706				2
2025.04.22	00:16:58.305	1.33710				2
2025.04.22	00:17:00.151	1.33710				2
2025.04.22	00:17:23.502		1.33872			4
2025.04.22	00:17:29.028	1.33720				2
2025.04.22	00:17:31.171	1.33709				2
2025.04.22	00:17:46.834	1.33720				2
2025.04.22	00:17:59.743	1.33706				2
2025.04.22	00:18:01.410	1.33706				2
2025.04.22	00:18:10.312	1.33710				2
2025.04.22	00:18:23.507	1.33718	1.33872			6
2025.04.22	00:18:24.731	1.33714	1.33874			6
2025.04.22	00:18:27.184	1.33713				2
2025.04.22	00:18:27.484		1.33871			4
2025.04.22	00:18:28.107	1.33706				2
2025.04.22	00:18:28.778	1.33712				2
2025.04.22	00:18:36.150	1.33710				2
2025.04.22	00:18:47.213		1.33856			4
2025.04.22	00:19:00.102	1.33710				2
2025.04.22	00:19:20.658	1.33709				2
2025.04.22	00:19:23.727	1.33711				2
2025.04.22	00:19:25.877	1.33722				2
2025.04.22	00:19:31.697	1.33707				2
2025.04.22	00:19:34.148	1.33711				2
2025.04.22	00:19:36.906	1.33712				2
2025.04.22	00:19:41.816	1.33711				2
2025.04.22	00:19:47.339		1.33856			4
2025.04.22	00:19:57.795	1.33712				2
2025.04.22	00:20:00.246	1.33712				2
2025.04.22	00:20:20.209	1.33706				2
2025.04.22	00:20:26.306	1.33707				2
2025.04.22	00:20:27.219	1.33708				2
2025.04.22	00:20:33.951	1.33709				2
2025.04.22	00:20:37.329	1.33710				2
2025.04.22	00:20:38.854	1.33712				2
2025.04.22	00:20:39.470	1.33709				2
2025.04.22	00:20:41.933	1.33713				2
2025.04.22	00:20:42.544	1.33714				2
2025.04.22	00:20:42.852	1.33713				2
2025.04.22	00:20:47.466		1.33856			4
2025.04.22	00:20:48.082	1.33715				2
2025.04.22	00:20:49.307	1.33716				2
2025.04.22	00:20:50.835	1.33712				2
2025.04.22	00:21:00.021	1.33712				2
2025.04.22	00:21:08.933	1.33706				2
2025.04.22	00:21:09.481	1.33708				2
2025.04.22	00:21:09.784	1.33716				2
2025.04.22	00:21:11.913	1.33714				2
2025.04.22	00:21:16.521	1.33718				2
2025.04.22	00:21:18.975	1.33717				2
2025.04.22	00:21:21.750	1.33716				2
2025.04.22	00:21:39.878	1.33707				2
2025.04.22	00:21:41.718	1.33710				2
2025.04.22	00:21:44.178	1.33711				2
2025.04.22	00:21:44.486	1.33712				2
2025.04.22	00:21:45.720	1.33713				2
2025.04.22	00:21:47.559		1.33856			4
2025.04.22	00:21:49.091	1.33710				2
2025.04.22	00:22:00.160	1.33710				2
2025.04.22	00:22:06.618	1.33709				2
2025.04.22	00:22:22.283	1.33712				2
2025.04.22	00:22:32.412	1.33706				2
2025.04.22	00:22:47.098	1.33708	1.33874			6
2025.04.22	00:22:47.412	1.33713				2
2025.04.22	00:22:49.255	1.33706				2
2025.04.22	00:22:55.744	1.33710				2
2025.04.22	00:22:56.359	1.33706				2
2025.04.22	00:23:00.121	1.33707				2
2025.04.22	00:23:01.653	1.33706				2
2025.04.22	00:23:05.518	1.33710				2
2025.04.22	00:23:05.823	1.33709				2
2025.04.22	00:23:09.199	1.33712				2
2025.04.22	00:23:10.740	1.33709				2
2025.04.22	00:23:39.916	1.33706				2
2025.04.22	00:23:45.449	1.33709	1.33867			6
2025.04.22	00:23:46.686	1.33706				2
2025.04.22	00:23:47.216	1.33711				2
2025.04.22	00:24:00.125	1.33711				2
2025.04.22	00:24:13.652	1.33710				2
2025.04.22	00:24:37.000	1.33711				2
2025.04.22	00:24:45.609		1.33867			4
2025.04.22	00:24:50.823		1.33847			4
2025.04.22	00:24:51.129	1.33706	1.33872			6
2025.04.22	00:24:52.063		1.33874			4
2025.04.22	00:25:00.444	1.33706				2
2025.04.22	00:25:08.386	1.33709				2
2025.04.22	00:25:09.000	1.33710				2
2025.04.22	00:25:11.773	1.33712				2
2025.04.22	00:25:27.433	1.33715	1.33849			6
2025.04.22	00:25:37.255	1.33724				2
2025.04.22	00:26:00.238	1.33724				2
2025.04.22	00:26:06.987	1.33714				2
2025.04.22	00:26:14.055	1.33706	1.33860			6
2025.04.22	00:26:15.272		1.33854			4
2025.04.22	00:26:15.579	1.33709	1.33848			6
2025.04.22	00:26:15.884	1.33711				2
2025.04.22	00:26:16.494	1.33706				2
2025.04.22	00:26:23.491	1.33717				2
2025.04.22	00:26:23.796	1.33707				2
2025.04.22	00:26:26.564	1.33710				2
2025.04.22	00:26:28.407	1.33721				2
2025.04.22	00:26:30.248	1.33712				2
2025.04.22	00:26:30.550	1.33713				2
2025.04.22	00:26:31.164	1.33725				2
2025.04.22	00:26:31.475	1.33714				2
2025.04.22	00:26:49.308	1.33713				2
2025.04.22	00:27:00.074	1.33713				2
2025.04.22	00:27:15.740		1.33848			4
2025.04.22	00:27:21.883	1.33712				2
2025.04.22	00:27:54.742	1.33714	1.33847			6
2025.04.22	00:27:55.724	1.33716				2
2025.04.22	00:27:56.344	1.33717				2
2025.04.22	00:28:00.029	1.33717				2
2025.04.22	00:28:03.713	1.33718				2
2025.04.22	00:28:05.249	1.33728				2
2025.04.22	00:28:06.478	1.33719				2
2025.04.22	00:28:12.309	1.33730				2
2025.04.22	00:28:13.844	1.33721				2
2025.04.22	00:28:15.999	1.33714				2
2025.04.22	00:28:17.373	1.33719				2
2025.04.22	00:28:18.597	1.33714				2
2025.04.22	00:28:21.644	1.33716				2
2025.04.22	00:28:21.954	1.33718				2
2025.04.22	00:28:24.100	1.33734				2
2025.04.22	00:28:41.904	1.33723				2
2025.04.22	00:28:54.815		1.33847			4
2025.04.22	00:28:56.967	1.33714				2
2025.04.22	00:29:00.370	1.33725				2
2025.04.22	00:29:03.135	1.33714				2
2025.04.22	00:29:03.442	1.33727				2
2025.04.22	00:29:05.600	1.33717				2
2025.04.22	00:29:22.811	1.33714				2
2025.04.22	00:29:40.172	1.33718				2
2025.04.22	00:29:52.464	1.33714				2
2025.04.22	00:29:54.983		1.33847			4
2025.04.22	00:30:00.376	1.33721	1.33855			6
2025.04.22	00:30:02.606	1.33714				2
2025.04.22	00:30:04.442	1.33717				2
2025.04.22	00:30:06.295	1.33728				2
2025.04.22	00:30:06.607	1.33719				2
2025.04.22	00:30:08.448	1.33720				2
2025.04.22	00:30:11.212	1.33714				2
2025.04.22	00:30:12.109	1.33719				2
2025.04.22	00:30:13.334	1.33720				2
2025.04.22	00:30:13.646	1.33721				2
2025.04.22	00:30:14.255	1.33732				2
2025.04.22	00:30:14.874	1.33724				2
2025.04.22	00:30:15.175	1.33725				2
2025.04.22	00:30:21.307	1.33724				2
2025.04.22	00:30:21.924	1.33736				2
2025.04.22	00:30:22.843	1.33726				2
2025.04.22	00:30:23.455	1.33727				2
2025.04.22	00:30:25.911	1.33728				2
2025.04.22	00:30:26.216	1.33737				2
2025.04.22	00:30:31.415	1.33730				2
2025.04.22	00:30:32.020	1.33742				2
2025.04.22	00:30:32.627	1.33733				2
2025.04.22	00:30:32.933	1.33737				2
2025.04.22	00:30:33.848	1.33728	1.33856			6
2025.04.22	00:30:37.519	1.33735				2
2025.04.22	00:30:38.439	1.33746				2
2025.04.22	00:30:40.876	1.33744				2
2025.04.22	00:30:43.664	1.33729	1.33855			6
2025.04.22	00:30:46.730	1.33730				2
2025.04.22	00:30:50.431	1.33735				2
2025.04.22	00:30:52.581	1.33736				2
2025.04.22	00:30:53.500	1.33734				2
2025.04.22	00:30:56.573	1.33745				2
2025.04.22	00:30:59.346	1.33735				2
2025.04.22	00:31:00.275	1.33721	1.33853			6
2025.04.22	00:31:03.648		1.33848			4
2025.04.22	00:31:03.955	1.33730				2
2025.04.22	00:31:04.573	1.33720				2
2025.04.22	00:31:06.421	1.33722				2
2025.04.22	00:31:10.425	1.33732				2
2025.04.22	00:31:16.573	1.33721				2
2025.04.22	00:31:22.418	1.33732				2
2025.04.22	00:31:31.013	1.33724	1.33844			6
2025.04.22	00:31:34.099	1.33730				2
2025.04.22	00:31:35.017	1.33732				2
2025.04.22	00:31:43.633	1.33723				2
2025.04.22	00:31:44.253	1.33731				2
2025.04.22	00:31:47.328	1.33749				2
2025.04.22	00:31:52.817	1.33739				2
2025.04.22	00:31:56.193	1.33750				2
2025.04.22	00:32:00.137	1.33735				2
2025.04.22	00:32:00.443	1.33736				2
2025.04.22	00:32:07.819	1.33732				2
2025.04.22	00:32:08.438	1.33730				2
2025.04.22	00:32:12.094	1.33740				2
2025.04.22	00:32:13.316	1.33728	1.33841			6
2025.04.22	00:32:21.557	1.33730				2
2025.04.22	00:32:21.858	1.33716				2
2025.04.22	00:32:29.495	1.33724				2
2025.04.22	00:32:29.809	1.33716				2
2025.04.22	00:32:31.015	1.33719				2
2025.04.22	00:32:32.548	1.33722				2
2025.04.22	00:32:33.154	1.33719	1.33848			6
2025.04.22	00:32:33.458	1.33725				2
2025.04.22	00:32:34.680	1.33726				2
2025.04.22	00:32:36.828	1.33730				2
2025.04.22	00:32:37.132	1.33721	1.33842			6
2025.04.22	00:32:37.440	1.33725				2
2025.04.22	00:32:41.106	1.33740	1.33851			6
2025.04.22	00:32:42.329	1.33720	1.33847			6
2025.04.22	00:32:43.253	1.33717	1.33848			6
2025.04.22	00:32:43.865	1.33719	1.33869			6
2025.04.22	00:32:44.784	1.33725				2
2025.04.22	00:32:46.320		1.33848			4
2025.04.22	00:32:47.548	1.33724				2
2025.04.22	00:32:48.459	1.33731				2
2025.04.22	00:32:53.342	1.33732				2
2025.04.22	00:32:54.873	1.33730	1.33844			6
2025.04.22	00:32:56.714	1.33732				2
2025.04.22	00:33:00.071	1.33732				2
2025.04.22	00:33:01.289	1.33731				2
2025.04.22	00:33:10.828	1.33732				2
2025.04.22	00:33:15.442	1.33742				2
2025.04.22	00:33:20.347	1.33739				2
2025.04.22	00:33:21.271	1.33740				2
2025.04.22	00:33:21.573	1.33739				2
2025.04.22	00:33:24.629	1.33740				2
2025.04.22	00:33:24.933	1.33743				2
2025.04.22	00:33:25.236	1.33744				2
2025.04.22	00:33:43.879	1.33735				2
2025.04.22	00:33:46.930	1.33737				2
2025.04.22	00:33:47.237	1.33738				2
2025.04.22	00:33:49.982	1.33737				2
2025.04.22	00:33:51.193	1.33720				2
2025.04.22	00:33:51.499	1.33721				2
2025.04.22	00:33:54.865	1.33714				2
2025.04.22	00:34:05.307	1.33714	1.33844			6
2025.04.22	00:34:16.399		1.33851			4
2025.04.22	00:34:18.113	1.33715				2
2025.04.22	00:34:19.650	1.33717				2
2025.04.22	00:34:19.962	1.33718				2
2025.04.22	00:34:20.273	1.33714				2
2025.04.22	00:34:40.481	1.33716				2
2025.04.22	00:34:40.795	1.33718				2
2025.04.22	00:34:41.404	1.33720				2
2025.04.22	00:34:42.330	1.33722				2
2025.04.22	00:34:42.635	1.33723				2
2025.04.22	00:34:42.940	1.33725				2
2025.04.22	00:34:46.329	1.33714				2
2025.04.22	00:35:04.134	1.33715				2
2025.04.22	00:35:16.409		1.33851			4
2025.04.22	00:35:19.485	1.33722				2
2025.04.22	00:35:21.041	1.33725	1.33845			6
2025.04.22	00:35:25.336	1.33723				2
2025.04.22	00:35:25.644	1.33725				2
2025.04.22	00:35:27.491	1.33724				2
2025.04.22	00:35:31.793	1.33722				2
2025.04.22	00:35:39.028	1.33729	1.33839			6
2025.04.22	00:35:43.588	1.33728				2
2025.04.22	00:35:45.713	1.33727				2
2025.04.22	00:36:00.159	1.33730				2
2025.04.22	00:36:00.468	1.33732				2
2025.04.22	00:36:01.082	1.33733				2
2025.04.22	00:36:02.618	1.33731				2
2025.04.22	00:36:06.254		1.33838			4
2025.04.22	00:36:06.863	1.33733	1.33822			6
2025.04.22	00:36:10.195	1.33736				2
2025.04.22	00:36:12.922	1.33737				2
2025.04.22	00:36:13.231	1.33738				2
2025.04.22	00:36:15.068	1.33739				2
2025.04.22	00:36:15.375	1.33740				2
2025.04.22	00:36:17.213	1.33742				2
2025.04.22	00:36:19.033	1.33738				2
2025.04.22	00:36:19.334	1.33740				2
2025.04.22	00:36:19.638	1.33737				2
2025.04.22	00:36:20.861	1.33718				2
2025.04.22	00:36:21.175	1.33719				2
2025.04.22	00:36:21.481	1.33718				2
2025.04.22	00:36:23.639	1.33722				2
2025.04.22	00:36:26.720	1.33721				2
2025.04.22	00:36:29.788	1.33722				2
2025.04.22	00:36:32.559	1.33721				2
2025.04.22	00:36:49.457	1.33719				2
2025.04.22	00:36:51.923	1.33718				2
2025.04.22	00:36:53.451	1.33717				2
2025.04.22	00:36:58.372	1.33719				2
2025.04.22	00:37:00.218	1.33719				2
2025.04.22	00:37:01.447	1.33718				2
2025.04.22	00:37:02.060	1.33715				2
2025.04.22	00:37:02.982	1.33716				2
2025.04.22	00:37:03.295	1.33715				2
2025.04.22	00:37:05.135	1.33716				2
2025.04.22	00:37:06.060	1.33714				2
2025.04.22	00:37:06.978	1.33710	1.33832			6
2025.04.22	00:37:07.287		1.33837			4
2025.04.22	00:37:12.202	1.33711	1.33834			6
2025.04.22	00:37:15.896	1.33708	1.33833			6
2025.04.22	00:37:18.358	1.33709	1.33837			6
2025.04.22	00:37:18.672	1.33708				2
2025.04.22	00:37:22.047	1.33720				2
2025.04.22	00:37:22.357	1.33721				2
2025.04.22	00:37:25.741	1.33720				2
2025.04.22	00:37:30.355	1.33718				2
2025.04.22	00:37:33.744	1.33716				2
2025.04.22	00:37:35.898	1.33718				2
2025.04.22	00:37:39.597	1.33719				2
2025.04.22	00:37:40.825	1.33721				2
2025.04.22	00:37:41.128	1.33724				2
2025.04.22	00:37:43.284	1.33725				2
2025.04.22	00:37:44.821	1.33726				2
2025.04.22	00:37:45.129	1.33723				2
2025.04.22	00:37:46.660	1.33721				2
2025.04.22	00:38:00.204	1.33718				2
2025.04.22	00:38:18.374		1.33837			4
2025.04.22	00:38:40.227	1.33719				2
2025.04.22	00:38:50.299		1.33836			4
2025.04.22	00:38:50.607		1.33837			4
2025.04.22	00:39:00.077	1.33719				2
2025.04.22	00:39:03.732		1.33836			4
2025.04.22	00:39:10.155	1.33720				2
2025.04.22	00:39:37.500	1.33721				2
2025.04.22	00:40:00.242	1.33721				2
2025.04.22	00:40:03.940		1.33836			4
2025.04.22	00:40:09.160	1.33725				2
2025.04.22	00:40:30.373	1.33723	1.33871			6
2025.04.22	00:40:30.683	1.33720	1.33870			6
2025.04.22	00:40:31.607		1.33871			4
2025.04.22	00:40:33.141	1.33721				2
2025.04.22	00:40:33.766	1.33724	1.33869			6
2025.04.22	00:40:34.375	1.33725				2
2025.04.22	00:40:36.835	1.33732				2
2025.04.22	00:40:39.608	1.33733				2
2025.04.22	00:40:41.153	1.33734				2
2025.04.22	00:40:42.377		1.33870			4
2025.04.22	00:40:42.687	1.33732				2
2025.04.22	00:40:43.299	1.33733				2
2025.04.22	00:40:44.520	1.33727				2
2025.04.22	00:40:53.414	1.33730				2
2025.04.22	00:40:53.722	1.33729				2
2025.04.22	00:41:00.188	1.33729				2
2025.04.22	00:41:00.492		1.33871			4
2025.04.22	00:41:02.331	1.33733				2
2025.04.22	00:41:17.406		1.33872			4
2025.04.22	00:41:38.676		1.33873			4
2025.04.22	00:41:48.834	1.33735	1.33874			6
2025.04.22	00:42:00.207	1.33734	1.33875			6
2025.04.22	00:42:00.519		1.33874			4
2025.04.22	00:42:10.369	1.33728	1.33875			6
2025.04.22	00:42:10.679	1.33730				2
2025.04.22	00:42:14.685	1.33732				2
2025.04.22	00:42:17.772	1.33733				2
2025.04.22	00:42:20.228	1.33739				2
2025.04.22	00:42:20.538	1.33725				2
2025.04.22	00:42:20.846	1.33729				2
2025.04.22	00:42:21.150	1.33730				2
2025.04.22	00:42:27.311	1.33734	1.33874			6
2025.04.22	00:42:37.154	1.33735				2
2025.04.22	00:42:41.769	1.33736				2
2025.04.22	00:42:46.073		1.33875			4
2025.04.22	00:42:50.384	1.33733	1.33874			6
2025.04.22	00:42:50.701	1.33734				2
2025.04.22	00:42:53.774		1.33875			4
2025.04.22	00:42:58.384	1.33735				2
2025.04.22	00:43:00.226	1.33735				2
2025.04.22	00:43:20.566	1.33736				2
2025.04.22	00:43:30.137	1.33739				2
2025.04.22	00:43:30.440	1.33740	1.33871			6
2025.04.22	00:43:30.749	1.33739				2
2025.04.22	00:43:31.069	1.33740				2
2025.04.22	00:43:34.454	1.33744				2
2025.04.22	00:43:36.613	1.33738				2
2025.04.22	00:43:41.222	1.33725				2
2025.04.22	00:43:43.690	1.33716	1.33872			6
2025.04.22	00:43:43.997	1.33727	1.33871			6
2025.04.22	00:43:46.775	1.33728				2
2025.04.22	00:43:47.081	1.33729				2
2025.04.22	00:43:50.468	1.33720	1.33872			6
2025.04.22	00:43:51.392	1.33743	1.33871			6
2025.04.22	00:43:51.708	1.33734	1.33872			6
2025.04.22	00:43:55.412	1.33732	1.33871			6
2025.04.22	00:43:59.116	1.33723	1.33872			6
2025.04.22	00:44:00.040	1.33723				2
2025.04.22	00:44:00.353	1.33743	1.33871			6
2025.04.22	00:44:01.276	1.33733	1.33872			6
2025.04.22	00:44:03.430	1.33743	1.33871			6
2025.04.22	00:44:09.295	1.33738				2
2025.04.22	00:44:09.600	1.33740				2
2025.04.22	00:44:09.911	1.33745				2
2025.04.22	00:44:11.450	1.33744				2
2025.04.22	00:44:12.067	1.33745				2
2025.04.22	00:44:12.680	1.33744				2
2025.04.22	00:44:13.298	1.33731	1.33872			6
2025.04.22	00:44:13.612	1.33745	1.33871			6
2025.04.22	00:44:15.764	1.33746				2
2025.04.22	00:44:17.605	1.33739				2
2025.04.22	00:44:17.922	1.33743				2
2025.04.22	00:44:18.226	1.33745				2
2025.04.22	00:44:26.842	1.33746				2
2025.04.22	00:44:28.687	1.33734	1.33872			6
2025.04.22	00:44:31.455	1.33746	1.33868			6
2025.04.22	00:44:32.376	1.33737	1.33872			6
2025.04.22	00:44:37.609	1.33724				2
2025.04.22	00:44:38.844	1.33726				2
2025.04.22	00:44:41.614	1.33725				2
2025.04.22	00:44:42.228	1.33735	1.33868			6
2025.04.22	00:44:43.455	1.33726	1.33872			6
2025.04.22	00:44:45.914	1.33736	1.33868			6
2025.04.22	00:44:46.841	1.33726	1.33872			6
2025.04.22	00:44:47.455	1.33737	1.33868			6
2025.04.22	00:44:47.773	1.33745				2
2025.04.22	00:44:48.081	1.33737	1.33872			6
2025.04.22	00:44:51.776	1.33739				2
2025.04.22	00:44:52.083	1.33749	1.33868			6
2025.04.22	00:44:53.930	1.33745				2
2025.04.22	00:44:55.469	1.33748				2
2025.04.22	00:44:57.626	1.33745				2
2025.04.22	00:44:57.938	1.33735	1.33872			6
2025.04.22	00:45:00.080	1.33735				2
2025.04.22	00:45:00.394	1.33739				2
2025.04.22	00:45:00.704	1.33738				2
2025.04.22	00:45:01.932		1.33878			4
2025.04.22	00:45:04.397		1.33872			4
2025.04.22	00:45:05.005	1.33743	1.33868			6
2025.04.22	00:45:05.312	1.33737	1.33872			6
2025.04.22	00:45:06.233	1.33738				2
2025.04.22	00:45:08.680	1.33754	1.33856			6
2025.04.22	00:45:13.283	1.33755				2
2025.04.22	00:45:13.896	1.33754				2
2025.04.22	00:45:17.579	1.33761	1.33852			6
2025.04.22	00:45:37.590	1.33748	1.33856			6
2025.04.22	00:45:38.518	1.33760	1.33852			6
2025.04.22	00:45:39.747	1.33751	1.33856			6
2025.04.22	00:45:40.676	1.33762	1.33852			6
2025.04.22	00:45:44.670	1.33763				2
2025.04.22	00:45:47.744	1.33751	1.33856			6
2025.04.22	00:45:48.355		1.33852			4
2025.04.22	00:45:49.276	1.33749	1.33856			6
2025.04.22	00:45:49.582	1.33760	1.33852			6
2025.04.22	00:45:49.887	1.33761				2
2025.04.22	00:45:50.193	1.33762				2
2025.04.22	00:45:56.965	1.33763				2
2025.04.22	00:46:00.039	1.33761	1.33856			6
2025.04.22	00:46:11.131	1.33762				2
2025.04.22	00:46:17.942	1.33772	1.33852			6
2025.04.22	00:46:18.556	1.33763	1.33856			6
2025.04.22	00:46:20.097	1.33759				2
2025.04.22	00:46:27.180	1.33741				2
2025.04.22	00:46:27.490	1.33753				2
2025.04.22	00:46:29.948	1.33762	1.33852			6
2025.04.22	00:46:31.182	1.33750	1.33856			6
2025.04.22	00:46:36.412	1.33755				2
2025.04.22	00:46:41.646	1.33754				2
2025.04.22	00:47:00.117	1.33751				2
2025.04.22	00:47:01.975		1.33860			4
2025.04.22	00:47:06.888	1.33750				2
2025.04.22	00:47:15.510	1.33762	1.33852			6
2025.04.22	00:47:16.743	1.33763				2
2025.04.22	00:47:21.671	1.33754	1.33860			6
2025.04.22	00:47:22.591	1.33752				2
2025.04.22	00:47:39.208	1.33759	1.33852			6
2025.04.22	00:47:39.522	1.33749	1.33860			6
2025.04.22	00:47:39.825	1.33748				2
2025.04.22	00:47:40.134	1.33750				2
2025.04.22	00:47:43.823	1.33766	1.33852			6
2025.04.22	00:47:44.134	1.33756	1.33860			6
2025.04.22	00:47:44.438	1.33767	1.33852			6
2025.04.22	00:47:45.663	1.33768				2
2025.04.22	00:47:51.776	1.33759	1.33860			6
2025.04.22	00:47:54.258	1.33760				2
2025.04.22	00:48:00.116	1.33760				2
2025.04.22	00:48:05.997	1.33761				2
2025.04.22	00:48:10.320	1.33756				2
2025.04.22	00:48:10.637	1.33764	1.33852			6
2025.04.22	00:48:10.944	1.33753	1.33856			6
2025.04.22	00:48:16.180	1.33744				2
2025.04.22	00:48:16.486	1.33751				2
2025.04.22	00:48:16.793	1.33752				2
2025.04.22	00:48:17.408	1.33766	1.33852			6
2025.04.22	00:48:17.715	1.33755	1.33856			6
2025.04.22	00:48:32.815	1.33756				2
2025.04.22	00:48:34.669	1.33757				2
2025.04.22	00:48:37.124		1.33845			4
2025.04.22	00:48:42.667		1.33856			4
2025.04.22	00:48:43.599	1.33743				2
2025.04.22	00:48:43.906	1.33744				2
2025.04.22	00:48:45.141	1.33745				2
2025.04.22	00:48:46.066	1.33744				2
2025.04.22	00:48:46.371	1.33745				2
2025.04.22	00:48:47.296	1.33744				2
2025.04.22	00:48:48.229	1.33745				2
2025.04.22	00:48:50.379	1.33748				2
2025.04.22	00:48:50.684	1.33759	1.33852			6
2025.04.22	00:48:51.915	1.33750	1.33856			6
2025.04.22	00:48:52.538	1.33751				2
2025.04.22	00:48:55.629	1.33752				2
2025.04.22	00:48:56.240	1.33751				2
2025.04.22	00:48:58.092	1.33753				2
2025.04.22	00:49:00.247	1.33753				2
2025.04.22	00:49:01.163	1.33744				2
2025.04.22	00:49:01.469	1.33753	1.33852			6
2025.04.22	00:49:02.088	1.33754				2
2025.04.22	00:49:04.239	1.33744	1.33856			6
2025.04.22	00:49:04.549	1.33745				2
2025.04.22	00:49:12.239	1.33753				2
2025.04.22	00:49:50.121	1.33746				2
2025.04.22	00:49:50.422	1.33760	1.33852			6
2025.04.22	00:49:50.729	1.33748	1.33856			6
2025.04.22	00:49:51.046	1.33747				2
2025.04.22	00:49:54.122	1.33749				2
2025.04.22	00:49:55.356	1.33746				2
2025.04.22	00:50:00.288	1.33746				2
2025.04.22	00:50:03.370	1.33749				2
2025.04.22	00:50:05.525	1.33750				2
2025.04.22	00:50:07.375	1.33759				2
2025.04.22	00:50:07.680	1.33770	1.33852			6
2025.04.22	00:50:13.192	1.33760	1.33860			6
2025.04.22	00:50:20.898	1.33762				2
2025.04.22	00:50:30.440	1.33764	1.33851			6
2025.04.22	00:50:33.201	1.33765				2
2025.04.22	00:50:35.021	1.33756	1.33860			6
2025.04.22	00:50:35.947	1.33757				2
2025.04.22	00:50:36.255	1.33758				2
2025.04.22	00:50:38.096	1.33759				2
2025.04.22	00:50:38.710	1.33761				2
2025.04.22	00:50:41.791	1.33762				2
2025.04.22	00:50:43.327	1.33760				2
2025.04.22	00:50:45.174	1.33773	1.33851			6
2025.04.22	00:50:47.301	1.33774				2
2025.04.22	00:50:50.355	1.33766	1.33860			6
2025.04.22	00:51:00.201	1.33766				2
2025.04.22	00:51:20.211	1.33762				2
2025.04.22	00:51:23.903	1.33761				2
2025.04.22	00:51:24.209	1.33762				2
2025.04.22	00:51:25.754	1.33769	1.33851			6
2025.04.22	00:51:26.364	1.33773				2
2025.04.22	00:51:29.719	1.33764	1.33860			6
2025.04.22	00:51:30.343	1.33759				2
2025.04.22	00:51:35.881	1.33752				2
2025.04.22	00:51:36.188	1.33753				2
2025.04.22	00:51:38.955	1.33759				2
2025.04.22	00:51:45.728	1.33753				2
2025.04.22	00:51:51.262	1.33760				2
2025.04.22	00:51:56.813	1.33755				2
2025.04.22	00:52:00.195	1.33755				2
2025.04.22	00:52:02.351	1.33752				2
2025.04.22	00:52:02.658	1.33753				2
2025.04.22	00:52:05.110	1.33757				2
2025.04.22	00:52:05.419	1.33756				2
2025.04.22	00:52:06.030	1.33754				2
2025.04.22	00:52:06.338	1.33753				2
2025.04.22	00:52:14.026	1.33748				2
2025.04.22	00:52:24.795	1.33739				2
2025.04.22	00:52:30.013	1.33737	1.33860			6
2025.04.22	00:52:36.161	1.33738				2
2025.04.22	00:52:42.003	1.33739				2
2025.04.22	00:52:44.464	1.33746				2
2025.04.22	00:52:46.622	1.33739				2
2025.04.22	00:52:49.706	1.33745				2
2025.04.22	00:53:00.208	1.33745				2
2025.04.22	00:53:15.288	1.33733				2
2025.04.22	00:53:24.515	1.33738				2
2025.04.22	00:53:30.039		1.33860			4
2025.04.22	00:53:41.142	1.33731				2
2025.04.22	00:53:42.369	1.33732				2
2025.04.22	00:53:45.142	1.33736	1.33856			6
2025.04.22	00:53:45.455	1.33745				2
2025.04.22	00:53:47.004	1.33739				2
2025.04.22	00:53:53.457	1.33748				2
2025.04.22	00:53:56.528	1.33746				2
2025.04.22	00:53:58.674	1.33738				2
2025.04.22	00:53:58.987	1.33740				2
2025.04.22	00:54:00.218	1.33740				2
2025.04.22	00:54:03.294	1.33742				2
2025.04.22	00:54:08.526	1.33744				2
2025.04.22	00:54:09.135	1.33750				2
2025.04.22	00:54:15.604	1.33744				2
2025.04.22	00:54:16.218	1.33734				2
2025.04.22	00:54:17.443	1.33744				2
2025.04.22	00:54:35.895	1.33736				2
2025.04.22	00:54:43.596	1.33741				2
2025.04.22	00:54:45.438		1.33856			4
2025.04.22	00:54:47.601	1.33733				2
2025.04.22	00:54:48.826	1.33742				2
2025.04.22	00:54:50.359	1.33734				2
2025.04.22	00:54:53.744	1.33736				2
2025.04.22	00:55:00.203	1.33736				2
2025.04.22	00:55:03.280	1.33745	1.33857			6
2025.04.22	00:55:12.212	1.33737				2
2025.04.22	00:55:18.677	1.33738				2
2025.04.22	00:55:21.141	1.33739	1.33860			6
2025.04.22	00:55:28.834	1.33747				2
2025.04.22	00:55:29.138	1.33737				2
2025.04.22	00:55:33.145	1.33744				2
2025.04.22	00:55:35.619	1.33738				2
2025.04.22	00:56:00.238	1.33738				2
2025.04.22	00:56:04.545	1.33739				2
2025.04.22	00:56:08.538	1.33738				2
2025.04.22	00:56:16.866	1.33739				2
2025.04.22	00:56:19.020		1.33872			4
2025.04.22	00:56:19.324	1.33746	1.33878			6
2025.04.22	00:56:23.035	1.33750				2
2025.04.22	00:56:23.338	1.33744				2
2025.04.22	00:56:23.654	1.33743				2
2025.04.22	00:56:23.958	1.33736				2
2025.04.22	00:56:24.260	1.33740				2
2025.04.22	00:56:33.718	1.33736				2
2025.04.22	00:56:48.804	1.33742				2
2025.04.22	00:57:00.196	1.33742				2
2025.04.22	00:57:08.501	1.33744				2
2025.04.22	00:57:12.489	1.33737				2
2025.04.22	00:57:12.795	1.33738				2
2025.04.22	00:57:18.641	1.33744				2
2025.04.22	00:57:19.258	1.33743	1.33860			6
2025.04.22	00:57:19.572	1.33736				2
2025.04.22	00:57:20.190	1.33743	1.33878			6
2025.04.22	00:57:21.102		1.33871			4
2025.04.22	00:57:21.423	1.33747				2
2025.04.22	00:57:22.338	1.33746	1.33878			6
2025.04.22	00:57:23.269	1.33741	1.33871			6
2025.04.22	00:57:24.197	1.33745				2
2025.04.22	00:57:32.538	1.33744				2
2025.04.22	00:57:35.297	1.33741				2
2025.04.22	00:57:36.229	1.33752				2
2025.04.22	00:57:37.147	1.33741				2
2025.04.22	00:57:38.382	1.33745	1.33878			6
2025.04.22	00:57:39.302	1.33741				2
2025.04.22	00:57:40.228	1.33745				2
2025.04.22	00:57:41.149	1.33741				2
2025.04.22	00:57:42.074	1.33740				2
2025.04.22	00:57:42.382	1.33751				2
2025.04.22	00:58:00.217	1.33751				2
2025.04.22	00:58:12.543	1.33737				2
2025.04.22	00:58:15.620	1.33736				2
2025.04.22	00:58:25.165	1.33737	1.33860			6
2025.04.22	00:58:29.489	1.33738				2
2025.04.22	00:58:31.646	1.33739				2
2025.04.22	00:58:45.800	1.33736				2
2025.04.22	00:58:47.954	1.33749				2
2025.04.22	00:58:48.264		1.33870			4
2025.04.22	00:58:49.178	1.33754	1.33878			6
2025.04.22	00:58:52.871	1.33748				2
2025.04.22	00:58:53.175	1.33743				2
2025.04.22	00:58:53.794	1.33753				2
2025.04.22	00:59:00.255	1.33753				2
2025.04.22	00:59:03.638	1.33746				2
2025.04.22	00:59:09.785	1.33741				2
2025.04.22	00:59:15.948	1.33740				2
2025.04.22	00:59:16.867	1.33741				2
2025.04.22	00:59:17.488	1.33749				2
2025.04.22	00:59:18.410	1.33764	1.33916			6
2025.04.22	00:59:18.719	1.33767	1.33927			6
2025.04.22	00:59:20.571	1.33766	1.33926			6
2025.04.22	00:59:22.419	1.33760	1.33920			6
2025.04.22	00:59:22.727	1.33762	1.33922			6
2025.04.22	00:59:27.657	1.33767	1.33907			6
2025.04.22	00:59:27.959	1.33762	1.33906			6
2025.04.22	00:59:34.733	1.33764				2
2025.04.22	00:59:35.035	1.33752				2
2025.04.22	00:59:35.957	1.33760				2
2025.04.22	00:59:39.963	1.33762				2
2025.04.22	00:59:42.735		1.33907			4
2025.04.22	00:59:44.586		1.33908			4
2025.04.22	00:59:45.503		1.33907			4
2025.04.22	00:59:51.969	1.33754				2
2025.04.22	00:59:56.912	1.33764				2
2025.04.22	01:00:00.292	1.33773	1.33883			6
2025.04.22	01:00:00.602	1.33766	1.33872			6
2025.04.22	01:00:00.908	1.33778				2
2025.04.22	01:00:01.211	1.33771	1.33868			6
2025.04.22	01:00:01.515	1.33734	1.33865			6
2025.04.22	01:00:01.818	1.33758	1.33868			6
2025.04.22	01:00:02.137	1.33734	1.33871			6
2025.04.22	01:00:02.440	1.33782	1.33892			6
2025.04.22	01:00:02.752	1.33766	1.33876			6
2025.04.22	01:00:03.063	1.33768	1.33878			6
2025.04.22	01:00:03.365	1.33778	1.33888			6
2025.04.22	01:00:03.675	1.33764	1.33874			6
2025.04.22	01:00:03.978	1.33776	1.33886			6
2025.04.22	01:00:04.282	1.33768	1.33878			6
2025.04.22	01:00:04.586	1.33770	1.33880			6
2025.04.22	01:00:04.891	1.33769	1.33839			6
2025.04.22	01:00:05.196	1.33768				2
2025.04.22	01:00:05.501	1.33770				2
2025.04.22	01:00:05.809		1.33823			4
2025.04.22	01:00:06.127	1.33772				2
2025.04.22	01:00:07.346	1.33774				2
2025.04.22	01:00:07.659	1.33768				2
2025.04.22	01:00:07.968	1.33764				2
2025.04.22	01:00:09.197	1.33766				2
2025.04.22	01:00:10.124	1.33755	1.33834			6
2025.04.22	01:00:10.426	1.33774				2
2025.04.22	01:00:10.736	1.33771	1.33839			6
2025.04.22	01:00:11.042	1.33758				2
2025.04.22	01:00:11.959	1.33759				2
2025.04.22	01:00:12.264	1.33768				2
2025.04.22	01:00:12.577	1.33766				2
2025.04.22	01:00:13.802	1.33764				2
2025.04.22	01:00:14.114	1.33766				2
2025.04.22	01:00:14.420	1.33753				2
2025.04.22	01:00:14.727	1.33756				2
2025.04.22	01:00:15.343	1.33777	1.33833			6
2025.04.22	01:00:15.653	1.33757	1.33839			6
2025.04.22	01:00:15.956	1.33753				2
2025.04.22	01:00:16.264	1.33755				2
2025.04.22	01:00:16.568	1.33760				2
2025.04.22	01:00:16.873	1.33771				2
2025.04.22	01:00:17.182	1.33758				2
2025.04.22	01:00:17.491	1.33770				2
2025.04.22	01:00:17.793	1.33757				2
2025.04.22	01:00:18.096	1.33758				2
2025.04.22	01:00:18.702	1.33772				2
2025.04.22	01:00:19.309	1.33767	1.33823			6
2025.04.22	01:00:19.613	1.33777				2
2025.04.22	01:00:19.919	1.33767				2
2025.04.22	01:00:20.226	1.33768				2
2025.04.22	01:00:20.538	1.33767	1.33824			6
2025.04.22	01:00:20.848	1.33770				2
2025.04.22	01:00:21.150	1.33768	1.33823			6
2025.04.22	01:00:22.373	1.33770				2
2025.04.22	01:00:22.989	1.33768				2
2025.04.22	01:00:23.294	1.33773				2
2025.04.22	01:00:24.201	1.33768				2
2025.04.22	01:00:24.504		1.33824			4
2025.04.22	01:00:24.809	1.33773				2
2025.04.22	01:00:25.123		1.33823			4
2025.04.22	01:00:25.428	1.33764	1.33834			6
2025.04.22	01:00:25.735	1.33762	1.33842			6
2025.04.22	01:00:26.038	1.33772	1.33824			6
2025.04.22	01:00:26.340	1.33773	1.33828			6
2025.04.22	01:00:26.646	1.33771	1.33832			6
2025.04.22	01:00:27.260	1.33761				2
2025.04.22	01:00:27.561		1.33823			4
2025.04.22	01:00:28.179	1.33758				2
2025.04.22	01:00:28.484	1.33757				2
2025.04.22	01:00:28.789	1.33761				2
2025.04.22	01:00:29.102	1.33762				2
2025.04.22	01:00:29.402	1.33757				2
2025.04.22	01:00:29.712	1.33760				2
2025.04.22	01:00:30.021	1.33759	1.33822			6
2025.04.22	01:00:30.325	1.33755	1.33843			6
2025.04.22	01:00:30.630	1.33757	1.33841			6
2025.04.22	01:00:30.940	1.33756	1.33843			6
2025.04.22	01:00:31.245	1.33757	1.33841			6
2025.04.22	01:00:31.546	1.33759	1.33837			6
2025.04.22	01:00:32.154		1.33823			4
2025.04.22	01:00:32.455	1.33761	1.33822			6
2025.04.22	01:00:33.063	1.33769				2
2025.04.22	01:00:33.367	1.33762	1.33814			6
2025.04.22	01:00:33.671	1.33761	1.33813			6
2025.04.22	01:00:33.978	1.33770	1.33818			6
2025.04.22	01:00:34.289	1.33762	1.33786			6
2025.04.22	01:00:34.590	1.33767	1.33782			6
2025.04.22	01:00:34.895	1.33764	1.33781			6
2025.04.22	01:00:35.197	1.33765	1.33782			6
2025.04.22	01:00:36.110	1.33764	1.33781			6
2025.04.22	01:00:40.075	1.33763				2
2025.04.22	01:00:41.907		1.33774			4
2025.04.22	01:00:42.210	1.33765	1.33777			6
2025.04.22	01:00:42.513		1.33781			4
2025.04.22	01:00:46.186	1.33763				2
2025.04.22	01:00:49.255		1.33780			4
2025.04.22	01:00:52.290	1.33764	1.33781			6
2025.04.22	01:00:52.596	1.33763				2
2025.04.22	01:00:52.902	1.33764				2
2025.04.22	01:00:57.490	1.33763	1.33774			6
2025.04.22	01:00:59.311	1.33762				2
2025.04.22	01:00:59.616	1.33763				2
2025.04.22	01:01:00.223	1.33763				2
2025.04.22	01:01:01.132		1.33773			4
2025.04.22	01:01:01.438	1.33764	1.33782			6
2025.04.22	01:01:01.741	1.33780	1.33784			6
2025.04.22	01:01:02.046	1.33763				2
2025.04.22	01:01:02.348	1.33777				2
2025.04.22	01:01:02.654	1.33772	1.33782			6
2025.04.22	01:01:04.803	1.33764	1.33778			6
2025.04.22	01:01:05.730	1.33754	1.33768			6
2025.04.22	01:01:10.356	1.33758				2
2025.04.22	01:01:11.285	1.33754				2
2025.04.22	01:01:11.903		1.33764			4
2025.04.22	01:01:12.814	1.33758	1.33768			6
2025.04.22	01:01:13.436	1.33744	1.33754			6
2025.04.22	01:01:13.750	1.33742	1.33752			6
2025.04.22	01:01:15.874	1.33747	1.33757			6
2025.04.22	01:01:17.104		1.33756			4
2025.04.22	01:01:17.411	1.33748				2
2025.04.22	01:01:18.332	1.33736	1.33746			6
2025.04.22	01:01:18.639	1.33734	1.33744			6
2025.04.22	01:01:18.945	1.33737	1.33746			6
2025.04.22	01:01:19.249	1.33734	1.33744			6
2025.04.22	01:01:23.831	1.33726	1.33734			6
2025.04.22	01:01:29.626	1.33728	1.33738			6
2025.04.22	01:01:30.538		1.33737			4
2025.04.22	01:01:30.839		1.33738			4
2025.04.22	01:01:32.058	1.33726	1.33734			6
2025.04.22	01:01:32.367	1.33728	1.33737			6
2025.04.22	01:01:33.283	1.33726	1.33734			6
2025.04.22	01:01:36.937		1.33733			4
2025.04.22	01:01:37.545	1.33728	1.33736			6
2025.04.22	01:01:40.301	1.33726	1.33733			6
2025.04.22	01:01:48.547	1.33728	1.33738			6
2025.04.22	01:01:48.857	1.33726	1.33733			6
2025.04.22	01:01:51.328		1.33734			4
2025.04.22	01:01:51.934		1.33733			4
2025.04.22	01:02:00.167	1.33726				2
2025.04.22	01:02:01.987		1.33734			4
2025.04.22	01:02:02.291	1.33736	1.33746			6
2025.04.22	01:02:02.594	1.33732	1.33742			6
2025.04.22	01:02:02.896	1.33736	1.33746			6
2025.04.22	01:02:09.047	1.33732	1.33742			6
2025.04.22	01:02:09.963	1.33743	1.33753			6
2025.04.22	01:02:10.882	1.33746	1.33756			6
2025.04.22	01:02:11.812	1.33743	1.33753			6
2025.04.22	01:02:14.874	1.33747	1.33757			6
2025.04.22	01:02:15.494	1.33757	1.33767			6
2025.04.22	01:02:24.649	1.33758	1.33768			6
2025.04.22	01:02:25.258	1.33757	1.33767			6
2025.04.22	01:02:32.582	1.33763	1.33773			6
2025.04.22	01:02:33.505	1.33764	1.33774			6
2025.04.22	01:02:34.119	1.33763	1.33773			6
2025.04.22	01:02:35.042	1.33766	1.33776			6
2025.04.22	01:02:46.068	1.33767	1.33777			6
2025.04.22	01:02:46.371	1.33766	1.33776			6
2025.04.22	01:02:50.632	1.33768	1.33778			6
2025.04.22	01:02:53.397	1.33766	1.33776			6
2025.04.22	01:02:58.281	1.33767	1.33777			6
2025.04.22	01:02:59.191	1.33768				2
2025.04.22	01:02:59.495	1.33767	1.33776			6
2025.04.22	01:03:00.103	1.33767				2
2025.04.22	01:03:03.758	1.33769	1.33778			6
2025.04.22	01:03:04.063	1.33767	1.33776			6
2025.04.22	01:03:04.974	1.33771	1.33780			6
2025.04.22	01:03:05.894	1.33770	1.33779			6
2025.04.22	01:03:06.199	1.33771	1.33780			6
2025.04.22	01:03:08.027	1.33767	1.33776			6
2025.04.22	01:03:08.329	1.33771	1.33780			6
2025.04.22	01:03:09.549	1.33772	1.33781			6
2025.04.22	01:03:09.858	1.33773	1.33782			6
2025.04.22	01:03:10.166	1.33768	1.33777			6
2025.04.22	01:03:11.080	1.33773	1.33782			6
2025.04.22	01:03:12.623	1.33767	1.33776			6
2025.04.22	01:03:13.229		1.33777			4
2025.04.22	01:03:13.530	1.33774	1.33784			6
2025.04.22	01:03:13.837	1.33784	1.33794			6
2025.04.22	01:03:14.751	1.33785	1.33795			6
2025.04.22	01:03:15.359	1.33786	1.33796			6
2025.04.22	01:03:15.966	1.33785	1.33795			6
2025.04.22	01:03:16.270	1.33786	1.33796			6
2025.04.22	01:03:22.083	1.33787	1.33797			6
2025.04.22	01:03:22.388	1.33788	1.33798			6
2025.04.22	01:03:24.211	1.33791	1.33801			6
2025.04.22	01:03:25.129	1.33792	1.33802			6
2025.04.22	01:03:30.931	1.33793	1.33803			6
2025.04.22	01:03:31.538	1.33792	1.33802			6
2025.04.22	01:03:32.455	1.33793	1.33803			6
2025.04.22	01:03:41.013	1.33794	1.33804			6
2025.04.22	01:03:43.135		1.33803			4
2025.04.22	01:03:43.740	1.33795	1.33804			6
2025.04.22	01:03:46.487	1.33796	1.33805			6
2025.04.22	01:03:48.007	1.33797	1.33804			6
2025.04.22	01:03:49.540	1.33796				2
2025.04.22	01:03:50.448	1.33797				2
2025.04.22	01:03:54.742	1.33794	1.33803			6
2025.04.22	01:03:55.048	1.33796	1.33804			6
2025.04.22	01:03:57.505		1.33805			4
2025.04.22	01:03:57.810	1.33805	1.33814			6
2025.04.22	01:04:00.263	1.33805				2
2025.04.22	01:04:03.006	1.33806	1.33815			6
2025.04.22	01:04:09.405	1.33807	1.33816			6
2025.04.22	01:04:10.928	1.33812	1.33819			6
2025.04.22	01:04:11.233	1.33813	1.33822			6
2025.04.22	01:04:12.749	1.33815	1.33824			6
2025.04.22	01:04:13.969	1.33813	1.33822			6
2025.04.22	01:04:21.617	1.33814	1.33823			6
2025.04.22	01:04:21.918	1.33815	1.33824			6
2025.04.22	01:04:22.222	1.33814	1.33823			6
2025.04.22	01:04:23.444	1.33815	1.33824			6
2025.04.22	01:04:29.225	1.33816	1.33825			6
2025.04.22	01:04:33.806	1.33815	1.33824			6
2025.04.22	01:04:34.107	1.33816	1.33825			6
2025.04.22	01:04:42.373	1.33809	1.33817			6
2025.04.22	01:04:42.681	1.33810				2
2025.04.22	01:04:43.296	1.33809	1.33815			6
2025.04.22	01:04:45.426	1.33808				2
2025.04.22	01:04:52.755	1.33809				2
2025.04.22	01:05:00.105	1.33809				2
2025.04.22	01:05:00.413	1.33815	1.33824			6
2025.04.22	01:05:00.719	1.33816				2
2025.04.22	01:05:03.805	1.33817				2
2025.04.22	01:05:09.358	1.33818				2
2025.04.22	01:05:09.671		1.33825			4
2025.04.22	01:05:11.509	1.33817				2
2025.04.22	01:05:12.434	1.33818				2
2025.04.22	01:05:15.169	1.33817				2
2025.04.22	01:05:15.476	1.33818				2
2025.04.22	01:05:16.707		1.33824			4
2025.04.22	01:05:19.781		1.33825			4
2025.04.22	01:05:22.241		1.33824			4
2025.04.22	01:05:28.678	1.33819				2
2025.04.22	01:05:28.985	1.33818				2
2025.04.22	01:05:32.363		1.33822			4
2025.04.22	01:05:37.580		1.33823			4
2025.04.22	01:05:39.114		1.33824			4
2025.04.22	01:05:40.347		1.33823			4
2025.04.22	01:05:43.109		1.33822			4
2025.04.22	01:05:47.401		1.33825			4
2025.04.22	01:05:49.234		1.33824			4
2025.04.22	01:05:51.370		1.33825			4
2025.04.22	01:05:52.599		1.33822			4
2025.04.22	01:05:55.041		1.33824			4
2025.04.22	01:06:00.247	1.33818				2
2025.04.22	01:06:00.554		1.33822			4
2025.04.22	01:06:02.396		1.33823			4
2025.04.22	01:06:07.288		1.33825			4
2025.04.22	01:06:16.488		1.33824			4
2025.04.22	01:06:18.021	1.33817				2
2025.04.22	01:06:18.936	1.33818				2
2025.04.22	01:06:26.624		1.33825			4
2025.04.22	01:07:00.187	1.33818				2
2025.04.22	01:07:10.943		1.33824			4
2025.04.22	01:07:16.199		1.33825			4
2025.04.22	01:07:24.524	1.33819				2
2025.04.22	01:07:25.447	1.33818				2
2025.04.22	01:07:32.216		1.33824			4
2025.04.22	01:07:57.430	1.33817				2
2025.04.22	01:07:58.364	1.33818				2
2025.04.22	01:08:00.214	1.33817				2
2025.04.22	01:08:02.059	1.33818				2
2025.04.22	01:08:02.984	1.33817				2
2025.04.22	01:08:13.084	1.33818				2
2025.04.22	01:08:14.310	1.33817				2
2025.04.22	01:08:15.840	1.33818				2
2025.04.22	01:08:17.070	1.33817				2
2025.04.22	01:08:22.901	1.33818				2
2025.04.22	01:08:24.138	1.33817				2
2025.04.22	01:08:32.451		1.33824			4
2025.04.22	01:08:33.682	1.33816				2
2025.04.22	01:08:34.303	1.33817				2
2025.04.22	01:08:35.533	1.33818				2
2025.04.22	01:08:35.840	1.33817				2
2025.04.22	01:08:44.155	1.33818				2
2025.04.22	01:08:51.233	1.33817	1.33826			6
2025.04.22	01:08:57.082	1.33818				2
2025.04.22	01:08:58.312	1.33817				2
2025.04.22	01:09:00.160	1.33817				2
2025.04.22	01:09:02.306		1.33823			4
2025.04.22	01:09:02.615	1.33818	1.33825			6
2025.04.22	01:09:03.538	1.33817				2
2025.04.22	01:09:04.143	1.33818	1.33824			6
2025.04.22	01:09:07.228	1.33810	1.33815			6
2025.04.22	01:09:08.459	1.33809				2
2025.04.22	01:09:09.382	1.33810				2
2025.04.22	01:09:10.613	1.33809				2
2025.04.22	01:09:17.695	1.33797	1.33803			6
2025.04.22	01:09:28.147	1.33796				2
2025.04.22	01:09:28.452	1.33797				2
2025.04.22	01:09:28.760	1.33795				2
2025.04.22	01:09:46.256	1.33784	1.33794			6
2025.04.22	01:09:46.561	1.33782	1.33792			6
2025.04.22	01:09:47.475	1.33788	1.33795			6
2025.04.22	01:09:53.590	1.33782	1.33792			6
2025.04.22	01:09:54.201	1.33785	1.33795			6
2025.04.22	01:09:57.880	1.33784	1.33794			6
2025.04.22	01:09:58.794	1.33779	1.33790			6
2025.04.22	01:09:59.101	1.33780				2
2025.04.22	01:10:00.026	1.33780				2
2025.04.22	01:10:00.329		1.33791			4
2025.04.22	01:10:01.562	1.33779	1.33790			6
2025.04.22	01:10:01.867	1.33781	1.33791			6
2025.04.22	01:10:02.786		1.33792			4
2025.04.22	01:10:03.402		1.33791			4
2025.04.22	01:10:12.645	1.33782	1.33792			6
2025.04.22	01:10:15.722	1.33785	1.33793			6
2025.04.22	01:10:32.654		1.33795			4
2025.04.22	01:10:32.962	1.33782	1.33791			6
2025.04.22	01:10:34.200	1.33781				2
2025.04.22	01:10:34.505	1.33782				2
2025.04.22	01:10:37.280	1.33789	1.33795			6
2025.04.22	01:10:40.051	1.33788				2
2025.04.22	01:10:40.360		1.33798			4
2025.04.22	01:10:40.667	1.33793	1.33803			6
2025.04.22	01:10:40.972	1.33794	1.33804			6
2025.04.22	01:10:41.590	1.33791	1.33801			6
2025.04.22	01:10:43.128	1.33796	1.33805			6
2025.04.22	01:10:44.658		1.33806			4
2025.04.22	01:10:49.899	1.33797				2
2025.04.22	01:10:50.517	1.33796				2
2025.04.22	01:10:57.289	1.33797				2
2025.04.22	01:10:57.595	1.33792	1.33802			6
2025.04.22	01:10:57.902	1.33802	1.33811			6
2025.04.22	01:10:59.131	1.33801				2
2025.04.22	01:11:00.055	1.33801				2
2025.04.22	01:11:03.123		1.33812			4
2025.04.22	01:11:03.738		1.33811			4
2025.04.22	01:11:04.360	1.33802				2
2025.04.22	01:11:09.149	1.33803				2
2025.04.22	01:11:10.380	1.33802				2
2025.04.22	01:11:13.151	1.33803				2
2025.04.22	01:11:24.543	1.33804				2
2025.04.22	01:11:27.928	1.33802	1.33812			6
2025.04.22	01:11:28.235	1.33806	1.33813			6
2025.04.22	01:11:50.745	1.33807				2
2025.04.22	01:12:00.305	1.33807				2
2025.04.22	01:12:01.535	1.33806				2
2025.04.22	01:12:01.840	1.33807				2
2025.04.22	01:12:09.545	1.33808				2
2025.04.22	01:12:12.327	1.33807				2
2025.04.22	01:12:13.253	1.33808				2
2025.04.22	01:12:22.491	1.33807				2
2025.04.22	01:12:23.108	1.33808	1.33814			6
2025.04.22	01:12:25.890	1.33802	1.33811			6
2025.04.22	01:12:26.503	1.33808	1.33814			6
2025.04.22	01:12:36.994	1.33809				2
2025.04.22	01:12:37.305	1.33808				2
2025.04.22	01:12:38.536	1.33809				2
2025.04.22	01:12:38.840	1.33808				2
2025.04.22	01:12:52.089	1.33807				2
2025.04.22	01:12:56.093	1.33808				2
2025.04.22	01:13:00.085	1.33808				2
2025.04.22	01:13:08.047		1.33812			4
2025.04.22	01:13:08.355	1.33807				2
2025.04.22	01:13:09.270	1.33805				2
2025.04.22	01:13:10.807	1.33803	1.33807			6
2025.04.22	01:13:11.122	1.33800	1.33805			6
2025.04.22	01:13:15.431	1.33794	1.33803			6
2025.04.22	01:13:16.040	1.33798	1.33805			6
2025.04.22	01:13:16.359	1.33792	1.33801			6
2025.04.22	01:13:24.364	1.33797	1.33805			6
2025.04.22	01:13:25.281	1.33792	1.33801			6
2025.04.22	01:13:26.209	1.33791				2
2025.04.22	01:13:32.367	1.33798	1.33803			6
2025.04.22	01:13:33.899	1.33792	1.33801			6
2025.04.22	01:13:34.820	1.33796				2
2025.04.22	01:13:35.122	1.33804	1.33814			6
2025.04.22	01:13:35.434	1.33805				2
2025.04.22	01:13:36.356	1.33806				2
2025.04.22	01:13:37.283		1.33816			4
2025.04.22	01:13:38.207	1.33801	1.33811			6
2025.04.22	01:13:45.297	1.33800				2
2025.04.22	01:13:45.602	1.33806	1.33814			6
2025.04.22	01:13:50.219	1.33807				2
2025.04.22	01:13:51.138	1.33808				2
2025.04.22	01:13:52.051	1.33806				2
2025.04.22	01:13:53.587	1.33805				2
2025.04.22	01:13:55.119	1.33800	1.33811			6
2025.04.22	01:13:59.407	1.33808	1.33814			6
2025.04.22	01:13:59.714	1.33807				2
2025.04.22	01:14:00.023	1.33807				2
2025.04.22	01:14:00.637	1.33806				2
2025.04.22	01:14:07.109	1.33802	1.33813			6
2025.04.22	01:14:12.355	1.33807	1.33814			6
2025.04.22	01:14:16.974	1.33808				2
2025.04.22	01:14:17.284	1.33802	1.33813			6
2025.04.22	01:14:20.059	1.33807	1.33816			6
2025.04.22	01:14:24.368	1.33802	1.33812			6
2025.04.22	01:14:24.673		1.33813			4
2025.04.22	01:14:24.980	1.33807	1.33815			6
2025.04.22	01:14:25.295	1.33802	1.33813			6
2025.04.22	01:14:25.604	1.33807	1.33816			6
2025.04.22	01:14:29.917	1.33808				2
2025.04.22	01:14:30.232	1.33803	1.33814			6
2025.04.22	01:14:30.533	1.33808	1.33816			6
2025.04.22	01:14:33.609	1.33806				2
2025.04.22	01:14:33.916	1.33808				2
2025.04.22	01:14:34.224	1.33809				2
2025.04.22	01:14:35.457		1.33815			4
2025.04.22	01:14:35.761	1.33802	1.33812			6
2025.04.22	01:14:36.065	1.33808	1.33816			6
2025.04.22	01:14:36.371	1.33802	1.33812			6
2025.04.22	01:14:37.304	1.33803	1.33814			6
2025.04.22	01:14:40.072	1.33795	1.33806			6
2025.04.22	01:14:40.383	1.33801	1.33807			6
2025.04.22	01:14:44.379	1.33799				2
2025.04.22	01:14:45.303	1.33794	1.33804			6
2025.04.22	01:14:45.609	1.33796	1.33807			6
2025.04.22	01:14:48.992	1.33794	1.33804			6
2025.04.22	01:14:50.229	1.33802	1.33811			6
2025.04.22	01:14:50.532		1.33812			4
2025.04.22	01:14:50.845	1.33805	1.33814			6
2025.04.22	01:14:53.307		1.33812			4
2025.04.22	01:14:53.610	1.33808	1.33814			6
2025.04.22	01:14:53.917	1.33805	1.33812			6
2025.04.22	01:14:54.228	1.33808	1.33814			6
2025.04.22	01:14:54.534	1.33805	1.33812			6
2025.04.22	01:14:55.145	1.33808	1.33814			6
2025.04.22	01:14:55.765	1.33805	1.33807			6
2025.04.22	01:14:56.074		1.33814			4
2025.04.22	01:14:56.383		1.33812			4
2025.04.22	01:14:56.688	1.33808	1.33814			6
2025.04.22	01:14:56.996	1.33805				2
2025.04.22	01:14:58.232	1.33804				2
2025.04.22	01:14:59.153	1.33805				2
2025.04.22	01:14:59.772	1.33802	1.33813			6
2025.04.22	01:15:00.082	1.33802				2
2025.04.22	01:15:00.686	1.33805				2
2025.04.22	01:15:01.297		1.33814			4
2025.04.22	01:15:02.527	1.33804				2
2025.04.22	01:15:02.835	1.33805				2
2025.04.22	01:15:04.065		1.33813			4
2025.04.22	01:15:11.158	1.33804	1.33814			6
2025.04.22	01:15:11.468	1.33805				2
2025.04.22	01:15:12.075	1.33803	1.33813			6
2025.04.22	01:15:12.998		1.33814			4
2025.04.22	01:15:13.302	1.33805				2
2025.04.22	01:15:13.609	1.33803				2
2025.04.22	01:15:22.529	1.33805				2
2025.04.22	01:15:26.229	1.33806				2
2025.04.22	01:15:31.771	1.33803	1.33813			6
2025.04.22	01:15:34.851	1.33806	1.33814			6
2025.04.22	01:15:56.035	1.33805	1.33813			6
2025.04.22	01:15:57.579		1.33812			4
2025.04.22	01:16:00.054	1.33805				2
2025.04.22	01:16:01.279	1.33806	1.33813			6
2025.04.22	01:16:01.588		1.33814			4
2025.04.22	01:16:01.896		1.33813			4
2025.04.22	01:16:02.208		1.33814			4
2025.04.22	01:16:04.365		1.33813			4
2025.04.22	01:16:06.827		1.33814			4
2025.04.22	01:16:07.446		1.33813			4
2025.04.22	01:16:10.822	1.33805				2
2025.04.22	01:16:11.433	1.33806				2
2025.04.22	01:16:13.898	1.33803	1.33812			6
2025.04.22	01:16:21.294		1.33811			4
2025.04.22	01:16:23.450	1.33805				2
2025.04.22	01:16:27.445	1.33806	1.33812			6
2025.04.22	01:16:32.674	1.33805				2
2025.04.22	01:16:32.979	1.33806				2
2025.04.22	01:16:40.981	1.33805				2
2025.04.22	01:16:43.441		1.33811			4
2025.04.22	01:16:44.673		1.33812			4
2025.04.22	01:16:47.746	1.33806				2
2025.04.22	01:16:53.896		1.33811			4
2025.04.22	01:16:55.130		1.33813			4
2025.04.22	01:16:55.742	1.33805	1.33811			6
2025.04.22	01:16:56.052		1.33813			4
2025.04.22	01:16:59.435	1.33806				2
2025.04.22	01:17:00.047	1.33806				2
2025.04.22	01:17:00.359		1.33811			4
2025.04.22	01:17:13.322	1.33805				2
2025.04.22	01:17:13.630	1.33806				2
2025.04.22	01:17:13.939	1.33804	1.33808			6
2025.04.22	01:17:14.252	1.33803				2
2025.04.22	01:17:25.636	1.33800				2
2025.04.22	01:17:25.943	1.33803	1.33807			6
2025.04.22	01:17:26.250		1.33808			4
2025.04.22	01:17:26.566	1.33800				2
2025.04.22	01:17:28.109	1.33799				2
2025.04.22	01:17:28.411	1.33798	1.33807			6
2025.04.22	01:17:37.037	1.33802	1.33808			6
2025.04.22	01:17:37.966	1.33801				2
2025.04.22	01:17:38.881	1.33802				2
2025.04.22	01:17:56.131		1.33807			4
2025.04.22	01:17:56.440	1.33798				2
2025.04.22	01:17:58.278	1.33802				2
2025.04.22	01:17:59.198	1.33801				2
2025.04.22	01:18:00.114	1.33801	1.33808			6
2025.04.22	01:18:00.728	1.33798				2
2025.04.22	01:18:05.941	1.33801	1.33807			6
2025.04.22	01:18:06.244	1.33797				2
2025.04.22	01:18:12.070	1.33801				2
2025.04.22	01:18:12.375	1.33802				2
2025.04.22	01:18:13.297	1.33801				2
2025.04.22	01:18:15.751	1.33797				2
2025.04.22	01:18:19.758	1.33801	1.33808			6
2025.04.22	01:18:22.835	1.33797	1.33807			6
2025.04.22	01:18:23.140	1.33801				2
2025.04.22	01:18:40.387	1.33800				2
2025.04.22	01:18:43.157	1.33801				2
2025.04.22	01:18:53.557		1.33808			4
2025.04.22	01:18:53.870	1.33798	1.33807			6
2025.04.22	01:18:56.634	1.33801				2
2025.04.22	01:18:58.472	1.33797	1.33801			6
2025.04.22	01:18:58.779	1.33795				2
2025.04.22	01:19:00.013	1.33795				2
2025.04.22	01:19:00.325		1.33804			4
2025.04.22	01:19:00.632	1.33797				2
2025.04.22	01:19:04.009	1.33795	1.33801			6
2025.04.22	01:19:13.555	1.33796				2
2025.04.22	01:19:15.715	1.33795				2
2025.04.22	01:19:16.028	1.33796				2
2025.04.22	01:19:30.184	1.33795				2
2025.04.22	01:19:34.188	1.33796				2
2025.04.22	01:19:35.113	1.33795				2
2025.04.22	01:19:44.371	1.33796				2
2025.04.22	01:19:45.596	1.33795				2
2025.04.22	01:19:45.905		1.33802			4
2025.04.22	01:19:48.683		1.33801			4
2025.04.22	01:19:48.995		1.33802			4
2025.04.22	01:19:50.838	1.33796	1.33801			6
2025.04.22	01:19:51.139		1.33802			4
2025.04.22	01:19:59.143		1.33801			4
2025.04.22	01:19:59.449		1.33802			4
2025.04.22	01:20:00.066	1.33796				2
2025.04.22	01:20:04.360		1.33803			4
2025.04.22	01:20:06.830		1.33801			4
2025.04.22	01:20:07.134		1.33803			4
2025.04.22	01:20:11.446		1.33804			4
2025.04.22	01:20:32.614	1.33793	1.33801			6
2025.04.22	01:20:38.150	1.33796	1.33804			6
2025.04.22	01:20:41.229	1.33803	1.33807			6
2025.04.22	01:20:41.536	1.33806	1.33813			6
2025.04.22	01:20:42.771	1.33803	1.33811			6
2025.04.22	01:20:44.002		1.33813			4
2025.04.22	01:20:44.927	1.33806	1.33811			6
2025.04.22	01:20:50.463		1.33813			4
2025.04.22	01:20:57.221	1.33796	1.33801			6
2025.04.22	01:20:58.459	1.33795				2
2025.04.22	01:21:00.297	1.33795				2
2025.04.22	01:21:01.528		1.33802			4
2025.04.22	01:21:02.447		1.33801			4
2025.04.22	01:21:02.749		1.33802			4
2025.04.22	01:21:03.672		1.33801			4
2025.04.22	01:21:13.834	1.33793				2
2025.04.22	01:21:17.219		1.33802			4
2025.04.22	01:21:17.523	1.33796				2
2025.04.22	01:21:18.139	1.33795				2
2025.04.22	01:21:22.125		1.33801			4
2025.04.22	01:21:22.432		1.33802			4
2025.04.22	01:21:32.561		1.33801			4
2025.04.22	01:21:32.864		1.33802			4
2025.04.22	01:21:39.907		1.33801			4
2025.04.22	01:21:40.218		1.33802			4
2025.04.22	01:21:42.684		1.33801			4
2025.04.22	01:21:42.992		1.33802			4
2025.04.22	01:21:43.612		1.33801			4
2025.04.22	01:21:43.917		1.33802			4
2025.04.22	01:21:45.140		1.33801			4
2025.04.22	01:21:45.452	1.33793	1.33802			6
2025.04.22	01:21:45.761		1.33801			4
2025.04.22	01:21:46.683	1.33794	1.33798			6
2025.04.22	01:21:46.990	1.33789				2
2025.04.22	01:21:48.226	1.33794	1.33799			6
2025.04.22	01:21:48.850	1.33793				2
2025.04.22	01:21:49.459	1.33794				2
2025.04.22	01:21:57.141	1.33787	1.33795			6
2025.04.22	01:21:57.445	1.33790	1.33797			6
2025.04.22	01:21:59.296		1.33796			4
2025.04.22	01:22:00.218	1.33790				2
2025.04.22	01:22:03.306	1.33789	1.33797			6
2025.04.22	01:22:06.076		1.33796			4
2025.04.22	01:22:06.381	1.33785	1.33789			6
2025.04.22	01:22:07.611		1.33791			4
2025.04.22	01:22:10.383		1.33790			4
2025.04.22	01:22:12.832		1.33789			4
2025.04.22	01:22:26.368	1.33782				2
2025.04.22	01:22:37.419	1.33779	1.33787			6
2025.04.22	01:22:37.723	1.33777	1.33782			6
2025.04.22	01:22:41.413	1.33775				2
2025.04.22	01:22:42.944	1.33782	1.33787			6
2025.04.22	01:22:43.255	1.33781				2
2025.04.22	01:22:44.176		1.33786			4
2025.04.22	01:22:50.013	1.33780				2
2025.04.22	01:22:50.320	1.33781				2
2025.04.22	01:22:54.324	1.33779				2
2025.04.22	01:22:55.548	1.33781				2
2025.04.22	01:22:56.785	1.33779				2
2025.04.22	01:23:00.170	1.33779				2
2025.04.22	01:23:00.476	1.33778				2
2025.04.22	01:23:00.786	1.33780				2
2025.04.22	01:23:02.630	1.33779				2
2025.04.22	01:23:03.553	1.33780				2
2025.04.22	01:23:04.475	1.33779				2
2025.04.22	01:23:04.780	1.33780				2
2025.04.22	01:23:06.937	1.33779				2
2025.04.22	01:23:09.094	1.33780				2
2025.04.22	01:23:10.017	1.33778				2
2025.04.22	01:23:11.245	1.33780				2
2025.04.22	01:23:14.000	1.33781	1.33789			6
2025.04.22	01:23:18.608	1.33783				2
2025.04.22	01:23:19.225	1.33785				2
2025.04.22	01:23:22.608	1.33784				2
2025.04.22	01:23:25.376		1.33790			4
2025.04.22	01:23:28.154	1.33785				2
2025.04.22	01:23:54.236	1.33786				2
2025.04.22	01:23:54.540	1.33782	1.33786			6
2025.04.22	01:23:54.852	1.33781				2
2025.04.22	01:23:55.777	1.33780				2
2025.04.22	01:23:56.393	1.33779	1.33781			6
2025.04.22	01:23:56.702	1.33777	1.33780			6
2025.04.22	01:23:57.015	1.33776				2
2025.04.22	01:23:57.323	1.33775				2
2025.04.22	01:24:00.113	1.33775				2
2025.04.22	01:24:00.430		1.33781			4
2025.04.22	01:24:01.041	1.33778	1.33782			6
2025.04.22	01:24:02.275	1.33777				2
2025.04.22	01:24:02.893		1.33781			4
2025.04.22	01:24:06.277		1.33782			4
2025.04.22	01:24:14.569	1.33785	1.33791			6
2025.04.22	01:24:26.533	1.33791	1.33796			6
2025.04.22	01:24:27.449		1.33797			4
2025.04.22	01:24:37.007	1.33794				2
2025.04.22	01:24:41.303	1.33804	1.33812			6
2025.04.22	01:24:41.605	1.33806	1.33811			6
2025.04.22	01:24:42.233	1.33805				2
2025.04.22	01:24:42.841	1.33806				2
2025.04.22	01:24:45.926		1.33812			4
2025.04.22	01:24:47.158	1.33805				2
2025.04.22	01:24:49.013		1.33811			4
2025.04.22	01:24:49.319		1.33812			4
2025.04.22	01:24:50.856		1.33811			4
2025.04.22	01:24:56.708	1.33804				2
2025.04.22	01:25:00.088	1.33804				2
2025.04.22	01:25:03.168		1.33812			4
2025.04.22	01:25:03.481	1.33806				2
2025.04.22	01:25:03.786	1.33808	1.33815			6
2025.04.22	01:25:04.093	1.33812				2
2025.04.22	01:25:04.400	1.33811				2
2025.04.22	01:25:04.703	1.33813				2
2025.04.22	01:25:05.322		1.33817			4
2025.04.22	01:25:05.939		1.33818			4
2025.04.22	01:25:14.247		1.33817			4
2025.04.22	01:25:14.562	1.33812				2
2025.04.22	01:25:15.179	1.33811	1.33815			6
2025.04.22	01:25:16.411	1.33809				2
2025.04.22	01:25:18.559	1.33813	1.33816			6
2025.04.22	01:25:23.491		1.33819			4
2025.04.22	01:25:23.800	1.33814				2
2025.04.22	01:25:27.801		1.33816			4
2025.04.22	01:25:28.106		1.33819			4
2025.04.22	01:25:28.417		1.33816			4
2025.04.22	01:25:28.727		1.33819			4
2025.04.22	01:25:29.336		1.33816			4
2025.04.22	01:25:29.643		1.33820			4
2025.04.22	01:25:30.253	1.33813	1.33816			6
2025.04.22	01:25:31.177	1.33814	1.33820			6
2025.04.22	01:25:32.096	1.33813				2
2025.04.22	01:25:34.253	1.33815				2
2025.04.22	01:25:42.266	1.33814				2
2025.04.22	01:25:49.022	1.33815				2
2025.04.22	01:25:52.724	1.33806	1.33812			6
2025.04.22	01:26:00.111	1.33806				2
2025.04.22	01:26:02.266		1.33811			4
2025.04.22	01:26:03.805	1.33805				2
2025.04.22	01:26:04.110	1.33806				2
2025.04.22	01:26:08.721	1.33805				2
2025.04.22	01:26:13.023		1.33812			4
2025.04.22	01:26:13.948		1.33811			4
2025.04.22	01:26:14.256		1.33812			4
2025.04.22	01:26:15.177		1.33811			4
2025.04.22	01:26:15.485		1.33812			4
2025.04.22	01:26:17.326		1.33811			4
2025.04.22	01:26:17.634		1.33812			4
2025.04.22	01:26:27.141	1.33806				2
2025.04.22	01:26:29.599		1.33811			4
2025.04.22	01:26:32.041		1.33814			4
2025.04.22	01:26:32.351		1.33811			4
2025.04.22	01:26:32.659		1.33813			4
2025.04.22	01:26:33.576	1.33805				2
2025.04.22	01:26:33.882	1.33806				2
2025.04.22	01:26:34.187		1.33811			4
2025.04.22	01:26:35.108		1.33815			4
2025.04.22	01:26:35.720		1.33813			4
2025.04.22	01:26:36.025		1.33812			4
2025.04.22	01:26:38.784	1.33812	1.33817			6
2025.04.22	01:26:42.144	1.33813	1.33818			6
2025.04.22	01:26:42.755		1.33819			4
2025.04.22	01:26:43.066	1.33815	1.33823			6
2025.04.22	01:26:46.134		1.33822			4
2025.04.22	01:26:55.984	1.33821	1.33828			6
2025.04.22	01:26:56.609	1.33824				2
2025.04.22	01:27:00.298	1.33824				2
2025.04.22	01:27:08.301		1.33829			4
2025.04.22	01:27:21.793		1.33828			4
2025.04.22	01:27:22.101	1.33823	1.33829			6
2025.04.22	01:27:22.708	1.33824				2
2025.04.22	01:27:26.386	1.33823	1.33828			6
2025.04.22	01:27:27.309	1.33821				2
2025.04.22	01:27:27.614	1.33822				2
2025.04.22	01:27:28.833	1.33820				2
2025.04.22	01:27:30.364	1.33821				2
2025.04.22	01:27:33.745	1.33820	1.33827			6
2025.04.22	01:27:34.668		1.33822			4
2025.04.22	01:27:34.974	1.33816				2
2025.04.22	01:27:35.283	1.33823	1.33828			6
2025.04.22	01:27:35.586	1.33822	1.33827			6
2025.04.22	01:27:35.899	1.33821				2
2025.04.22	01:27:36.816	1.33820				2
2025.04.22	01:27:39.261	1.33823	1.33828			6
2025.04.22	01:27:39.874	1.33822				2
2025.04.22	01:27:40.799	1.33823				2
2025.04.22	01:27:41.103	1.33822				2
2025.04.22	01:27:41.409	1.33823				2
2025.04.22	01:27:42.333	1.33822				2
2025.04.22	01:27:42.946	1.33823				2
2025.04.22	01:27:43.554	1.33821	1.33827			6
2025.04.22	01:27:43.868		1.33828			4
2025.04.22	01:27:44.784	1.33820				2
2025.04.22	01:27:45.395		1.33827			4
2025.04.22	01:27:47.844		1.33828			4
2025.04.22	01:27:48.155		1.33827			4
2025.04.22	01:27:50.909	1.33821	1.33828			6
2025.04.22	01:27:51.214	1.33823				2
2025.04.22	01:27:51.522	1.33821				2
2025.04.22	01:27:52.441	1.33820				2
2025.04.22	01:27:52.750		1.33827			4
2025.04.22	01:28:00.117	1.33823	1.33828			6
2025.04.22	01:28:00.424	1.33822	1.33824			6
2025.04.22	01:28:00.729	1.33821	1.33825			6
2025.04.22	01:28:01.040	1.33819				2
2025.04.22	01:28:04.724		1.33824			4
2025.04.22	01:28:06.572	1.33815	1.33821			6
2025.04.22	01:28:20.744	1.33817	1.33823			6
2025.04.22	01:28:21.974	1.33816	1.33821			6
2025.04.22	01:28:26.290		1.33820			4
2025.04.22	01:28:26.597		1.33821			4
2025.04.22	01:28:26.911		1.33820			4
2025.04.22	01:28:27.214		1.33821			4
2025.04.22	01:28:27.523	1.33815				2
2025.04.22	01:28:27.829	1.33816				2
2025.04.22	01:28:28.137	1.33815	1.33820			6
2025.04.22	01:28:28.448		1.33821			4
2025.04.22	01:28:28.755	1.33816				2
2025.04.22	01:28:29.063	1.33815				2
2025.04.22	01:28:29.372	1.33816				2
2025.04.22	01:28:29.675		1.33820			4
2025.04.22	01:28:29.985	1.33815	1.33821			6
2025.04.22	01:28:30.294	1.33816				2
2025.04.22	01:28:31.532		1.33820			4
2025.04.22	01:28:31.848		1.33821			4
2025.04.22	01:28:34.616		1.33822			4
2025.04.22	01:28:34.920		1.33823			4
2025.04.22	01:28:35.543	1.33820	1.33826			6
2025.04.22	01:28:35.851	1.33821				2
2025.04.22	01:28:36.157	1.33820				2
2025.04.22	01:28:40.463		1.33827			4
2025.04.22	01:28:40.766	1.33821				2
2025.04.22	01:28:41.070	1.33823				2
2025.04.22	01:28:41.378		1.33828			4
2025.04.22	01:28:42.000	1.33824	1.33829			6
2025.04.22	01:28:44.769		1.33828			4
2025.04.22	01:28:48.448	1.33823				2
2025.04.22	01:28:51.202	1.33824				2
2025.04.22	01:28:55.495		1.33831			4
2025.04.22	01:28:55.802	1.33825				2
2025.04.22	01:28:56.110		1.33830			4
2025.04.22	01:28:56.414		1.33831			4
2025.04.22	01:28:59.174		1.33830			4
2025.04.22	01:28:59.480		1.33831			4
2025.04.22	01:29:00.094	1.33825				2
2025.04.22	01:29:00.400	1.33826				2
2025.04.22	01:29:02.236		1.33830			4
2025.04.22	01:29:02.542	1.33824	1.33828			6
2025.04.22	01:29:07.435	1.33816	1.33821			6
2025.04.22	01:29:07.742		1.33823			4
2025.04.22	01:29:12.955		1.33821			4
2025.04.22	01:29:14.791		1.33820			4
2025.04.22	01:29:15.098	1.33815	1.33821			6
2025.04.22	01:29:16.937		1.33820			4
2025.04.22	01:29:17.239		1.33821			4
2025.04.22	01:29:19.081		1.33820			4
2025.04.22	01:29:19.392		1.33821			4
2025.04.22	01:29:23.060	1.33816				2
2025.04.22	01:29:23.363	1.33815				2
2025.04.22	01:29:23.670	1.33816				2
2025.04.22	01:29:24.277	1.33815				2
2025.04.22	01:29:24.583	1.33816	1.33822			6
2025.04.22	01:29:24.891	1.33815				2
2025.04.22	01:29:25.197	1.33816				2
2025.04.22	01:29:25.503	1.33815				2
2025.04.22	01:29:25.810		1.33821			4
2025.04.22	01:29:26.114	1.33816	1.33822			6
2025.04.22	01:29:26.418	1.33815				2
2025.04.22	01:29:26.723	1.33816				2
2025.04.22	01:29:27.027	1.33815				2
2025.04.22	01:29:27.332	1.33816				2
2025.04.22	01:29:27.636	1.33815				2
2025.04.22	01:29:27.945	1.33816	1.33821			6
2025.04.22	01:29:28.250		1.33822			4
2025.04.22	01:29:28.557	1.33815				2
2025.04.22	01:29:28.861	1.33816				2
2025.04.22	01:29:29.169	1.33815				2
2025.04.22	01:29:29.779	1.33816				2
2025.04.22	01:29:30.088	1.33815	1.33821			6
2025.04.22	01:29:39.576	1.33814				2
2025.04.22	01:29:39.882	1.33815				2
2025.04.22	01:29:40.498	1.33814				2
2025.04.22	01:29:41.115	1.33815				2
2025.04.22	01:29:45.100	1.33816				2
2025.04.22	01:29:46.631		1.33820			4
2025.04.22	01:29:46.938	1.33815				2
2025.04.22	01:29:51.840	1.33814	1.33819			6
2025.04.22	01:29:55.208		1.33820			4
2025.04.22	01:29:55.512	1.33815				2
2025.04.22	01:29:59.799	1.33816				2
2025.04.22	01:30:00.103	1.33816				2
2025.04.22	01:30:01.637		1.33822			4
2025.04.22	01:30:01.939		1.33825			4
2025.04.22	01:30:04.707		1.33821			4
2025.04.22	01:30:05.320		1.33823			4
2025.04.22	01:30:05.632	1.33817	1.33822			6
2025.04.22	01:30:05.936	1.33816	1.33823			6
2025.04.22	01:30:06.849		1.33822			4
2025.04.22	01:30:07.157		1.33823			4
2025.04.22	01:30:08.082		1.33820			4
2025.04.22	01:30:08.397		1.33821			4
2025.04.22	01:30:10.232	1.33815				2
2025.04.22	01:30:21.916	1.33814				2
2025.04.22	01:30:22.223	1.33815				2
2025.04.22	01:30:30.189	1.33816				2
2025.04.22	01:30:32.028		1.33820			4
2025.04.22	01:30:33.556		1.33821			4
2025.04.22	01:30:35.776		1.33820			4
2025.04.22	01:30:36.397		1.33821			4
2025.04.22	01:30:37.007		1.33819			4
2025.04.22	01:30:37.316	1.33815	1.33820			6
2025.04.22	01:30:40.085		1.33819			4
2025.04.22	01:30:40.391		1.33820			4
2025.04.22	01:30:44.393	1.33816				2
2025.04.22	01:30:45.623		1.33819			4
2025.04.22	01:30:45.926	1.33815				2
2025.04.22	01:30:52.383		1.33820			4
2025.04.22	01:30:53.305	1.33816				2
2025.04.22	01:30:55.763	1.33815				2
2025.04.22	01:30:59.761	1.33808	1.33813			6
2025.04.22	01:31:00.064	1.33807	1.33812			6
2025.04.22	01:31:01.299	1.33806				2
2025.04.22	01:31:03.149		1.33811			4
2025.04.22	01:31:04.378	1.33804	1.33809			6
2025.04.22	01:31:05.300	1.33805				2
2025.04.22	01:31:08.067	1.33804				2
2025.04.22	01:31:10.223	1.33805				2
2025.04.22	01:31:20.089		1.33808			4
2025.04.22	01:31:20.396	1.33804	1.33809			6
2025.04.22	01:31:20.701	1.33805				2
2025.04.22	01:31:22.856		1.33807			4
2025.04.22	01:31:26.245		1.33809			4
2025.04.22	01:31:28.094	1.33806	1.33811			6
2025.04.22	01:31:28.402		1.33812			4
2025.04.22	01:31:32.696		1.33810			4
2025.04.22	01:31:40.984	1.33805				2
2025.04.22	01:31:42.205	1.33811	1.33816			6
2025.04.22	01:31:43.141	1.33810				2
2025.04.22	01:31:43.755		1.33818			4
2025.04.22	01:31:44.062	1.33815	1.33820			6
2025.04.22	01:31:44.364		1.33821			4
2025.04.22	01:31:45.300		1.33820			4
2025.04.22	01:31:46.518	1.33816	1.33821			6
2025.04.22	01:31:46.835		1.33822			4
2025.04.22	01:31:47.759	1.33815	1.33821			6
2025.04.22	01:31:49.603		1.33820			4
2025.04.22	01:31:49.908	1.33816				2
2025.04.22	01:31:50.524	1.33815				2
2025.04.22	01:31:50.834	1.33816				2
2025.04.22	01:31:51.139	1.33815				2
2025.04.22	01:31:51.448	1.33816				2
2025.04.22	01:31:51.756	1.33815				2
2025.04.22	01:31:52.060	1.33816				2
2025.04.22	01:31:52.369	1.33815	1.33819			6
2025.04.22	01:31:52.676		1.33820			4
2025.04.22	01:31:53.593		1.33819			4
2025.04.22	01:31:53.912		1.33820			4
2025.04.22	01:31:54.836		1.33819			4
2025.04.22	01:31:55.142	1.33814				2
2025.04.22	01:32:00.063	1.33814				2
2025.04.22	01:32:02.215	1.33815				2
2025.04.22	01:32:02.517	1.33814				2
2025.04.22	01:32:02.833	1.33813	1.33816			6
2025.04.22	01:32:03.142		1.33815			4
2025.04.22	01:32:04.071	1.33812				2
2025.04.22	01:32:04.372	1.33809	1.33816			6
2025.04.22	01:32:04.679		1.33815			4
2025.04.22	01:32:05.909	1.33810				2
2025.04.22	01:32:07.449	1.33809				2
2025.04.22	01:32:14.208	1.33807	1.33816			6
2025.04.22	01:32:14.515	1.33809	1.33815			6
2025.04.22	01:32:15.130	1.33811	1.33816			6
2025.04.22	01:32:15.432	1.33810				2
2025.04.22	01:32:15.739		1.33815			4
2025.04.22	01:32:16.968	1.33809				2
2025.04.22	01:32:23.396	1.33811				2
2025.04.22	01:32:23.697	1.33810	1.33816			6
2025.04.22	01:32:24.002	1.33809	1.33814			6
2025.04.22	01:32:24.928	1.33806	1.33812			6
2025.04.22	01:32:26.774	1.33810	1.33816			6
2025.04.22	01:32:27.081		1.33815			4
2025.04.22	01:32:27.696		1.33816			4
2025.04.22	01:32:28.001	1.33815	1.33819			6
2025.04.22	01:32:28.319	1.33814				2
2025.04.22	01:32:30.159	1.33812	1.33817			6
2025.04.22	01:32:32.001	1.33813	1.33818			6
2025.04.22	01:32:32.309	1.33812	1.33817			6
2025.04.22	01:32:37.239	1.33813				2
2025.04.22	01:32:38.162	1.33812				2
2025.04.22	01:32:43.685		1.33816			4
2025.04.22	01:32:44.299		1.33817			4
2025.04.22	01:32:44.605		1.33815			4
2025.04.22	01:32:46.154		1.33816			4
2025.04.22	01:32:47.074		1.33815			4
2025.04.22	01:32:49.532		1.33814			4
2025.04.22	01:32:49.841	1.33803	1.33807			6
2025.04.22	01:32:50.146		1.33808			4
2025.04.22	01:32:52.294	1.33804				2
2025.04.22	01:32:52.607	1.33803				2
2025.04.22	01:32:54.757	1.33804	1.33809			6
2025.04.22	01:32:55.059	1.33805	1.33810			6
2025.04.22	01:33:00.280	1.33805				2
2025.04.22	01:33:09.225	1.33795	1.33800			6
2025.04.22	01:33:11.376		1.33799			4
2025.04.22	01:33:11.690		1.33798			4
2025.04.22	01:33:12.303		1.33799			4
2025.04.22	01:33:14.165		1.33798			4
2025.04.22	01:33:15.094		1.33799			4
2025.04.22	01:33:16.019	1.33794	1.33800			6
2025.04.22	01:33:16.330	1.33795				2
2025.04.22	01:33:18.797		1.33799			4
2025.04.22	01:33:19.413		1.33800			4
2025.04.22	01:33:28.346		1.33799			4
2025.04.22	01:33:28.654		1.33800			4
2025.04.22	01:33:46.191	1.33804	1.33810			6
2025.04.22	01:33:46.497	1.33806	1.33811			6
2025.04.22	01:33:46.812	1.33805				2
2025.04.22	01:33:47.116	1.33801	1.33810			6
2025.04.22	01:33:48.035	1.33804	1.33809			6
2025.04.22	01:33:48.339		1.33810			4
2025.04.22	01:33:49.265	1.33805				2
2025.04.22	01:33:54.206	1.33803	1.33809			6
2025.04.22	01:33:54.508	1.33801				2
2025.04.22	01:33:55.434	1.33805				2
2025.04.22	01:33:55.746	1.33806				2
2025.04.22	01:34:00.048	1.33806				2
2025.04.22	01:34:03.422	1.33804				2
2025.04.22	01:34:10.818		1.33808			4
2025.04.22	01:34:12.348	1.33801				2
2025.04.22	01:34:14.199		1.33807			4
2025.04.22	01:34:14.508	1.33803	1.33808			6
2025.04.22	01:34:15.117		1.33807			4
2025.04.22	01:34:15.731	1.33795	1.33801			6
2025.04.22	01:34:16.040	1.33800	1.33806			6
2025.04.22	01:34:16.347	1.33801	1.33805			6
2025.04.22	01:34:16.960	1.33800	1.33803			6
2025.04.22	01:34:17.267	1.33795				2
2025.04.22	01:34:25.256	1.33797				2
2025.04.22	01:34:28.332	1.33798				2
2025.04.22	01:34:35.107	1.33797				2
2025.04.22	01:34:36.334	1.33795	1.33801			6
2025.04.22	01:34:49.246	1.33792	1.33797			6
2025.04.22	01:34:52.633		1.33796			4
2025.04.22	01:34:52.944		1.33797			4
2025.04.22	01:34:53.246	1.33793	1.33800			6
2025.04.22	01:34:53.558		1.33798			4
2025.04.22	01:34:54.788	1.33792				2
2025.04.22	01:34:56.949	1.33790				2
2025.04.22	01:34:57.871	1.33792				2
2025.04.22	01:35:00.030	1.33792				2
2025.04.22	01:35:04.955		1.33797			4
2025.04.22	01:35:05.262	1.33781	1.33786			6
2025.04.22	01:35:05.574	1.33778				2
2025.04.22	01:35:05.884	1.33781				2
2025.04.22	01:35:06.188	1.33778				2
2025.04.22	01:35:06.496	1.33780				2
2025.04.22	01:35:19.091		1.33785			4
2025.04.22	01:35:19.402	1.33775	1.33781			6
2025.04.22	01:35:19.711	1.33777	1.33783			6
2025.04.22	01:35:20.016	1.33780				2
2025.04.22	01:35:24.327	1.33776				2
2025.04.22	01:35:24.637	1.33779	1.33787			6
2025.04.22	01:35:25.868		1.33786			4
2025.04.22	01:35:26.176	1.33782	1.33787			6
2025.04.22	01:35:26.485	1.33781	1.33785			6
2025.04.22	01:35:26.791		1.33786			4
2025.04.22	01:35:32.339		1.33785			4
2025.04.22	01:35:32.644	1.33780	1.33786			6
2025.04.22	01:35:33.572	1.33781				2
2025.04.22	01:35:35.727	1.33778	1.33785			6
2025.04.22	01:35:36.034		1.33786			4
2025.04.22	01:35:36.346	1.33781				2
2025.04.22	01:35:40.043	1.33780	1.33783			6
2025.04.22	01:35:40.350	1.33783	1.33787			6
2025.04.22	01:35:40.660	1.33785	1.33790			6
2025.04.22	01:35:41.590	1.33784	1.33789			6
2025.04.22	01:35:42.208	1.33783				2
2025.04.22	01:35:42.829		1.33788			4
2025.04.22	01:35:43.745		1.33789			4
2025.04.22	01:35:44.675		1.33788			4
2025.04.22	01:35:44.980	1.33784	1.33789			6
2025.04.22	01:35:48.369	1.33783				2
2025.04.22	01:35:51.139		1.33788			4
2025.04.22	01:35:51.447		1.33789			4
2025.04.22	01:35:55.143		1.33788			4
2025.04.22	01:35:58.840	1.33784	1.33789			6
2025.04.22	01:36:00.070	1.33783				2
2025.04.22	01:36:00.378		1.33786			4
2025.04.22	01:36:01.301		1.33787			4
2025.04.22	01:36:10.554	1.33785	1.33790			6
2025.04.22	01:36:16.728		1.33791			4
2025.04.22	01:36:17.035		1.33790			4
2025.04.22	01:36:17.342		1.33791			4
2025.04.22	01:36:21.973	1.33786				2
2025.04.22	01:36:36.786	1.33787	1.33792			6
2025.04.22	01:36:37.096	1.33786				2
2025.04.22	01:36:39.866		1.33791			4
2025.04.22	01:36:41.098		1.33792			4
2025.04.22	01:36:48.210	1.33787				2
2025.04.22	01:36:48.510	1.33786				2
2025.04.22	01:36:49.746	1.33787				2
2025.04.22	01:36:50.054	1.33786				2
2025.04.22	01:36:50.982	1.33787				2
2025.04.22	01:36:52.202	1.33786				2
2025.04.22	01:36:55.602		1.33791			4
2025.04.22	01:36:55.916	1.33785				2
2025.04.22	01:36:56.224	1.33786				2
2025.04.22	01:36:56.538	1.33785				2
2025.04.22	01:36:56.848	1.33786				2
2025.04.22	01:36:57.156	1.33785				2
2025.04.22	01:36:57.467	1.33786				2
2025.04.22	01:36:57.771	1.33785				2
2025.04.22	01:37:00.243	1.33785	1.33790			6
2025.04.22	01:37:00.548		1.33791			4
2025.04.22	01:37:00.856		1.33789			4
2025.04.22	01:37:01.161		1.33791			4
2025.04.22	01:37:04.854		1.33789			4
2025.04.22	01:37:05.156		1.33791			4
2025.04.22	01:37:06.085		1.33789			4
2025.04.22	01:37:06.394	1.33784				2
2025.04.22	01:37:07.323	1.33785	1.33790			6
2025.04.22	01:37:16.279		1.33791			4
2025.04.22	01:37:17.205	1.33786				2
2025.04.22	01:37:22.136		1.33790			4
2025.04.22	01:37:22.455		1.33791			4
2025.04.22	01:37:23.689	1.33785				2
2025.04.22	01:37:23.997	1.33786				2
2025.04.22	01:37:25.226	1.33785				2
2025.04.22	01:37:30.151	1.33786				2
2025.04.22	01:37:31.076		1.33789			4
2025.04.22	01:37:31.384		1.33790			4
2025.04.22	01:37:32.620	1.33785	1.33791			6
2025.04.22	01:37:41.251	1.33786				2
2025.04.22	01:37:43.094	1.33785				2
2025.04.22	01:37:50.772		1.33790			4
2025.04.22	01:37:51.077	1.33786	1.33791			6
2025.04.22	01:37:51.680	1.33785				2
2025.04.22	01:37:58.433	1.33784				2
2025.04.22	01:38:00.277	1.33784				2
2025.04.22	01:38:02.437	1.33785				2
2025.04.22	01:38:03.360	1.33784				2
2025.04.22	01:38:15.676		1.33790			4
2025.04.22	01:38:16.600		1.33791			4
2025.04.22	01:38:17.216	1.33785				2
2025.04.22	01:38:25.541	1.33786				2
2025.04.22	01:38:26.768	1.33784				2
2025.04.22	01:38:32.298	1.33785				2
2025.04.22	01:38:33.519		1.33792			4
2025.04.22	01:38:33.837		1.33790			4
2025.04.22	01:38:34.138		1.33792			4
2025.04.22	01:38:35.984		1.33790			4
2025.04.22	01:38:36.294		1.33792			4
2025.04.22	01:38:36.908		1.33790			4
2025.04.22	01:38:46.748	1.33784				2
2025.04.22	01:38:51.674	1.33785				2
2025.04.22	01:38:51.978		1.33792			4
2025.04.22	01:38:57.200	1.33795	1.33801			6
2025.04.22	01:38:57.503		1.33800			4
2025.04.22	01:38:57.810		1.33801			4
2025.04.22	01:39:00.271	1.33795				2
2025.04.22	01:39:06.423	1.33793	1.33802			6
2025.04.22	01:39:15.943	1.33795				2
2025.04.22	01:39:19.638	1.33794				2
2025.04.22	01:39:19.948	1.33795				2
2025.04.22	01:39:21.171	1.33793				2
2025.04.22	01:39:21.477	1.33795				2
2025.04.22	01:39:23.016	1.33793				2
2025.04.22	01:39:23.327	1.33795				2
2025.04.22	01:39:24.250	1.33793				2
2025.04.22	01:39:35.051	1.33795				2
2025.04.22	01:39:36.589	1.33793				2
2025.04.22	01:39:37.202	1.33794	1.33801			6
2025.04.22	01:39:37.509	1.33793				2
2025.04.22	01:39:40.901	1.33795	1.33802			6
2025.04.22	01:39:43.370	1.33794				2
2025.04.22	01:39:47.987	1.33795				2
2025.04.22	01:39:48.291	1.33796				2
2025.04.22	01:39:48.908	1.33795	1.33801			6
2025.04.22	01:39:51.368	1.33794				2
2025.04.22	01:39:51.676	1.33793				2
2025.04.22	01:39:52.597	1.33794				2
2025.04.22	01:39:54.757	1.33795				2
2025.04.22	01:39:55.684	1.33793				2
2025.04.22	01:40:00.297	1.33793				2
2025.04.22	01:40:01.221	1.33794				2
2025.04.22	01:40:01.529	1.33795				2
2025.04.22	01:40:02.148	1.33793				2
2025.04.22	01:40:04.297	1.33794				2
2025.04.22	01:40:04.602	1.33795	1.33802			6
2025.04.22	01:40:05.524	1.33803	1.33811			6
2025.04.22	01:40:06.138	1.33804				2
2025.04.22	01:40:08.301	1.33805				2
2025.04.22	01:40:08.607	1.33803				2
2025.04.22	01:40:10.769	1.33804				2
2025.04.22	01:40:11.075	1.33805				2
2025.04.22	01:40:15.383	1.33804				2
2025.04.22	01:40:18.151		1.33810			4
2025.04.22	01:40:20.606		1.33809			4
2025.04.22	01:40:21.212	1.33801	1.33808			6
2025.04.22	01:40:21.529	1.33799				2
2025.04.22	01:40:23.068		1.33809			4
2025.04.22	01:40:23.376	1.33804	1.33810			6
2025.04.22	01:40:23.687	1.33802				2
2025.04.22	01:40:29.222	1.33804				2
2025.04.22	01:40:36.923	1.33805				2
2025.04.22	01:40:37.229	1.33804				2
2025.04.22	01:40:41.246		1.33807			4
2025.04.22	01:40:41.552	1.33805	1.33810			6
2025.04.22	01:40:41.858		1.33807			4
2025.04.22	01:40:42.162		1.33810			4
2025.04.22	01:40:42.473	1.33804	1.33807			6
2025.04.22	01:40:42.782		1.33810			4
2025.04.22	01:40:43.091		1.33807			4
2025.04.22	01:40:43.397		1.33810			4
2025.04.22	01:40:43.709		1.33807			4
2025.04.22	01:40:44.017		1.33810			4
2025.04.22	01:40:45.249	1.33805				2
2025.04.22	01:40:48.632	1.33804	1.33811			6
2025.04.22	01:40:54.479	1.33803				2
2025.04.22	01:41:00.291	1.33803				2
2025.04.22	01:41:03.060	1.33805				2
2025.04.22	01:41:09.825	1.33803				2
2025.04.22	01:41:11.673	1.33805				2
2025.04.22	01:41:18.448	1.33803				2
2025.04.22	01:41:19.061	1.33805				2
2025.04.22	01:41:19.673	1.33803				2
2025.04.22	01:41:30.127	1.33806				2
2025.04.22	01:41:34.436	1.33803				2
2025.04.22	01:41:39.662	1.33805				2
2025.04.22	01:41:39.968	1.33806				2
2025.04.22	01:41:43.030	1.33803				2
2025.04.22	01:41:48.266		1.33812			4
2025.04.22	01:41:51.027	1.33806	1.33813			6
2025.04.22	01:41:53.171	1.33808	1.33815			6
2025.04.22	01:41:54.397	1.33806				2
2025.04.22	01:41:57.768	1.33808				2
2025.04.22	01:41:59.616	1.33806				2
2025.04.22	01:42:00.237	1.33809				2
2025.04.22	01:42:01.155	1.33808				2
2025.04.22	01:42:02.388	1.33806				2
2025.04.22	01:42:02.699	1.33804	1.33812			6
2025.04.22	01:42:03.003	1.33806				2
2025.04.22	01:42:05.148	1.33807				2
2025.04.22	01:42:06.688	1.33803	1.33810			6
2025.04.22	01:42:11.904		1.33811			4
2025.04.22	01:42:12.212		1.33810			4
2025.04.22	01:42:13.438		1.33811			4
2025.04.22	01:42:14.357	1.33804				2
2025.04.22	01:42:18.359	1.33805				2
2025.04.22	01:42:19.597	1.33803				2
2025.04.22	01:42:23.597		1.33810			4
2025.04.22	01:42:23.903		1.33811			4
2025.04.22	01:42:25.446	1.33808	1.33815			6
2025.04.22	01:42:25.752	1.33804	1.33811			6
2025.04.22	01:42:26.056	1.33805	1.33810			6
2025.04.22	01:42:33.426	1.33803				2
2025.04.22	01:42:48.489	1.33804				2
2025.04.22	01:42:54.296	1.33805				2
2025.04.22	01:43:00.105	1.33805				2
2025.04.22	01:43:03.486	1.33803				2
2025.04.22	01:43:03.792	1.33805				2
2025.04.22	01:43:05.326	1.33803				2
2025.04.22	01:43:05.633	1.33805				2
2025.04.22	01:43:05.937	1.33803				2
2025.04.22	01:43:06.558	1.33805				2
2025.04.22	01:43:06.868	1.33803				2
2025.04.22	01:43:10.869		1.33812			4
2025.04.22	01:43:13.643	1.33806				2
2025.04.22	01:43:17.646	1.33804				2
2025.04.22	01:43:23.511	1.33807				2
2025.04.22	01:43:25.365	1.33804				2
2025.04.22	01:43:26.295	1.33806				2
2025.04.22	01:43:29.377	1.33804				2
2025.04.22	01:43:30.605	1.33806				2
2025.04.22	01:43:31.837	1.33804				2
2025.04.22	01:43:36.145	1.33803				2
2025.04.22	01:43:36.450	1.33804				2
2025.04.22	01:43:39.843		1.33811			4
2025.04.22	01:43:40.152		1.33812			4
2025.04.22	01:43:43.239	1.33805				2
2025.04.22	01:43:43.544	1.33807	1.33814			6
2025.04.22	01:43:44.168	1.33806				2
2025.04.22	01:43:45.397	1.33807				2
2025.04.22	01:43:46.016	1.33806				2
2025.04.22	01:43:53.707		1.33813			4
2025.04.22	01:43:54.015	1.33805	1.33810			6
2025.04.22	01:43:57.716	1.33803				2
2025.04.22	01:43:58.330	1.33805				2
2025.04.22	01:43:58.636	1.33803				2
2025.04.22	01:43:59.247	1.33805				2
2025.04.22	01:43:59.553	1.33803	1.33811			6
2025.04.22	01:43:59.866	1.33805				2
2025.04.22	01:44:00.171	1.33805				2
2025.04.22	01:44:00.777		1.33810			4
2025.04.22	01:44:06.007	1.33803				2
2025.04.22	01:44:06.315		1.33811			4
2025.04.22	01:44:06.619		1.33810			4
2025.04.22	01:44:11.844	1.33804	1.33812			6
2025.04.22	01:44:14.317	1.33803				2
2025.04.22	01:44:17.701	1.33805	1.33813			6
2025.04.22	01:44:22.014	1.33807				2
2025.04.22	01:44:22.320		1.33814			4
2025.04.22	01:44:25.699		1.33815			4
2025.04.22	01:44:26.001	1.33812	1.33820			6
2025.04.22	01:44:26.909	1.33807	1.33817			6
2025.04.22	01:44:27.217	1.33806	1.33816			6
2025.04.22	01:44:27.528	1.33811	1.33818			6
2025.04.22	01:44:32.451	1.33813	1.33819			6
2025.04.22	01:44:32.756		1.33820			4
2025.04.22	01:44:34.610		1.33819			4
2025.04.22	01:44:34.913		1.33820			4
2025.04.22	01:44:36.760	1.33811				2
2025.04.22	01:44:47.235		1.33819			4
2025.04.22	01:44:51.537	1.33813				2
2025.04.22	01:44:51.839	1.33815	1.33821			6
2025.04.22	01:44:52.767		1.33820			4
2025.04.22	01:44:53.988	1.33811	1.33819			6
2025.04.22	01:44:54.296		1.33820			4
2025.04.22	01:44:55.214		1.33819			4
2025.04.22	01:44:55.519		1.33820			4
2025.04.22	01:45:00.118	1.33815				2
2025.04.22	01:45:02.891	1.33810				2
2025.04.22	01:45:04.735	1.33811				2
2025.04.22	01:45:08.700	1.33814				2
2025.04.22	01:45:20.366	1.33812				2
2025.04.22	01:45:24.389	1.33813				2
2025.04.22	01:45:27.464		1.33821			4
2025.04.22	01:45:27.775	1.33816	1.33820			6
2025.04.22	01:45:34.864		1.33821			4
2025.04.22	01:45:36.708	1.33818	1.33824			6
2025.04.22	01:45:37.021	1.33819	1.33826			6
2025.04.22	01:45:38.245	1.33818				2
2025.04.22	01:45:38.557	1.33819				2
2025.04.22	01:45:38.864	1.33818				2
2025.04.22	01:45:46.863	1.33819				2
2025.04.22	01:45:52.707	1.33817	1.33825			6
2025.04.22	01:45:53.015	1.33819	1.33826			6
2025.04.22	01:45:54.255	1.33822				2
2025.04.22	01:45:57.026	1.33819				2
2025.04.22	01:45:58.874	1.33822	1.33827			6
2025.04.22	01:45:59.177	1.33821	1.33828			6
2025.04.22	01:45:59.800	1.33820				2
2025.04.22	01:46:00.107	1.33820				2
2025.04.22	01:46:05.647	1.33822				2
2025.04.22	01:46:09.346	1.33816	1.33821			6
2025.04.22	01:46:11.197	1.33814	1.33820			6
2025.04.22	01:46:11.505	1.33812				2
2025.04.22	01:46:11.817	1.33813				2
2025.04.22	01:46:12.433	1.33812				2
2025.04.22	01:46:12.741	1.33813				2
2025.04.22	01:46:13.356	1.33812				2
2025.04.22	01:46:13.662	1.33813				2
2025.04.22	01:46:13.975	1.33812				2
2025.04.22	01:46:14.282	1.33814	1.33821			6
2025.04.22	01:46:14.901		1.33820			4
2025.04.22	01:46:37.372	1.33815	1.33821			6
2025.04.22	01:46:41.973		1.33822			4
2025.04.22	01:46:42.885		1.33821			4
2025.04.22	01:47:00.092	1.33815				2
2025.04.22	01:47:02.565	1.33818	1.33824			6
2025.04.22	01:47:02.873	1.33819	1.33825			6
2025.04.22	01:47:03.184	1.33818				2
2025.04.22	01:47:09.435	1.33817	1.33822			6
2025.04.22	01:47:09.741	1.33816	1.33823			6
2025.04.22	01:47:10.356	1.33818	1.33824			6
2025.04.22	01:47:13.430	1.33816	1.33823			6
2025.04.22	01:47:17.755	1.33819	1.33824			6
2025.04.22	01:47:18.066		1.33825			4
2025.04.22	01:47:24.533		1.33826			4
2025.04.22	01:47:26.071		1.33825			4
2025.04.22	01:47:26.378	1.33820				2
2025.04.22	01:47:31.923		1.33824			4
2025.04.22	01:47:32.228	1.33819	1.33826			6
2025.04.22	01:47:33.154	1.33820				2
2025.04.22	01:47:33.468	1.33819				2
2025.04.22	01:47:34.385	1.33820				2
2025.04.22	01:47:34.694	1.33819	1.33825			6
2025.04.22	01:47:40.231		1.33826			4
2025.04.22	01:47:41.459		1.33825			4
2025.04.22	01:47:45.785		1.33826			4
2025.04.22	01:47:46.096		1.33825			4
2025.04.22	01:47:46.405		1.33826			4
2025.04.22	01:47:51.326		1.33825			4
2025.04.22	01:47:53.478		1.33826			4
2025.04.22	01:47:54.403	1.33820	1.33825			6
2025.04.22	01:47:54.707	1.33819				2
2025.04.22	01:48:00.248	1.33819				2
2025.04.22	01:48:01.789		1.33826			4
2025.04.22	01:48:03.951		1.33825			4
2025.04.22	01:48:29.127	1.33813	1.33819			6
2025.04.22	01:48:33.743	1.33811	1.33817			6
2025.04.22	01:48:34.049	1.33810	1.33816			6
2025.04.22	01:48:38.677		1.33817			4
2025.04.22	01:48:41.454	1.33811				2
2025.04.22	01:48:41.760		1.33818			4
2025.04.22	01:48:42.373	1.33810				2
2025.04.22	01:48:43.300	1.33811				2
2025.04.22	01:48:53.151	1.33810				2
2025.04.22	01:48:53.456	1.33813	1.33819			6
2025.04.22	01:48:53.768	1.33815				2
2025.04.22	01:48:59.317	1.33814	1.33818			6
2025.04.22	01:48:59.622	1.33813				2
2025.04.22	01:49:00.247	1.33813				2
2025.04.22	01:49:00.553	1.33814	1.33819			6
2025.04.22	01:49:00.860	1.33813				2
2025.04.22	01:49:02.102	1.33814	1.33821			6
2025.04.22	01:49:03.338		1.33820			4
2025.04.22	01:49:03.645		1.33821			4
2025.04.22	01:49:30.342		1.33820			4
2025.04.22	01:49:39.576		1.33819			4
2025.04.22	01:49:39.883		1.33820			4
2025.04.22	01:49:41.728	1.33813	1.33819			6
2025.04.22	01:49:44.799	1.33814				2
2025.04.22	01:49:45.102	1.33813	1.33820			6
2025.04.22	01:49:48.496		1.33818			4
2025.04.22	01:49:49.421		1.33819			4
2025.04.22	01:49:52.191		1.33818			4
2025.04.22	01:49:55.260	1.33815	1.33819			6
2025.04.22	01:49:55.571	1.33813	1.33818			6
2025.04.22	01:49:58.341	1.33814	1.33820			6
2025.04.22	01:50:00.186	1.33814				2
2025.04.22	01:50:07.283		1.33819			4
2025.04.22	01:50:07.896	1.33812				2
2025.04.22	01:50:09.430		1.33820			4
2025.04.22	01:50:17.458	1.33813				2
2025.04.22	01:50:37.226		1.33819			4
2025.04.22	01:50:37.842		1.33820			4
2025.04.22	01:50:45.857	1.33819	1.33825			6
2025.04.22	01:50:46.165		1.33826			4
2025.04.22	01:50:46.476	1.33825	1.33830			6
2025.04.22	01:50:47.088		1.33831			4
2025.04.22	01:50:47.397	1.33828	1.33833			6
2025.04.22	01:50:47.700	1.33829	1.33835			6
2025.04.22	01:50:48.012		1.33836			4
2025.04.22	01:50:48.628	1.33831	1.33837			6
2025.04.22	01:50:48.937		1.33839			4
2025.04.22	01:50:52.624	1.33829	1.33834			6
2025.04.22	01:50:55.089	1.33832	1.33838			6
2025.04.22	01:50:55.393	1.33833				2
2025.04.22	01:50:56.315	1.33832				2
2025.04.22	01:51:00.013	1.33832				2
2025.04.22	01:51:00.325	1.33831				2
2025.04.22	01:51:00.635	1.33832				2
2025.04.22	01:51:03.396	1.33830	1.33836			6
2025.04.22	01:51:03.698	1.33834	1.33838			6
2025.04.22	01:51:04.017	1.33830	1.33836			6
2025.04.22	01:51:04.324	1.33834	1.33838			6
2025.04.22	01:51:04.626	1.33830	1.33836			6
2025.04.22	01:51:04.935	1.33834	1.33838			6
2025.04.22	01:51:05.247	1.33830	1.33836			6
2025.04.22	01:51:05.550	1.33834	1.33838			6
2025.04.22	01:51:05.861	1.33830	1.33836			6
2025.04.22	01:51:06.169	1.33834	1.33838			6
2025.04.22	01:51:06.785		1.33837			4
2025.04.22	01:51:07.101	1.33830				2
2025.04.22	01:51:07.403		1.33838			4
2025.04.22	01:51:08.628	1.33829				2
2025.04.22	01:51:12.626		1.33837			4
2025.04.22	01:51:15.700	1.33831	1.33838			6
2025.04.22	01:51:18.465	1.33824	1.33830			6
2025.04.22	01:51:18.772	1.33823				2
2025.04.22	01:51:21.543	1.33824	1.33831			6
2025.04.22	01:51:21.847	1.33825				2
2025.04.22	01:51:25.239		1.33832			4
2025.04.22	01:51:33.846	1.33831	1.33839			6
2025.04.22	01:51:34.765	1.33833	1.33840			6
2025.04.22	01:51:35.069	1.33832				2
2025.04.22	01:51:35.380	1.33834	1.33842			6
2025.04.22	01:51:35.683		1.33841			4
2025.04.22	01:51:35.994	1.33835				2
2025.04.22	01:51:36.920	1.33834	1.33842			6
2025.04.22	01:51:37.224	1.33836				2
2025.04.22	01:51:37.851	1.33835				2
2025.04.22	01:51:55.400	1.33834				2
2025.04.22	01:51:56.332	1.33835				2
2025.04.22	01:51:57.869	1.33834				2
2025.04.22	01:51:59.409	1.33835				2
2025.04.22	01:52:00.024	1.33835				2
2025.04.22	01:52:04.328	1.33834	1.33841			6
2025.04.22	01:52:10.171		1.33842			4
2025.04.22	01:52:12.328	1.33835				2
2025.04.22	01:52:16.321	1.33842	1.33847			6
2025.04.22	01:52:18.773	1.33843				2
2025.04.22	01:52:20.917		1.33850			4
2025.04.22	01:52:21.227	1.33844	1.33851			6
2025.04.22	01:52:28.287	1.33845	1.33853			6
2025.04.22	01:52:28.606		1.33852			4
2025.04.22	01:52:29.220	1.33844				2
2025.04.22	01:52:29.534	1.33845				2
2025.04.22	01:52:29.839	1.33844				2
2025.04.22	01:52:30.146	1.33845				2
2025.04.22	01:52:30.459	1.33844				2
2025.04.22	01:52:31.069		1.33850			4
2025.04.22	01:52:31.377	1.33843	1.33849			6
2025.04.22	01:52:32.000	1.33844				2
2025.04.22	01:52:39.685	1.33842	1.33848			6
2025.04.22	01:52:40.913	1.33843	1.33849			6
2025.04.22	01:52:48.292	1.33844	1.33851			6
2025.04.22	01:52:51.058	1.33845				2
2025.04.22	01:52:55.681	1.33844	1.33850			6
2025.04.22	01:53:00.286	1.33844				2
2025.04.22	01:53:03.052	1.33843	1.33849			6
2025.04.22	01:53:03.355	1.33844				2
2025.04.22	01:53:06.108	1.33845				2
2025.04.22	01:53:07.021	1.33844				2
2025.04.22	01:53:07.333	1.33845				2
2025.04.22	01:53:08.251	1.33843				2
2025.04.22	01:53:15.642	1.33844				2
2025.04.22	01:53:27.298	1.33838	1.33844			6
2025.04.22	01:53:28.216	1.33837				2
2025.04.22	01:53:32.191	1.33833	1.33834			6
2025.04.22	01:53:32.500	1.33829				2
2025.04.22	01:53:32.801	1.33826	1.33832			6
2025.04.22	01:53:33.114	1.33825				2
2025.04.22	01:53:47.789	1.33826	1.33833			6
2025.04.22	01:54:00.028	1.33826				2
2025.04.22	01:54:01.557		1.33832			4
2025.04.22	01:54:12.876	1.33827	1.33833			6
2025.04.22	01:54:15.320	1.33828				2
2025.04.22	01:54:18.987	1.33827				2
2025.04.22	01:54:20.526		1.33832			4
2025.04.22	01:54:25.116	1.33825				2
2025.04.22	01:54:26.032	1.33826				2
2025.04.22	01:54:28.174	1.33827				2
2025.04.22	01:54:28.488	1.33826				2
2025.04.22	01:54:30.016	1.33827				2
2025.04.22	01:54:31.237	1.33826				2
2025.04.22	01:54:32.162	1.33824	1.33827			6
2025.04.22	01:54:33.381		1.33828			4
2025.04.22	01:54:35.221	1.33823	1.33827			6
2025.04.22	01:54:36.757	1.33824				2
2025.04.22	01:54:37.683	1.33823				2
2025.04.22	01:54:38.297	1.33822				2
2025.04.22	01:54:41.374	1.33821	1.33824			6
2025.04.22	01:54:42.913		1.33825			4
2025.04.22	01:54:43.219		1.33824			4
2025.04.22	01:54:43.527	1.33816	1.33821			6
2025.04.22	01:54:45.372	1.33815				2
2025.04.22	01:54:46.904	1.33814				2
2025.04.22	01:54:47.215	1.33815				2
2025.04.22	01:54:54.602	1.33814	1.33819			6
2025.04.22	01:54:54.905		1.33818			4
2025.04.22	01:54:57.367		1.33819			4
2025.04.22	01:55:00.139	1.33814				2
2025.04.22	01:55:01.680	1.33813				2
2025.04.22	01:55:01.988	1.33814				2
2025.04.22	01:55:03.214	1.33812				2
2025.04.22	01:55:05.067	1.33811	1.33817			6
2025.04.22	01:55:05.372	1.33812	1.33818			6
2025.04.22	01:55:23.514		1.33817			4
2025.04.22	01:55:23.820		1.33815			4
2025.04.22	01:55:24.131		1.33816			4
2025.04.22	01:55:29.665		1.33817			4
2025.04.22	01:55:37.039	1.33811				2
2025.04.22	01:55:40.417	1.33813	1.33818			6
2025.04.22	01:55:41.339	1.33814	1.33821			6
2025.04.22	01:55:41.642	1.33818	1.33823			6
2025.04.22	01:55:51.179		1.33822			4
2025.04.22	01:55:53.040		1.33823			4
2025.04.22	01:55:53.345	1.33817	1.33822			6
2025.04.22	01:55:55.194	1.33816				2
2025.04.22	01:55:56.728		1.33821			4
2025.04.22	01:55:57.032	1.33815				2
2025.04.22	01:56:00.103	1.33815				2
2025.04.22	01:56:01.335	1.33812	1.33818			6
2025.04.22	01:56:30.280	1.33817	1.33822			6
2025.04.22	01:56:30.581	1.33818				2
2025.04.22	01:56:31.203	1.33817				2
2025.04.22	01:56:33.968	1.33816				2
2025.04.22	01:56:40.737	1.33817				2
2025.04.22	01:56:49.042	1.33820	1.33826			6
2025.04.22	01:56:49.659	1.33821				2
2025.04.22	01:56:50.275	1.33820				2
2025.04.22	01:56:51.809	1.33819	1.33825			6
2025.04.22	01:56:52.117	1.33820				2
2025.04.22	01:56:57.349		1.33826			4
2025.04.22	01:57:00.111	1.33820				2
2025.04.22	01:57:01.040	1.33826	1.33831			6
2025.04.22	01:57:02.274	1.33825				2
2025.04.22	01:57:03.199	1.33824	1.33830			6
2025.04.22	01:57:05.657	1.33823				2
2025.04.22	01:57:09.650		1.33831			4
2025.04.22	01:57:09.958	1.33816	1.33822			6
2025.04.22	01:57:10.266	1.33815	1.33823			6
2025.04.22	01:57:11.193	1.33814				2
2025.04.22	01:57:14.272	1.33815				2
2025.04.22	01:57:15.192	1.33814				2
2025.04.22	01:57:15.505	1.33815				2
2025.04.22	01:57:15.810	1.33814				2
2025.04.22	01:57:16.736		1.33822			4
2025.04.22	01:57:19.816	1.33813	1.33821			6
2025.04.22	01:57:20.431		1.33822			4
2025.04.22	01:57:21.960		1.33821			4
2025.04.22	01:57:26.324		1.33822			4
2025.04.22	01:57:26.638		1.33821			4
2025.04.22	01:57:28.172	1.33814				2
2025.04.22	01:57:29.095	1.33813				2
2025.04.22	01:57:37.389	1.33814				2
2025.04.22	01:58:00.131	1.33814				2
2025.04.22	01:58:07.503		1.33822			4
2025.04.22	01:58:18.565	1.33815				2
2025.04.22	01:58:19.187	1.33814				2
2025.04.22	01:58:19.796	1.33815				2
2025.04.22	01:58:20.105	1.33814				2
2025.04.22	01:58:21.636	1.33815				2
2025.04.22	01:58:22.556	1.33814				2
2025.04.22	01:58:22.861	1.33815				2
2025.04.22	01:58:23.784	1.33813	1.33819			6
2025.04.22	01:58:29.328	1.33811	1.33818			6
2025.04.22	01:58:29.640	1.33812	1.33820			6
2025.04.22	01:58:29.947	1.33813				2
2025.04.22	01:58:44.375		1.33821			4
2025.04.22	01:58:44.680	1.33814	1.33822			6
2025.04.22	01:58:45.908		1.33821			4
2025.04.22	01:58:48.373		1.33822			4
2025.04.22	01:58:49.604		1.33821			4
2025.04.22	01:58:52.686	1.33815	1.33822			6
2025.04.22	01:59:00.052	1.33815				2
2025.04.22	01:59:04.966	1.33816				2
2025.04.22	01:59:06.804	1.33817				2
2025.04.22	01:59:07.416	1.33815				2
2025.04.22	01:59:09.876	1.33816				2
2025.04.22	01:59:15.107	1.33815				2
2025.04.22	01:59:16.642		1.33821			4
2025.04.22	01:59:21.847		1.33822			4
2025.04.22	01:59:27.681		1.33821			4
2025.04.22	01:59:37.176	1.33816	1.33822			6
2025.04.22	01:59:41.755	1.33814				2
2025.04.22	01:59:57.051		1.33821			4
2025.04.22	01:59:57.357	1.33815				2
2025.04.22	01:59:57.663	1.33816				2
2025.04.22	02:00:00.104	1.33817	1.33823			6
2025.04.22	02:00:00.409	1.33823	1.33830			6
2025.04.22	02:00:00.714	1.33824				2
2025.04.22	02:00:01.323	1.33821	1.33829			6
2025.04.22	02:00:02.545	1.33820				2
2025.04.22	02:00:04.377	1.33821				2
2025.04.22	02:00:05.602	1.33820	1.33827			6
2025.04.22	02:00:05.910		1.33828			4
2025.04.22	02:00:06.215	1.33814	1.33820			6
2025.04.22	02:00:06.525		1.33821			4
2025.04.22	02:00:06.835		1.33820			4
2025.04.22	02:00:07.140	1.33813				2
2025.04.22	02:00:08.061	1.33814				2
2025.04.22	02:00:09.294		1.33818			4
2025.04.22	02:00:10.214		1.33820			4
2025.04.22	02:00:14.518		1.33822			4
2025.04.22	02:00:23.130	1.33817	1.33823			6
2025.04.22	02:00:24.052	1.33819	1.33824			6
2025.04.22	02:00:24.357	1.33820	1.33825			6
2025.04.22	02:00:29.601	1.33822	1.33830			6
2025.04.22	02:00:29.901	1.33824				2
2025.04.22	02:00:33.287	1.33825	1.33831			6
2025.04.22	02:00:42.481	1.33830	1.33834			6
2025.04.22	02:00:43.407	1.33829				2
2025.04.22	02:00:44.328	1.33830				2
2025.04.22	02:00:46.477		1.33835			4
2025.04.22	02:00:48.639	1.33831	1.33837			6
2025.04.22	02:00:52.646	1.33830				2
2025.04.22	02:00:53.258	1.33833				2
2025.04.22	02:00:57.571	1.33832				2
2025.04.22	02:01:00.032	1.33832				2
2025.04.22	02:01:03.421	1.33831	1.33835			6
2025.04.22	02:01:03.731	1.33832				2
2025.04.22	02:01:04.958		1.33836			4
2025.04.22	02:01:05.267		1.33838			4
2025.04.22	02:01:05.570	1.33826	1.33829			6
2025.04.22	02:01:05.880	1.33822	1.33827			6
2025.04.22	02:01:06.188	1.33821				2
2025.04.22	02:01:14.503	1.33824	1.33830			6
2025.04.22	02:01:14.805		1.33831			4
2025.04.22	02:01:26.197	1.33820	1.33828			6
2025.04.22	02:01:26.505	1.33821				2
2025.04.22	02:01:28.047	1.33820	1.33827			6
2025.04.22	02:01:30.201	1.33821				2
2025.04.22	02:01:31.126	1.33825	1.33831			6
2025.04.22	02:01:31.433	1.33822	1.33828			6
2025.04.22	02:01:32.357	1.33821				2
2025.04.22	02:01:37.581	1.33820				2
2025.04.22	02:01:42.499		1.33827			4
2025.04.22	02:01:44.041	1.33816	1.33821			6
2025.04.22	02:01:44.352	1.33815				2
2025.04.22	02:01:45.880	1.33814				2
2025.04.22	02:01:46.192	1.33815				2
2025.04.22	02:01:57.564	1.33814				2
2025.04.22	02:01:57.871	1.33815				2
2025.04.22	02:02:00.025	1.33815				2
2025.04.22	02:02:00.633	1.33814				2
2025.04.22	02:02:00.939	1.33815				2
2025.04.22	02:02:01.546	1.33816	1.33822			6
2025.04.22	02:02:01.853	1.33815				2
2025.04.22	02:02:03.393	1.33817	1.33824			6
2025.04.22	02:02:04.013	1.33818				2
2025.04.22	02:02:07.086	1.33817				2
2025.04.22	02:02:07.395	1.33818				2
2025.04.22	02:02:09.858	1.33817				2
2025.04.22	02:02:14.467		1.33821			4
