<DATE>	<TIME>	<BID>	<ASK>	<LAST>	<VOLUME>	<FLAGS>
2025.01.16	00:00:00.304	1.22307	1.22499			6
2025.01.16	00:00:00.979	1.22330	1.22522			6
2025.01.16	00:00:30.490		1.22497			4
2025.01.16	00:01:00.021	1.22330				2
2025.01.16	00:01:10.170	1.22317				2
2025.01.16	00:01:30.625		1.22497			4
2025.01.16	00:01:51.094		1.22496			4
2025.01.16	00:01:51.403	1.22309	1.22492			6
2025.01.16	00:01:55.677		1.22496			4
2025.01.16	00:02:00.274	1.22309				2
2025.01.16	00:02:23.371		1.22492			4
2025.01.16	00:03:00.002	1.22309				2
2025.01.16	00:03:03.378		1.22459			4
2025.01.16	00:03:03.680		1.22467			4
2025.01.16	00:03:12.847		1.22466			4
2025.01.16	00:03:18.645		1.22452			4
2025.01.16	00:03:29.667		1.22462			4
2025.01.16	00:03:47.132	1.22314	1.22468			6
2025.01.16	00:03:56.598		1.22472			4
2025.01.16	00:04:00.255	1.22314	1.22468			6
2025.01.16	00:04:02.091		1.22470			4
2025.01.16	00:04:02.396		1.22466			4
2025.01.16	00:04:05.440		1.22495			4
2025.01.16	00:04:19.159	1.22315	1.22497			6
2025.01.16	00:04:23.123	1.22317				2
2025.01.16	00:04:27.999	1.22316				2
2025.01.16	00:04:59.969	1.22318				2
2025.01.16	00:05:00.272	1.22314	1.22455			6
2025.01.16	00:05:00.573	1.22308				2
2025.01.16	00:05:00.880		1.22442			4
2025.01.16	00:05:01.183	1.22314				2
2025.01.16	00:05:01.797	1.22357	1.22489			6
2025.01.16	00:05:05.785	1.22356				2
2025.01.16	00:05:06.399	1.22329	1.22478			6
2025.01.16	00:05:08.237	1.22328	1.22476			6
2025.01.16	00:05:09.149	1.22330				2
2025.01.16	00:05:12.190	1.22332	1.22479			6
2025.01.16	00:05:13.103	1.22336	1.22483			6
2025.01.16	00:05:18.292	1.22335	1.22481			6
2025.01.16	00:05:30.815	1.22351	1.22455			6
2025.01.16	00:05:31.121	1.22343	1.22461			6
2025.01.16	00:05:31.424	1.22344	1.22457			6
2025.01.16	00:05:31.726	1.22343				2
2025.01.16	00:05:35.075		1.22454			4
2025.01.16	00:05:37.210	1.22341				2
2025.01.16	00:05:37.815	1.22346				2
2025.01.16	00:05:39.034		1.22453			4
2025.01.16	00:05:39.345	1.22342				2
2025.01.16	00:05:40.868	1.22341				2
2025.01.16	00:05:43.007		1.22449			4
2025.01.16	00:05:46.065	1.22342				2
2025.01.16	00:05:47.027	1.22343				2
2025.01.16	00:05:48.254	1.22342				2
2025.01.16	00:05:49.482	1.22345	1.22453			6
2025.01.16	00:05:59.582	1.22346				2
2025.01.16	00:06:00.188	1.22345				2
2025.01.16	00:06:00.492	1.22346				2
2025.01.16	00:06:08.726	1.22339				2
2025.01.16	00:06:14.513	1.22343				2
2025.01.16	00:06:16.657	1.22326	1.22457			6
2025.01.16	00:06:16.965	1.22325				2
2025.01.16	00:06:19.713	1.22326				2
2025.01.16	00:06:20.020	1.22328				2
2025.01.16	00:06:22.160	1.22334				2
2025.01.16	00:06:22.465	1.22341				2
2025.01.16	00:06:29.812	1.22346				2
2025.01.16	00:06:30.119	1.22339				2
2025.01.16	00:06:30.430	1.22340				2
2025.01.16	00:06:30.740	1.22341				2
2025.01.16	00:06:39.582	1.22342				2
2025.01.16	00:06:39.885	1.22341				2
2025.01.16	00:06:58.490	1.22342				2
2025.01.16	00:06:59.103	1.22341				2
2025.01.16	00:07:00.015	1.22341				2
2025.01.16	00:07:00.321	1.22340				2
2025.01.16	00:07:04.603	1.22341				2
2025.01.16	00:07:16.851	1.22342	1.22457			6
2025.01.16	00:07:21.419	1.22338				2
2025.01.16	00:07:22.941	1.22339				2
2025.01.16	00:07:26.907	1.22338				2
2025.01.16	00:07:27.212	1.22346				2
2025.01.16	00:07:27.828	1.22345				2
2025.01.16	00:07:29.651		1.22451			4
2025.01.16	00:07:30.256		1.22452			4
2025.01.16	00:07:30.557	1.22343				2
2025.01.16	00:07:32.388	1.22344				2
2025.01.16	00:07:35.076	1.22349				2
2025.01.16	00:07:39.227	1.22363	1.22458			6
2025.01.16	00:07:41.695		1.22462			4
2025.01.16	00:07:43.217	1.22367				2
2025.01.16	00:07:57.381	1.22371				2
2025.01.16	00:08:00.476	1.22372				2
2025.01.16	00:08:00.961	1.22371				2
2025.01.16	00:08:21.534	1.22374				2
2025.01.16	00:08:30.888	1.22373				2
2025.01.16	00:08:32.102	1.22374				2
2025.01.16	00:08:41.809		1.22462			4
2025.01.16	00:09:00.523	1.22374				2
2025.01.16	00:09:07.978	1.22366	1.22460			6
2025.01.16	00:09:08.293	1.22373				2
2025.01.16	00:09:08.984	1.22362	1.22459			6
2025.01.16	00:09:09.482	1.22364	1.22463			6
2025.01.16	00:09:09.982	1.22363	1.22459			6
2025.01.16	00:09:10.458	1.22362				2
2025.01.16	00:09:10.981	1.22374				2
2025.01.16	00:09:11.485		1.22463			4
2025.01.16	00:09:26.741	1.22366	1.22468			6
2025.01.16	00:09:27.059	1.22367				2
2025.01.16	00:09:27.362	1.22366				2
2025.01.16	00:09:27.668	1.22355				2
2025.01.16	00:09:28.017	1.22362				2
2025.01.16	00:09:28.323	1.22351				2
2025.01.16	00:09:28.776	1.22359				2
2025.01.16	00:09:29.275	1.22360				2
2025.01.16	00:09:30.200	1.22356	1.22466			6
2025.01.16	00:09:30.515	1.22360				2
2025.01.16	00:09:31.431	1.22348	1.22471			6
2025.01.16	00:09:32.362	1.22342	1.22470			6
2025.01.16	00:09:32.680	1.22348	1.22469			6
2025.01.16	00:09:33.808	1.22352	1.22468			6
2025.01.16	00:09:36.262	1.22351	1.22464			6
2025.01.16	00:09:38.726		1.22452			4
2025.01.16	00:09:39.334	1.22353				2
2025.01.16	00:09:40.565		1.22464			4
2025.01.16	00:09:41.176	1.22357	1.22470			6
2025.01.16	00:09:42.104	1.22351	1.22468			6
2025.01.16	00:09:43.017		1.22466			4
2025.01.16	00:09:44.250	1.22352				2
2025.01.16	00:09:44.553	1.22354				2
2025.01.16	00:09:45.160	1.22350				2
2025.01.16	00:09:46.703		1.22468			4
2025.01.16	00:09:47.313	1.22349	1.22469			6
2025.01.16	00:09:47.619	1.22351	1.22466			6
2025.01.16	00:09:48.238	1.22352	1.22470			6
2025.01.16	00:09:48.544	1.22351				2
2025.01.16	00:09:50.384	1.22343	1.22468			6
2025.01.16	00:09:51.601	1.22350	1.22472			6
2025.01.16	00:09:51.906	1.22348				2
2025.01.16	00:09:52.220	1.22354				2
2025.01.16	00:09:52.664	1.22360	1.22470			6
2025.01.16	00:09:54.207		1.22466			4
2025.01.16	00:09:56.349	1.22357				2
2025.01.16	00:09:56.654	1.22353	1.22464			6
2025.01.16	00:09:57.262	1.22357				2
2025.01.16	00:09:58.190	1.22358	1.22459			6
2025.01.16	00:09:58.806	1.22356				2
2025.01.16	00:09:59.114		1.22466			4
2025.01.16	00:09:59.422	1.22357				2
2025.01.16	00:10:00.028	1.22357				2
2025.01.16	00:10:00.338	1.22351	1.22467			6
2025.01.16	00:10:01.562	1.22350	1.22465			6
2025.01.16	00:10:01.877	1.22353				2
2025.01.16	00:10:02.799	1.22352	1.22466			6
2025.01.16	00:10:03.722		1.22462			4
2025.01.16	00:10:06.793	1.22364	1.22459			6
2025.01.16	00:10:07.275	1.22359				2
2025.01.16	00:10:08.312	1.22356	1.22450			6
2025.01.16	00:10:11.855	1.22358				2
2025.01.16	00:10:12.173	1.22359				2
2025.01.16	00:10:12.471		1.22492			4
2025.01.16	00:10:12.781	1.22347				2
2025.01.16	00:10:17.092	1.22353				2
2025.01.16	00:10:20.482	1.22358				2
2025.01.16	00:10:24.176	1.22352				2
2025.01.16	00:10:24.492	1.22357				2
2025.01.16	00:10:24.789	1.22351				2
2025.01.16	00:10:25.107	1.22356				2
2025.01.16	00:10:25.408	1.22364				2
2025.01.16	00:10:25.723	1.22356				2
2025.01.16	00:10:26.338	1.22362				2
2025.01.16	00:10:27.561	1.22363				2
2025.01.16	00:10:27.874	1.22380				2
2025.01.16	00:10:28.481	1.22377				2
2025.01.16	00:10:29.709	1.22375				2
2025.01.16	00:10:30.015	1.22376				2
2025.01.16	00:10:31.852	1.22366				2
2025.01.16	00:10:32.477	1.22364				2
2025.01.16	00:10:34.316	1.22353				2
2025.01.16	00:10:35.548	1.22354				2
2025.01.16	00:10:35.851	1.22356				2
2025.01.16	00:10:36.778	1.22357				2
2025.01.16	00:10:38.621	1.22358				2
2025.01.16	00:10:39.239	1.22373				2
2025.01.16	00:10:39.853	1.22375				2
2025.01.16	00:10:40.465	1.22376				2
2025.01.16	00:10:41.079	1.22377				2
2025.01.16	00:10:41.999	1.22378				2
2025.01.16	00:10:43.840	1.22377				2
2025.01.16	00:10:47.225	1.22378				2
2025.01.16	00:10:49.380	1.22379				2
2025.01.16	00:10:52.146	1.22375				2
2025.01.16	00:10:57.995	1.22376				2
2025.01.16	00:10:59.228	1.22378				2
2025.01.16	00:11:00.153	1.22378				2
2025.01.16	00:11:01.696	1.22379				2
2025.01.16	00:11:03.229		1.22465			4
2025.01.16	00:11:04.151	1.22380				2
2025.01.16	00:11:04.464	1.22381				2
2025.01.16	00:11:06.921		1.22492			4
2025.01.16	00:11:08.151		1.22465			4
2025.01.16	00:11:11.840		1.22492			4
2025.01.16	00:11:12.762		1.22470			4
2025.01.16	00:11:15.223		1.22467			4
2025.01.16	00:11:15.530	1.22382	1.22470			6
2025.01.16	00:11:23.552	1.22386				2
2025.01.16	00:11:26.932	1.22387				2
2025.01.16	00:11:30.322		1.22492			4
2025.01.16	00:11:31.240		1.22470			4
2025.01.16	00:11:34.322	1.22388				2
2025.01.16	00:11:58.017	1.22395				2
2025.01.16	00:12:00.157	1.22395				2
2025.01.16	00:12:03.527	1.22391				2
2025.01.16	00:12:09.652	1.22387				2
2025.01.16	00:12:10.569	1.22388				2
2025.01.16	00:12:10.875	1.22390				2
2025.01.16	00:12:20.692	1.22389				2
2025.01.16	00:12:22.841	1.22391				2
2025.01.16	00:12:24.067	1.22395				2
2025.01.16	00:12:25.915	1.22390				2
2025.01.16	00:12:31.454		1.22470			4
2025.01.16	00:12:32.985	1.22392				2
2025.01.16	00:12:34.219	1.22389				2
2025.01.16	00:12:40.361	1.22396				2
2025.01.16	00:12:49.276	1.22391	1.22468			6
2025.01.16	00:12:51.436	1.22389				2
2025.01.16	00:12:53.283	1.22388				2
2025.01.16	00:13:00.050	1.22388				2
2025.01.16	00:13:03.129	1.22392	1.22469			6
2025.01.16	00:13:06.204	1.22390				2
2025.01.16	00:13:13.284	1.22394				2
2025.01.16	00:13:15.450	1.22387				2
2025.01.16	00:13:29.289	1.22390				2
2025.01.16	00:13:33.283		1.22468			4
2025.01.16	00:13:33.589	1.22395				2
2025.01.16	00:13:33.900	1.22390				2
2025.01.16	00:13:43.738	1.22387				2
2025.01.16	00:13:49.569	1.22391				2
2025.01.16	00:13:53.562		1.22473			4
2025.01.16	00:13:56.933	1.22392				2
2025.01.16	00:14:00.010	1.22392				2
2025.01.16	00:14:03.700	1.22391				2
2025.01.16	00:14:05.544	1.22388				2
2025.01.16	00:14:26.173	1.22387				2
2025.01.16	00:14:34.191	1.22390				2
2025.01.16	00:14:40.350	1.22391				2
2025.01.16	00:14:44.034	1.22394	1.22468			6
2025.01.16	00:14:45.266	1.22390				2
2025.01.16	00:14:46.193	1.22388				2
2025.01.16	00:14:47.420	1.22389				2
2025.01.16	00:14:49.266	1.22388				2
2025.01.16	00:14:54.192	1.22391	1.22473			6
2025.01.16	00:15:00.048	1.22391				2
2025.01.16	00:15:00.348	1.22381				2
2025.01.16	00:15:04.352	1.22361				2
2025.01.16	00:15:04.662	1.22362				2
2025.01.16	00:15:13.288	1.22361				2
2025.01.16	00:16:31.383	1.22374	1.22464			6
2025.01.16	00:16:32.287	1.22365	1.22467			6
2025.01.16	00:16:32.597	1.22375				2
2025.01.16	00:16:35.059	1.22359	1.22461			6
2025.01.16	00:16:35.673	1.22361				2
2025.01.16	00:16:37.501	1.22367				2
2025.01.16	00:16:39.021	1.22366	1.22456			6
2025.01.16	00:16:39.326	1.22365				2
2025.01.16	00:16:45.105	1.22360				2
2025.01.16	00:16:45.410	1.22363				2
2025.01.16	00:16:52.395	1.22360				2
2025.01.16	00:16:53.005	1.22361				2
2025.01.16	00:16:55.146	1.22367				2
2025.01.16	00:16:55.453	1.22370				2
2025.01.16	00:16:57.280	1.22369				2
2025.01.16	00:16:58.189		1.22448			4
2025.01.16	00:17:00.023	1.22369				2
2025.01.16	00:17:05.215	1.22362				2
2025.01.16	00:17:05.522	1.22367				2
2025.01.16	00:17:07.349	1.22369				2
2025.01.16	00:17:09.178	1.22368				2
2025.01.16	00:17:13.750		1.22444			4
2025.01.16	00:17:15.281	1.22367	1.22440			6
2025.01.16	00:17:22.283	1.22362				2
2025.01.16	00:17:22.589		1.22447			4
2025.01.16	00:17:25.658	1.22363				2
2025.01.16	00:17:25.967	1.22362				2
2025.01.16	00:17:26.267	1.22363				2
2025.01.16	00:17:26.883	1.22362				2
2025.01.16	00:17:27.797	1.22363				2
2025.01.16	00:17:29.011	1.22362				2
2025.01.16	00:17:35.712	1.22363				2
2025.01.16	00:17:43.310	1.22361				2
2025.01.16	00:17:45.453	1.22363				2
2025.01.16	00:17:45.760	1.22354				2
2025.01.16	00:17:55.791	1.22358	1.22448			6
2025.01.16	00:17:56.096	1.22357				2
2025.01.16	00:17:57.630	1.22358				2
2025.01.16	00:18:00.073	1.22358				2
2025.01.16	00:18:02.220	1.22356				2
2025.01.16	00:18:03.445	1.22351	1.22444			6
2025.01.16	00:18:03.778	1.22350				2
2025.01.16	00:18:05.824		1.22451			4
2025.01.16	00:18:13.910	1.22353				2
2025.01.16	00:18:15.991		1.22448			4
2025.01.16	00:18:18.761	1.22354				2
2025.01.16	00:18:19.075	1.22353				2
2025.01.16	00:18:19.381	1.22355				2
2025.01.16	00:18:25.191	1.22352				2
2025.01.16	00:18:25.520	1.22353				2
2025.01.16	00:18:26.073		1.22453			4
2025.01.16	00:18:27.258	1.22352				2
2025.01.16	00:18:29.202	1.22350				2
2025.01.16	00:18:33.119	1.22352				2
2025.01.16	00:18:34.033	1.22353				2
2025.01.16	00:18:34.950	1.22351				2
2025.01.16	00:18:35.872	1.22352				2
2025.01.16	00:18:36.181	1.22354				2
2025.01.16	00:18:37.097	1.22355				2
2025.01.16	00:18:41.389	1.22354				2
2025.01.16	00:18:41.696	1.22355				2
2025.01.16	00:18:42.615	1.22351	1.22448			6
2025.01.16	00:18:44.881	1.22352				2
2025.01.16	00:18:51.425	1.22354				2
2025.01.16	00:18:52.601	1.22351				2
2025.01.16	00:18:56.278	1.22355	1.22442			6
2025.01.16	00:18:56.581	1.22352				2
2025.01.16	00:18:57.497	1.22351				2
2025.01.16	00:18:58.701	1.22353	1.22469			6
2025.01.16	00:19:00.231	1.22353				2
2025.01.16	00:19:06.356	1.22355	1.22455			6
2025.01.16	00:19:12.238	1.22356				2
2025.01.16	00:19:16.180	1.22351	1.22470			6
2025.01.16	00:19:17.105	1.22353	1.22458			6
2025.01.16	00:19:17.431		1.22462			4
2025.01.16	00:19:23.164		1.22461			4
2025.01.16	00:19:26.354		1.22455			4
2025.01.16	00:19:36.493		1.22456			4
2025.01.16	00:19:43.446	1.22352				2
2025.01.16	00:19:43.773	1.22354				2
2025.01.16	00:19:44.467	1.22352				2
2025.01.16	00:19:46.714		1.22451			4
2025.01.16	00:19:47.781	1.22353				2
2025.01.16	00:19:50.956	1.22354				2
2025.01.16	00:19:52.841	1.22353				2
2025.01.16	00:19:59.492	1.22354				2
2025.01.16	00:20:00.105	1.22354				2
2025.01.16	00:20:06.840	1.22355				2
2025.01.16	00:20:12.046	1.22354				2
2025.01.16	00:20:12.969	1.22353	1.22446			6
2025.01.16	00:20:13.477	1.22355				2
2025.01.16	00:20:27.871	1.22354				2
2025.01.16	00:20:28.970	1.22353				2
2025.01.16	00:20:30.889	1.22354				2
2025.01.16	00:20:37.296	1.22353				2
2025.01.16	00:20:37.600	1.22352				2
2025.01.16	00:20:40.353	1.22353				2
2025.01.16	00:20:40.663	1.22354				2
2025.01.16	00:20:49.205	1.22355				2
2025.01.16	00:20:51.057	1.22356				2
2025.01.16	00:20:53.203	1.22357				2
2025.01.16	00:21:00.267	1.22357				2
2025.01.16	00:21:01.796	1.22358				2
2025.01.16	00:21:10.071	1.22359				2
2025.01.16	00:21:13.143	1.22358	1.22445			6
2025.01.16	00:21:17.741	1.22359	1.22444			6
2025.01.16	00:21:18.042	1.22355				2
2025.01.16	00:21:18.343	1.22356	1.22445			6
2025.01.16	00:21:18.670	1.22359				2
2025.01.16	00:21:22.251	1.22361				2
2025.01.16	00:21:23.481		1.22451			4
2025.01.16	00:21:27.462	1.22365				2
2025.01.16	00:21:40.635		1.22444			4
2025.01.16	00:21:42.481	1.22362	1.22440			6
2025.01.16	00:21:47.705	1.22361				2
2025.01.16	00:21:53.528	1.22359				2
2025.01.16	00:21:53.919	1.22365				2
2025.01.16	00:21:55.750	1.22366				2
2025.01.16	00:22:00.051	1.22366				2
2025.01.16	00:22:07.100	1.22362				2
2025.01.16	00:22:23.260	1.22354				2
2025.01.16	00:22:23.563	1.22358	1.22444			6
2025.01.16	00:22:23.877	1.22359	1.22449			6
2025.01.16	00:22:24.180	1.22360				2
2025.01.16	00:22:24.485		1.22442			4
2025.01.16	00:22:25.094		1.22437			4
2025.01.16	00:22:25.400	1.22361				2
2025.01.16	00:22:27.826	1.22358	1.22439			6
2025.01.16	00:22:28.136	1.22359				2
2025.01.16	00:22:29.044	1.22360				2
2025.01.16	00:22:30.879	1.22361				2
2025.01.16	00:22:31.181	1.22356	1.22432			6
2025.01.16	00:22:31.489	1.22361				2
2025.01.16	00:22:33.319	1.22355	1.22431			6
2025.01.16	00:22:33.927	1.22362	1.22453			6
2025.01.16	00:22:34.234	1.22358	1.22460			6
2025.01.16	00:22:35.141	1.22356	1.22434			6
2025.01.16	00:22:35.446	1.22355	1.22433			6
2025.01.16	00:22:35.748	1.22356				2
2025.01.16	00:22:36.052	1.22350	1.22428			6
2025.01.16	00:22:36.354	1.22351				2
2025.01.16	00:22:36.657	1.22354	1.22435			6
2025.01.16	00:22:36.961	1.22352				2
2025.01.16	00:22:38.181	1.22353				2
2025.01.16	00:22:38.481	1.22351	1.22429			6
2025.01.16	00:22:38.792	1.22353	1.22434			6
2025.01.16	00:22:39.097	1.22351	1.22431			6
2025.01.16	00:22:39.402	1.22355				2
2025.01.16	00:22:41.528	1.22352	1.22430			6
2025.01.16	00:22:43.361	1.22353				2
2025.01.16	00:22:43.968	1.22357				2
2025.01.16	00:22:46.409		1.22422			4
2025.01.16	00:22:48.240	1.22358				2
2025.01.16	00:22:49.465	1.22357				2
2025.01.16	00:22:51.921	1.22358				2
2025.01.16	00:22:53.763	1.22356				2
2025.01.16	00:22:58.053	1.22351				2
2025.01.16	00:22:58.375	1.22355				2
2025.01.16	00:23:00.213	1.22355				2
2025.01.16	00:23:01.730	1.22356				2
2025.01.16	00:23:03.557	1.22354				2
2025.01.16	00:23:03.859	1.22355				2
2025.01.16	00:23:08.140		1.22424			4
2025.01.16	00:23:08.446	1.22352				2
2025.01.16	00:23:08.754	1.22351				2
2025.01.16	00:23:11.822	1.22352				2
2025.01.16	00:23:12.137	1.22350				2
2025.01.16	00:23:13.053	1.22352				2
2025.01.16	00:23:22.257	1.22354				2
2025.01.16	00:23:27.471	1.22353				2
2025.01.16	00:23:29.919	1.22355				2
2025.01.16	00:23:31.151	1.22353				2
2025.01.16	00:23:33.919	1.22354				2
2025.01.16	00:23:38.223	1.22355				2
2025.01.16	00:23:42.212	1.22356				2
2025.01.16	00:23:48.647	1.22357				2
2025.01.16	00:23:51.095	1.22356				2
2025.01.16	00:23:54.161	1.22357				2
2025.01.16	00:23:58.754	1.22355				2
2025.01.16	00:23:59.061	1.22356				2
2025.01.16	00:24:00.292	1.22356				2
2025.01.16	00:24:02.743	1.22355				2
2025.01.16	00:24:03.664	1.22356				2
2025.01.16	00:24:08.274		1.22424			4
2025.01.16	00:24:08.888	1.22355				2
2025.01.16	00:24:11.643	1.22356				2
2025.01.16	00:24:19.001	1.22355				2
2025.01.16	00:24:34.356	1.22356				2
2025.01.16	00:24:38.959	1.22355				2
2025.01.16	00:24:48.791	1.22356				2
2025.01.16	00:24:49.095	1.22354				2
2025.01.16	00:24:59.234	1.22355				2
2025.01.16	00:25:00.157	1.22355				2
2025.01.16	00:25:08.478		1.22424			4
2025.01.16	00:25:22.014	1.22353				2
2025.01.16	00:25:24.784	1.22355				2
2025.01.16	00:25:29.083	1.22353				2
2025.01.16	00:25:51.511	1.22351				2
2025.01.16	00:25:52.125	1.22352				2
2025.01.16	00:25:55.198	1.22347				2
2025.01.16	00:25:55.504	1.22348				2
2025.01.16	00:25:57.337	1.22346				2
2025.01.16	00:25:59.184	1.22342				2
2025.01.16	00:25:59.490	1.22345				2
2025.01.16	00:25:59.794	1.22346				2
2025.01.16	00:26:00.101	1.22344				2
2025.01.16	00:26:02.545	1.22345				2
2025.01.16	00:26:02.860	1.22349				2
2025.01.16	00:26:05.625	1.22345				2
2025.01.16	00:26:08.690		1.22424			4
2025.01.16	00:26:09.924	1.22343				2
2025.01.16	00:26:11.152	1.22344				2
2025.01.16	00:26:11.763	1.22343				2
2025.01.16	00:26:15.454	1.22342				2
2025.01.16	00:26:18.529	1.22343				2
2025.01.16	00:26:18.839	1.22342				2
2025.01.16	00:26:28.673	1.22341				2
2025.01.16	00:26:29.901	1.22342				2
2025.01.16	00:26:50.195	1.22345				2
2025.01.16	00:26:50.501	1.22342				2
2025.01.16	00:26:55.112	1.22344				2
2025.01.16	00:26:55.420	1.22342				2
2025.01.16	00:27:00.036	1.22342				2
2025.01.16	00:27:00.340	1.22341				2
2025.01.16	00:27:08.939		1.22424			4
2025.01.16	00:27:10.415	1.22343				2
2025.01.16	00:27:16.885	1.22344				2
2025.01.16	00:27:20.577	1.22345				2
2025.01.16	00:27:57.376	1.22344				2
2025.01.16	00:28:00.136	1.22345				2
2025.01.16	00:28:00.444	1.22344				2
2025.01.16	00:28:03.203	1.22345				2
2025.01.16	00:28:09.029		1.22424			4
2025.01.16	00:29:00.291	1.22345				2
2025.01.16	00:29:09.173		1.22424			4
2025.01.16	00:29:31.533	1.22344				2
2025.01.16	00:29:35.824	1.22347				2
2025.01.16	00:29:47.484	1.22349				2
2025.01.16	00:29:53.019	1.22350				2
2025.01.16	00:30:00.110	1.22347				2
2025.01.16	00:30:00.418	1.22348				2
2025.01.16	00:30:01.647	1.22347				2
2025.01.16	00:30:05.334	1.22345				2
2025.01.16	00:30:05.638	1.22346				2
2025.01.16	00:30:07.791	1.22347				2
2025.01.16	00:30:08.405	1.22345				2
2025.01.16	00:30:09.327		1.22424			4
2025.01.16	00:30:09.941	1.22346				2
2025.01.16	00:30:11.777	1.22341	1.22429			6
2025.01.16	00:30:12.086	1.22348				2
2025.01.16	00:30:13.929	1.22349				2
2025.01.16	00:30:15.462	1.22347	1.22426			6
2025.01.16	00:30:15.788	1.22351				2
2025.01.16	00:30:16.714	1.22353				2
2025.01.16	00:30:17.631	1.22351				2
2025.01.16	00:30:18.247	1.22353				2
2025.01.16	00:30:19.488	1.22352				2
2025.01.16	00:30:19.794	1.22351				2
2025.01.16	00:30:20.410	1.22349				2
2025.01.16	00:30:24.091	1.22351				2
2025.01.16	00:30:27.169	1.22352				2
2025.01.16	00:30:29.943	1.22351				2
2025.01.16	00:30:33.941	1.22352				2
2025.01.16	00:30:39.783	1.22350				2
2025.01.16	00:30:50.241		1.22427			4
2025.01.16	00:30:55.461		1.22432			4
2025.01.16	00:30:55.764		1.22427			4
2025.01.16	00:31:00.082	1.22350				2
2025.01.16	00:31:04.084	1.22349				2
2025.01.16	00:31:08.083		1.22432			4
2025.01.16	00:31:08.389		1.22427			4
2025.01.16	00:31:09.923		1.22432			4
2025.01.16	00:31:10.239		1.22427			4
2025.01.16	00:31:10.545		1.22432			4
2025.01.16	00:31:11.159		1.22427			4
2025.01.16	00:31:12.389		1.22432			4
2025.01.16	00:31:13.001		1.22427			4
2025.01.16	00:31:13.303		1.22432			4
2025.01.16	00:31:13.614		1.22427			4
2025.01.16	00:31:15.153		1.22432			4
2025.01.16	00:31:15.461		1.22427			4
2025.01.16	00:31:16.072		1.22432			4
2025.01.16	00:31:16.379		1.22427			4
2025.01.16	00:31:18.834		1.22432			4
2025.01.16	00:31:19.141		1.22427			4
2025.01.16	00:31:20.975		1.22432			4
2025.01.16	00:31:21.282		1.22427			4
2025.01.16	00:31:21.590		1.22432			4
2025.01.16	00:31:22.208		1.22427			4
2025.01.16	00:31:23.736		1.22432			4
2025.01.16	00:31:24.045		1.22427			4
2025.01.16	00:31:24.962		1.22432			4
2025.01.16	00:31:25.265		1.22427			4
2025.01.16	00:31:30.837	1.22350				2
2025.01.16	00:31:32.066		1.22432			4
2025.01.16	00:31:32.368		1.22427			4
2025.01.16	00:31:34.824		1.22432			4
2025.01.16	00:31:35.439		1.22427			4
2025.01.16	00:31:36.968		1.22432			4
2025.01.16	00:31:37.276		1.22427			4
2025.01.16	00:31:37.886	1.22349				2
2025.01.16	00:31:39.141		1.22432			4
2025.01.16	00:31:39.444		1.22427			4
2025.01.16	00:31:40.076		1.22432			4
2025.01.16	00:31:40.381		1.22427			4
2025.01.16	00:31:41.636		1.22432			4
2025.01.16	00:31:41.940		1.22427			4
2025.01.16	00:31:43.778		1.22432			4
2025.01.16	00:31:44.081	1.22350	1.22427			6
2025.01.16	00:31:44.710		1.22432			4
2025.01.16	00:31:45.018		1.22427			4
2025.01.16	00:31:47.472		1.22432			4
2025.01.16	00:31:47.775		1.22427			4
2025.01.16	00:31:50.520		1.22432			4
2025.01.16	00:31:51.140		1.22427			4
2025.01.16	00:31:53.898		1.22432			4
2025.01.16	00:31:54.207		1.22427			4
2025.01.16	00:31:57.922		1.22432			4
2025.01.16	00:31:58.232		1.22427			4
2025.01.16	00:31:58.880		1.22432			4
2025.01.16	00:31:59.181		1.22427			4
2025.01.16	00:31:59.785		1.22432			4
2025.01.16	00:32:00.088	1.22350	1.22427			6
2025.01.16	00:32:00.391		1.22432			4
2025.01.16	00:32:00.703		1.22427			4
2025.01.16	00:32:02.870		1.22432			4
2025.01.16	00:32:03.183		1.22427			4
2025.01.16	00:32:04.114		1.22432			4
2025.01.16	00:32:04.422		1.22427			4
2025.01.16	00:32:07.825		1.22426			4
2025.01.16	00:32:10.839		1.22429			4
2025.01.16	00:32:11.352	1.22351				2
2025.01.16	00:32:20.669	1.22352				2
2025.01.16	00:32:37.159	1.22353				2
2025.01.16	00:32:46.952	1.22354				2
2025.01.16	00:32:48.029		1.22425			4
2025.01.16	00:32:49.447	1.22353				2
2025.01.16	00:33:00.313	1.22353				2
2025.01.16	00:33:02.344	1.22354				2
2025.01.16	00:33:06.546	1.22353				2
2025.01.16	00:33:11.047	1.22354				2
2025.01.16	00:35:28.348	1.22360	1.22431			6
2025.01.16	00:35:32.706	1.22359				2
2025.01.16	00:35:33.845	1.22360				2
2025.01.16	00:35:40.079	1.22363				2
2025.01.16	00:35:49.158	1.22364				2
2025.01.16	00:35:52.463	1.22359	1.22427			6
2025.01.16	00:35:53.593	1.22363				2
2025.01.16	00:35:56.647	1.22362				2
2025.01.16	00:35:58.085	1.22363				2
2025.01.16	00:35:59.557	1.22362				2
2025.01.16	00:36:00.844	1.22362				2
2025.01.16	00:36:01.443	1.22365	1.22435			6
2025.01.16	00:36:01.749	1.22367				2
2025.01.16	00:36:04.146	1.22369				2
2025.01.16	00:36:04.449	1.22366				2
2025.01.16	00:36:07.350		1.22436			4
2025.01.16	00:36:08.876	1.22368				2
2025.01.16	00:36:12.778	1.22369				2
2025.01.16	00:36:15.110	1.22365				2
2025.01.16	00:36:16.450	1.22366				2
2025.01.16	00:36:24.475		1.22431			4
2025.01.16	00:36:27.777	1.22368	1.22435			6
2025.01.16	00:36:29.948	1.22369				2
2025.01.16	00:36:35.299	1.22367				2
2025.01.16	00:36:42.252	1.22369				2
2025.01.16	00:36:43.686	1.22368				2
2025.01.16	00:36:45.852	1.22369				2
2025.01.16	00:36:48.844	1.22368				2
2025.01.16	00:36:55.440	1.22369				2
2025.01.16	00:36:55.755	1.22367				2
2025.01.16	00:36:56.286	1.22371				2
2025.01.16	00:37:00.547	1.22371				2
2025.01.16	00:37:05.535	1.22368				2
2025.01.16	00:37:07.686	1.22370				2
2025.01.16	00:37:15.609	1.22369				2
2025.01.16	00:37:15.930	1.22370				2
2025.01.16	00:37:16.425	1.22368				2
2025.01.16	00:37:20.046	1.22369				2
2025.01.16	00:37:22.182	1.22368				2
2025.01.16	00:37:23.245	1.22371				2
2025.01.16	00:37:24.551	1.22370				2
2025.01.16	00:37:25.052	1.22368				2
2025.01.16	00:37:29.947	1.22369	1.22435			6
2025.01.16	00:37:31.701	1.22371				2
2025.01.16	00:37:33.851	1.22367				2
2025.01.16	00:37:36.779	1.22370				2
2025.01.16	00:37:39.751	1.22368				2
2025.01.16	00:37:44.632	1.22371				2
2025.01.16	00:37:59.643	1.22372				2
2025.01.16	00:38:02.053	1.22372				2
2025.01.16	00:38:07.451	1.22371				2
2025.01.16	00:38:07.977	1.22372				2
2025.01.16	00:38:08.449	1.22370				2
2025.01.16	00:38:16.107	1.22371				2
2025.01.16	00:38:25.362	1.22372				2
2025.01.16	00:38:28.192		1.22436			4
2025.01.16	00:38:31.810		1.22440			4
2025.01.16	00:38:32.955	1.22368	1.22436			6
2025.01.16	00:38:34.045	1.22369	1.22435			6
2025.01.16	00:38:34.368	1.22370				2
2025.01.16	00:38:34.777	1.22373				2
2025.01.16	00:38:36.249	1.22374				2
2025.01.16	00:38:37.773	1.22368				2
2025.01.16	00:38:38.073	1.22370				2
2025.01.16	00:38:38.385	1.22369				2
2025.01.16	00:38:38.686	1.22372	1.22438			6
2025.01.16	00:38:39.787	1.22375				2
2025.01.16	00:38:41.585	1.22370	1.22436			6
2025.01.16	00:38:46.144	1.22371				2
2025.01.16	00:38:56.477	1.22370				2
2025.01.16	00:38:56.839	1.22363	1.22434			6
2025.01.16	00:38:57.145	1.22368				2
2025.01.16	00:38:57.463	1.22367				2
2025.01.16	00:38:58.643	1.22372				2
2025.01.16	00:39:00.420	1.22369				2
2025.01.16	00:39:02.216	1.22372				2
2025.01.16	00:39:03.277	1.22367				2
2025.01.16	00:39:03.583	1.22366				2
2025.01.16	00:39:03.913	1.22368				2
2025.01.16	00:39:04.223	1.22367				2
2025.01.16	00:39:04.544	1.22372				2
2025.01.16	00:39:04.890	1.22369				2
2025.01.16	00:39:05.219	1.22368				2
2025.01.16	00:39:05.579	1.22369				2
2025.01.16	00:39:06.589	1.22373				2
2025.01.16	00:39:07.081	1.22372				2
2025.01.16	00:39:07.388	1.22366				2
2025.01.16	00:39:08.307	1.22367				2
2025.01.16	00:39:08.622	1.22365				2
2025.01.16	00:39:08.922	1.22366				2
2025.01.16	00:39:09.231	1.22365	1.22432			6
2025.01.16	00:39:10.461	1.22364				2
2025.01.16	00:39:12.595	1.22366				2
2025.01.16	00:39:14.105	1.22365				2
2025.01.16	00:39:15.661	1.22364				2
2025.01.16	00:39:15.963	1.22363				2
2025.01.16	00:39:16.885	1.22364				2
2025.01.16	00:39:17.189	1.22363				2
2025.01.16	00:39:17.502	1.22364				2
2025.01.16	00:39:18.105	1.22363				2
2025.01.16	00:39:20.264	1.22362				2
2025.01.16	00:39:20.573	1.22363				2
2025.01.16	00:39:24.061	1.22362				2
2025.01.16	00:39:24.982	1.22363				2
2025.01.16	00:39:26.424	1.22362				2
2025.01.16	00:39:27.641	1.22363				2
2025.01.16	00:39:28.498	1.22362				2
2025.01.16	00:39:28.802	1.22364				2
2025.01.16	00:39:29.106	1.22362				2
2025.01.16	00:39:29.420	1.22361				2
2025.01.16	00:39:29.722	1.22362				2
2025.01.16	00:39:30.961	1.22363				2
2025.01.16	00:39:31.262	1.22362				2
2025.01.16	00:39:33.104	1.22361				2
2025.01.16	00:39:33.422	1.22362				2
2025.01.16	00:39:48.729	1.22361				2
2025.01.16	00:39:49.786	1.22362				2
2025.01.16	00:39:52.074	1.22361				2
2025.01.16	00:39:53.368	1.22362				2
2025.01.16	00:39:53.964	1.22363				2
2025.01.16	00:39:56.346	1.22364				2
2025.01.16	00:40:00.722	1.22363				2
2025.01.16	00:40:02.242		1.22433			4
2025.01.16	00:40:04.989	1.22364				2
2025.01.16	00:40:07.103	1.22365				2
2025.01.16	00:40:10.165	1.22364				2
2025.01.16	00:40:11.610	1.22367				2
2025.01.16	00:40:14.738	1.22369				2
2025.01.16	00:40:15.670	1.22367				2
2025.01.16	00:40:17.676	1.22370				2
2025.01.16	00:40:18.802	1.22366				2
2025.01.16	00:40:19.109	1.22364				2
2025.01.16	00:40:20.441	1.22365				2
2025.01.16	00:40:20.753	1.22366				2
2025.01.16	00:40:22.085	1.22369				2
2025.01.16	00:40:24.723	1.22366				2
2025.01.16	00:40:25.327	1.22365				2
2025.01.16	00:40:25.942	1.22364				2
2025.01.16	00:40:26.244	1.22365				2
2025.01.16	00:40:26.562	1.22364	1.22432			6
2025.01.16	00:40:27.167	1.22365				2
2025.01.16	00:40:27.801	1.22364				2
2025.01.16	00:40:29.020	1.22365				2
2025.01.16	00:40:29.631	1.22364				2
2025.01.16	00:40:30.560	1.22363				2
2025.01.16	00:40:30.861	1.22364				2
2025.01.16	00:40:31.475	1.22363				2
2025.01.16	00:40:36.901	1.22365				2
2025.01.16	00:40:37.868	1.22367				2
2025.01.16	00:40:42.040	1.22364				2
2025.01.16	00:40:42.342	1.22365				2
2025.01.16	00:40:42.643	1.22366				2
2025.01.16	00:40:42.943		1.22434			4
2025.01.16	00:40:43.244	1.22365				2
2025.01.16	00:40:43.553	1.22364				2
2025.01.16	00:40:43.863	1.22365				2
2025.01.16	00:40:44.475	1.22364				2
2025.01.16	00:40:45.082	1.22365				2
2025.01.16	00:40:45.383	1.22364				2
2025.01.16	00:40:45.686	1.22365				2
2025.01.16	00:40:46.002	1.22364	1.22432			6
2025.01.16	00:40:48.141	1.22363				2
2025.01.16	00:40:50.408	1.22364				2
2025.01.16	00:40:52.110	1.22366				2
2025.01.16	00:40:55.595	1.22367				2
2025.01.16	00:40:57.538	1.22363				2
2025.01.16	00:40:57.848	1.22364				2
2025.01.16	00:40:58.158	1.22365				2
2025.01.16	00:41:00.443	1.22365				2
2025.01.16	00:41:01.488	1.22367				2
2025.01.16	00:41:03.475	1.22364				2
2025.01.16	00:41:03.783	1.22365	1.22434			6
2025.01.16	00:41:04.084	1.22366				2
2025.01.16	00:41:04.386	1.22365				2
2025.01.16	00:41:05.022	1.22364				2
2025.01.16	00:41:05.323	1.22365				2
2025.01.16	00:41:06.233		1.22432			4
2025.01.16	00:41:07.770	1.22364				2
2025.01.16	00:41:11.810	1.22365				2
2025.01.16	00:41:13.553	1.22366				2
2025.01.16	00:41:16.745	1.22365				2
2025.01.16	00:41:18.661	1.22367				2
2025.01.16	00:41:22.082	1.22366	1.22434			6
2025.01.16	00:41:22.382	1.22364				2
2025.01.16	00:41:22.682	1.22365				2
2025.01.16	00:41:22.987	1.22364				2
2025.01.16	00:41:25.844	1.22367				2
2025.01.16	00:41:27.953	1.22365				2
2025.01.16	00:41:28.263		1.22432			4
2025.01.16	00:41:28.581	1.22366				2
2025.01.16	00:41:28.883	1.22365				2
2025.01.16	00:41:32.729	1.22367				2
2025.01.16	00:41:33.894	1.22363				2
2025.01.16	00:41:34.213	1.22364				2
2025.01.16	00:41:35.355	1.22363				2
2025.01.16	00:41:35.664	1.22365				2
2025.01.16	00:41:36.281	1.22366	1.22434			6
2025.01.16	00:41:36.582	1.22365				2
2025.01.16	00:41:37.188		1.22432			4
2025.01.16	00:41:37.494	1.22366				2
2025.01.16	00:41:37.802	1.22364				2
2025.01.16	00:41:38.102	1.22363				2
2025.01.16	00:41:38.405	1.22364				2
2025.01.16	00:41:38.722	1.22362				2
2025.01.16	00:41:39.024	1.22363				2
2025.01.16	00:41:42.390	1.22364				2
2025.01.16	00:41:44.948	1.22365				2
2025.01.16	00:41:46.612	1.22363				2
2025.01.16	00:41:54.893	1.22366				2
2025.01.16	00:41:57.039	1.22367				2
2025.01.16	00:41:58.023	1.22365				2
2025.01.16	00:41:58.329		1.22434			4
2025.01.16	00:41:58.641	1.22363				2
2025.01.16	00:41:58.942	1.22365				2
2025.01.16	00:41:59.252	1.22366				2
2025.01.16	00:42:01.320	1.22366				2
2025.01.16	00:42:02.119	1.22367				2
2025.01.16	00:42:06.525	1.22366				2
2025.01.16	00:42:06.952	1.22368				2
2025.01.16	00:42:09.120	1.22369				2
2025.01.16	00:42:09.720	1.22368				2
2025.01.16	00:42:11.819	1.22369				2
2025.01.16	00:42:17.711	1.22368				2
2025.01.16	00:42:18.199	1.22367				2
2025.01.16	00:42:23.389	1.22368				2
2025.01.16	00:42:26.935	1.22367				2
2025.01.16	00:42:28.284	1.22368				2
2025.01.16	00:42:29.436	1.22369				2
2025.01.16	00:42:30.595	1.22370				2
2025.01.16	00:42:36.425	1.22368				2
2025.01.16	00:42:37.947	1.22371				2
2025.01.16	00:42:40.047	1.22368				2
2025.01.16	00:42:40.929	1.22371				2
2025.01.16	00:42:42.173	1.22372				2
2025.01.16	00:42:47.921	1.22369	1.22438			6
2025.01.16	00:42:50.389	1.22371				2
2025.01.16	00:42:54.848	1.22370				2
2025.01.16	00:42:58.454	1.22369				2
2025.01.16	00:43:00.259	1.22369				2
2025.01.16	00:43:05.357	1.22370				2
2025.01.16	00:43:12.849	1.22369				2
2025.01.16	00:43:19.498	1.22370				2
2025.01.16	00:43:28.754	1.22369				2
2025.01.16	00:43:30.024	1.22371				2
2025.01.16	00:43:34.045	1.22372				2
2025.01.16	00:43:34.501	1.22370				2
2025.01.16	00:43:38.842	1.22371				2
2025.01.16	00:43:46.455	1.22373				2
2025.01.16	00:43:48.808	1.22370	1.22438			6
2025.01.16	00:43:49.759		1.22437			4
2025.01.16	00:43:54.032	1.22371				2
2025.01.16	00:43:58.363	1.22370				2
2025.01.16	00:43:59.662	1.22369	1.22438			6
2025.01.16	00:44:00.365	1.22369				2
2025.01.16	00:44:04.751		1.22437			4
2025.01.16	00:44:05.801	1.22370				2
2025.01.16	00:44:09.099	1.22369				2
2025.01.16	00:44:09.411	1.22374				2
2025.01.16	00:44:10.340	1.22369				2
2025.01.16	00:44:10.641	1.22368				2
2025.01.16	00:44:14.769		1.22438			4
2025.01.16	00:44:15.414	1.22370				2
2025.01.16	00:44:25.366	1.22371				2
2025.01.16	00:44:25.838	1.22376				2
2025.01.16	00:44:29.045		1.22437			4
2025.01.16	00:44:32.347	1.22377				2
2025.01.16	00:44:39.358		1.22438			4
2025.01.16	00:44:42.637	1.22375				2
2025.01.16	00:44:44.204	1.22378				2
2025.01.16	00:44:57.476	1.22377				2
2025.01.16	00:44:58.532	1.22378				2
2025.01.16	00:45:00.413	1.22379				2
2025.01.16	00:45:02.117	1.22366	1.22456			6
2025.01.16	00:45:03.964	1.22378	1.22446			6
2025.01.16	00:45:04.787	1.22382				2
2025.01.16	00:45:08.052	1.22398	1.22431			6
2025.01.16	00:45:09.576	1.22395				2
2025.01.16	00:45:12.036	1.22394				2
2025.01.16	00:45:13.887	1.22392				2
2025.01.16	00:45:22.776	1.22393				2
2025.01.16	00:45:23.989	1.22391	1.22423			6
2025.01.16	00:45:27.683	1.22392				2
2025.01.16	00:45:27.989	1.22395				2
2025.01.16	00:45:32.583	1.22394				2
2025.01.16	00:45:35.354	1.22395				2
2025.01.16	00:45:36.580	1.22394				2
2025.01.16	00:45:38.433	1.22391	1.22421			6
2025.01.16	00:45:53.462	1.22392	1.22425			6
2025.01.16	00:45:53.773	1.22394				2
2025.01.16	00:45:54.388	1.22393				2
2025.01.16	00:45:57.146	1.22391				2
2025.01.16	00:45:59.914		1.22424			4
2025.01.16	00:46:00.221	1.22395				2
2025.01.16	00:46:01.447	1.22392				2
2025.01.16	00:46:03.912	1.22390				2
2025.01.16	00:46:10.041	1.22391	1.22421			6
2025.01.16	00:46:18.626	1.22390				2
2025.01.16	00:46:20.167	1.22391				2
2025.01.16	00:46:20.468		1.22424			4
2025.01.16	00:46:22.311	1.22390				2
2025.01.16	00:46:24.770	1.22389				2
2025.01.16	00:46:29.994		1.22421			4
2025.01.16	00:46:30.303	1.22393	1.22426			6
2025.01.16	00:46:31.828		1.22430			4
2025.01.16	00:46:33.973	1.22397				2
2025.01.16	00:46:35.505	1.22398				2
2025.01.16	00:46:36.431	1.22394	1.22427			6
2025.01.16	00:46:38.268	1.22393				2
2025.01.16	00:46:40.112	1.22392				2
2025.01.16	00:46:40.417	1.22390				2
2025.01.16	00:46:41.948	1.22391	1.22425			6
2025.01.16	00:46:44.708	1.22392	1.22423			6
2025.01.16	00:46:51.145	1.22395				2
2025.01.16	00:46:55.432	1.22394				2
2025.01.16	00:47:00.029	1.22394				2
2025.01.16	00:47:00.339	1.22393				2
2025.01.16	00:47:01.866	1.22378	1.22436			6
2025.01.16	00:47:02.795	1.22379	1.22437			6
2025.01.16	00:47:04.014	1.22392	1.22423			6
2025.01.16	00:47:18.565	1.22391				2
2025.01.16	00:47:18.873	1.22392				2
2025.01.16	00:47:19.797	1.22393				2
2025.01.16	00:47:34.182	1.22392				2
2025.01.16	00:47:38.779	1.22393				2
2025.01.16	00:47:42.760	1.22395				2
2025.01.16	00:47:43.064	1.22392				2
2025.01.16	00:47:43.386	1.22400				2
2025.01.16	00:47:43.684	1.22403				2
2025.01.16	00:47:44.916		1.22425			4
2025.01.16	00:47:45.222	1.22402				2
2025.01.16	00:47:46.141	1.22403				2
2025.01.16	00:47:49.205	1.22404				2
2025.01.16	00:47:50.429	1.22403				2
2025.01.16	00:47:50.737	1.22404				2
2025.01.16	00:47:51.037	1.22403				2
2025.01.16	00:47:54.106	1.22406				2
2025.01.16	00:47:57.482	1.22405				2
2025.01.16	00:47:59.939	1.22404				2
2025.01.16	00:48:00.249	1.22399				2
2025.01.16	00:48:04.232	1.22400	1.22426			6
2025.01.16	00:48:06.068	1.22395				2
2025.01.16	00:48:06.381	1.22396				2
2025.01.16	00:48:07.902	1.22397				2
2025.01.16	00:48:08.203	1.22396				2
2025.01.16	00:48:10.673	1.22397				2
2025.01.16	00:48:12.209	1.22398	1.22427			6
2025.01.16	00:48:12.514	1.22397	1.22426			6
2025.01.16	00:48:15.579	1.22399				2
2025.01.16	00:48:15.892	1.22397				2
2025.01.16	00:48:17.726	1.22396				2
2025.01.16	00:48:21.104		1.22422			4
2025.01.16	00:48:24.463	1.22397				2
2025.01.16	00:48:26.609	1.22394	1.22420			6
2025.01.16	00:48:26.914		1.22422			4
2025.01.16	00:48:27.837	1.22395	1.22428			6
2025.01.16	00:48:29.373	1.22396				2
2025.01.16	00:48:31.204	1.22399	1.22432			6
2025.01.16	00:48:33.963	1.22394				2
2025.01.16	00:48:34.274	1.22397				2
2025.01.16	00:48:38.868	1.22396				2
2025.01.16	00:48:41.320	1.22395	1.22427			6
2025.01.16	00:48:41.622	1.22394				2
2025.01.16	00:48:42.851	1.22395				2
2025.01.16	00:48:43.769	1.22394				2
2025.01.16	00:48:47.141	1.22392				2
2025.01.16	00:48:52.647		1.22425			4
2025.01.16	00:48:52.962	1.22391				2
2025.01.16	00:48:54.192	1.22392	1.22424			6
2025.01.16	00:48:54.500	1.22393				2
2025.01.16	00:48:55.112	1.22391				2
2025.01.16	00:48:55.412	1.22392				2
2025.01.16	00:48:56.637	1.22394				2
2025.01.16	00:48:56.941	1.22392	1.22425			6
2025.01.16	00:49:00.011	1.22392				2
2025.01.16	00:49:00.626	1.22393				2
2025.01.16	00:49:01.241	1.22392				2
2025.01.16	00:49:01.849	1.22391				2
2025.01.16	00:49:08.287	1.22389				2
2025.01.16	00:49:09.823	1.22388				2
2025.01.16	00:49:17.485	1.22390				2
2025.01.16	00:49:18.401	1.22389				2
2025.01.16	00:49:23.927	1.22390				2
2025.01.16	00:49:36.488		1.22428			4
2025.01.16	00:49:38.941	1.22394				2
2025.01.16	00:49:39.249	1.22401				2
2025.01.16	00:49:39.558	1.22397				2
2025.01.16	00:49:41.701	1.22395				2
2025.01.16	00:49:56.716		1.22426			4
2025.01.16	00:49:57.627	1.22397	1.22431			6
2025.01.16	00:49:57.935	1.22399	1.22433			6
2025.01.16	00:49:58.246	1.22395				2
2025.01.16	00:49:58.548	1.22397				2
2025.01.16	00:49:59.774	1.22398	1.22432			6
2025.01.16	00:50:00.082	1.22398				2
2025.01.16	00:50:00.394	1.22397				2
2025.01.16	00:50:03.467	1.22396				2
2025.01.16	00:50:04.079	1.22395				2
2025.01.16	00:50:04.688	1.22396				2
2025.01.16	00:50:07.441	1.22397				2
2025.01.16	00:50:15.100	1.22398				2
2025.01.16	00:50:16.635	1.22397				2
2025.01.16	00:50:17.251	1.22395				2
2025.01.16	00:50:19.083	1.22397				2
2025.01.16	00:50:19.385	1.22398				2
2025.01.16	00:50:27.660	1.22399				2
2025.01.16	00:50:30.121	1.22400				2
2025.01.16	00:50:32.267	1.22397				2
2025.01.16	00:50:32.875	1.22398				2
2025.01.16	00:50:33.185	1.22400				2
2025.01.16	00:50:47.592	1.22401				2
2025.01.16	00:50:47.897		1.22434			4
2025.01.16	00:50:49.123	1.22402	1.22438			6
2025.01.16	00:50:49.422		1.22439			4
2025.01.16	00:50:50.041	1.22403				2
2025.01.16	00:50:50.350	1.22404				2
2025.01.16	00:50:50.963		1.22443			4
2025.01.16	00:50:51.270	1.22405				2
2025.01.16	00:50:56.177	1.22407				2
2025.01.16	00:50:58.937	1.22406				2
2025.01.16	00:51:00.161	1.22406				2
2025.01.16	00:51:01.392	1.22407				2
2025.01.16	00:51:02.609	1.22408				2
2025.01.16	00:51:10.270	1.22411				2
2025.01.16	00:51:12.728	1.22414	1.22457			6
2025.01.16	00:51:13.341	1.22419	1.22452			6
2025.01.16	00:51:13.649	1.22421				2
2025.01.16	00:51:14.571	1.22420	1.22449			6
2025.01.16	00:51:15.181	1.22419				2
2025.01.16	00:51:16.102	1.22420				2
2025.01.16	00:51:19.780	1.22417				2
2025.01.16	00:51:24.384	1.22416				2
2025.01.16	00:51:27.440	1.22417				2
2025.01.16	00:51:35.715	1.22420				2
2025.01.16	00:51:37.249	1.22418				2
2025.01.16	00:51:40.332	1.22419				2
2025.01.16	00:51:47.997		1.22452			4
2025.01.16	00:51:50.144	1.22420				2
2025.01.16	00:51:55.980	1.22419				2
2025.01.16	00:52:00.278	1.22419				2
2025.01.16	00:52:03.037	1.22418				2
2025.01.16	00:52:03.345	1.22419				2
2025.01.16	00:52:05.180	1.22418				2
2025.01.16	00:52:13.454		1.22460			4
2025.01.16	00:52:13.759	1.22416	1.22449			6
2025.01.16	00:52:18.366	1.22414				2
2025.01.16	00:52:28.175	1.22405	1.22435			6
2025.01.16	00:52:28.487	1.22409	1.22449			6
2025.01.16	00:52:29.098	1.22410				2
2025.01.16	00:52:30.018	1.22407	1.22444			6
2025.01.16	00:52:30.325	1.22408	1.22446			6
2025.01.16	00:52:31.861		1.22444			4
2025.01.16	00:52:32.478		1.22446			4
2025.01.16	00:52:33.087	1.22403				2
2025.01.16	00:52:33.390		1.22444			4
2025.01.16	00:52:33.695	1.22405	1.22446			6
2025.01.16	00:52:34.927	1.22403				2
2025.01.16	00:52:35.233		1.22445			4
2025.01.16	00:52:36.159	1.22402	1.22446			6
2025.01.16	00:52:36.769		1.22445			4
2025.01.16	00:52:37.074	1.22401	1.22444			6
2025.01.16	00:52:38.306	1.22398	1.22435			6
2025.01.16	00:52:40.447	1.22399				2
2025.01.16	00:52:45.356	1.22398	1.22432			6
2025.01.16	00:52:47.507	1.22397				2
2025.01.16	00:52:48.428		1.22418			4
2025.01.16	00:52:49.355	1.22396	1.22417			6
2025.01.16	00:52:53.340	1.22390				2
2025.01.16	00:52:53.649	1.22400	1.22427			6
2025.01.16	00:52:53.959	1.22390	1.22425			6
2025.01.16	00:52:54.262	1.22391				2
2025.01.16	00:52:55.184	1.22393				2
2025.01.16	00:53:00.083	1.22393				2
2025.01.16	00:53:01.004	1.22387				2
2025.01.16	00:53:01.614		1.22428			4
2025.01.16	00:53:01.920	1.22385	1.22423			6
2025.01.16	00:53:03.458		1.22418			4
2025.01.16	00:53:04.677	1.22384				2
2025.01.16	00:53:06.823	1.22385				2
2025.01.16	00:53:12.342		1.22419			4
2025.01.16	00:53:12.645	1.22384				2
2025.01.16	00:53:13.564		1.22418			4
2025.01.16	00:53:14.795	1.22383				2
2025.01.16	00:53:16.630	1.22379	1.22419			6
2025.01.16	00:53:19.390	1.22378	1.22418			6
2025.01.16	00:53:19.704		1.22417			4
2025.01.16	00:53:21.231	1.22377				2
2025.01.16	00:53:21.534		1.22416			4
2025.01.16	00:53:23.376		1.22418			4
2025.01.16	00:53:26.745	1.22379	1.22419			6
2025.01.16	00:53:28.283	1.22380				2
2025.01.16	00:53:40.261		1.22422			4
2025.01.16	00:53:40.566	1.22383	1.22425			6
2025.01.16	00:53:41.802	1.22384				2
2025.01.16	00:53:42.106	1.22386	1.22426			6
2025.01.16	00:53:43.637	1.22387				2
2025.01.16	00:53:43.939		1.22427			4
2025.01.16	00:53:44.552		1.22429			4
2025.01.16	00:53:45.165	1.22391	1.22432			6
2025.01.16	00:53:47.313	1.22393	1.22434			6
2025.01.16	00:53:48.852	1.22395	1.22436			6
2025.01.16	00:53:50.373	1.22399	1.22440			6
2025.01.16	00:53:50.998	1.22400	1.22441			6
2025.01.16	00:53:54.375	1.22401				2
2025.01.16	00:53:55.598	1.22402				2
2025.01.16	00:53:57.134	1.22404	1.22447			6
2025.01.16	00:53:58.974	1.22408	1.22450			6
2025.01.16	00:54:00.204	1.22408				2
2025.01.16	00:54:03.581	1.22414	1.22451			6
2025.01.16	00:54:08.790		1.22449			4
2025.01.16	00:54:09.096	1.22416				2
2025.01.16	00:54:13.081	1.22411				2
2025.01.16	00:54:38.840	1.22413				2
2025.01.16	00:54:44.058	1.22414				2
2025.01.16	00:54:46.514	1.22412				2
2025.01.16	00:54:59.389	1.22413				2
2025.01.16	00:55:00.001	1.22413				2
2025.01.16	00:55:08.913		1.22449			4
2025.01.16	00:55:15.063	1.22414				2
2025.01.16	00:55:15.989	1.22413				2
2025.01.16	00:55:30.099	1.22411				2
2025.01.16	00:55:34.707	1.22412				2
2025.01.16	00:55:39.017	1.22413				2
2025.01.16	00:55:48.240	1.22417				2
2025.01.16	00:55:50.390	1.22418				2
2025.01.16	00:55:54.392	1.22417				2
2025.01.16	00:56:00.228	1.22417				2
2025.01.16	00:56:02.999	1.22418				2
2025.01.16	00:56:03.306	1.22414				2
2025.01.16	00:56:08.837	1.22413				2
2025.01.16	00:56:09.145		1.22449			4
2025.01.16	00:56:09.759		1.22452			4
2025.01.16	00:56:12.210	1.22414				2
2025.01.16	00:56:24.186	1.22413				2
2025.01.16	00:56:29.090	1.22415	1.22456			6
2025.01.16	00:56:29.400	1.22417	1.22452			6
2025.01.16	00:56:30.929	1.22418				2
2025.01.16	00:56:32.158		1.22456			4
2025.01.16	00:56:33.380		1.22452			4
2025.01.16	00:56:37.974	1.22417				2
2025.01.16	00:56:39.201	1.22418				2
2025.01.16	00:56:39.813	1.22417				2
2025.01.16	00:56:40.121	1.22418				2
2025.01.16	00:56:41.039	1.22416				2
2025.01.16	00:57:00.085	1.22416				2
2025.01.16	00:57:00.395	1.22417				2
2025.01.16	00:57:01.315	1.22415				2
2025.01.16	00:57:05.613	1.22412	1.22450			6
2025.01.16	00:57:15.730	1.22407	1.22448			6
2025.01.16	00:57:16.036	1.22404	1.22446			6
2025.01.16	00:57:17.264		1.22447			4
2025.01.16	00:57:18.181	1.22403	1.22445			6
2025.01.16	00:57:18.800		1.22444			4
2025.01.16	00:57:19.719	1.22402	1.22443			6
2025.01.16	00:57:20.027	1.22401				2
2025.01.16	00:57:20.335	1.22400	1.22442			6
2025.01.16	00:57:20.949	1.22397	1.22440			6
2025.01.16	00:57:21.561	1.22395	1.22439			6
2025.01.16	00:57:24.313		1.22438			4
2025.01.16	00:57:25.843	1.22387	1.22428			6
2025.01.16	00:57:26.764		1.22417			4
2025.01.16	00:57:27.376	1.22385				2
2025.01.16	00:57:27.684		1.22423			4
2025.01.16	00:57:27.997	1.22386				2
2025.01.16	00:57:28.300	1.22385				2
2025.01.16	00:57:31.982	1.22386				2
2025.01.16	00:57:34.747		1.22417			4
2025.01.16	00:57:36.587	1.22385				2
2025.01.16	00:57:39.964	1.22384				2
2025.01.16	00:57:40.881	1.22385				2
2025.01.16	00:57:45.789		1.22416			4
2025.01.16	00:57:46.094	1.22389	1.22419			6
2025.01.16	00:57:47.623	1.22388	1.22422			6
2025.01.16	00:57:48.231		1.22420			4
2025.01.16	00:57:49.148		1.22421			4
2025.01.16	00:57:49.763	1.22386				2
2025.01.16	00:57:50.985		1.22419			4
2025.01.16	00:57:51.904	1.22385				2
2025.01.16	00:57:52.832	1.22386				2
2025.01.16	00:57:53.136	1.22384				2
2025.01.16	00:57:54.369	1.22383				2
2025.01.16	00:57:56.211	1.22384	1.22418			6
2025.01.16	00:57:57.751	1.22385				2
2025.01.16	00:57:59.283	1.22387	1.22421			6
2025.01.16	00:58:00.200	1.22387				2
2025.01.16	00:58:06.948	1.22386				2
2025.01.16	00:58:09.706	1.22384				2
2025.01.16	00:58:21.084	1.22383				2
2025.01.16	00:58:46.864	1.22380				2
2025.01.16	00:58:47.179	1.22381				2
2025.01.16	00:58:48.092	1.22380				2
2025.01.16	00:58:52.078	1.22379				2
2025.01.16	00:58:56.073	1.22381				2
2025.01.16	00:58:59.446		1.22421			4
2025.01.16	00:59:00.060	1.22381				2
2025.01.16	00:59:09.577	1.22382				2
2025.01.16	00:59:13.563	1.22380				2
2025.01.16	00:59:17.236	1.22381				2
2025.01.16	00:59:19.080	1.22382	1.22420			6
2025.01.16	00:59:19.382	1.22381	1.22418			6
2025.01.16	00:59:20.001	1.22390	1.22427			6
2025.01.16	00:59:20.308	1.22391				2
2025.01.16	00:59:20.609	1.22390				2
2025.01.16	00:59:23.059	1.22389				2
2025.01.16	00:59:25.204		1.22428			4
2025.01.16	00:59:25.508	1.22379	1.22416			6
2025.01.16	00:59:25.817	1.22385	1.22429			6
2025.01.16	00:59:26.432		1.22420			4
2025.01.16	00:59:27.653	1.22387				2
2025.01.16	00:59:27.960	1.22383				2
2025.01.16	00:59:28.273	1.22384				2
2025.01.16	00:59:30.419	1.22386				2
2025.01.16	00:59:46.982	1.22387				2
2025.01.16	00:59:52.801	1.22376	1.22413			6
2025.01.16	00:59:53.412		1.22414			4
2025.01.16	00:59:53.718	1.22379	1.22416			6
2025.01.16	00:59:54.329	1.22376	1.22414			6
2025.01.16	00:59:56.484	1.22375	1.22413			6
2025.01.16	00:59:58.944	1.22379	1.22417			6
2025.01.16	00:59:59.253	1.22376	1.22414			6
2025.01.16	01:00:00.174	1.22385	1.22416			6
2025.01.16	01:00:00.484	1.22388	1.22414			6
2025.01.16	01:00:00.792	1.22391	1.22420			6
2025.01.16	01:00:01.093	1.22389	1.22418			6
2025.01.16	01:00:01.399	1.22388	1.22424			6
2025.01.16	01:00:01.706	1.22385	1.22422			6
2025.01.16	01:00:02.312		1.22430			4
2025.01.16	01:00:02.616	1.22386	1.22431			6
2025.01.16	01:00:03.842	1.22388	1.22433			6
2025.01.16	01:00:04.144		1.22424			4
2025.01.16	01:00:04.759	1.22387	1.22423			6
2025.01.16	01:00:05.363	1.22390	1.22428			6
2025.01.16	01:00:05.672	1.22388	1.22425			6
2025.01.16	01:00:05.975	1.22390	1.22429			6
2025.01.16	01:00:06.589		1.22428			4
2025.01.16	01:00:06.892		1.22429			4
2025.01.16	01:00:07.193	1.22389	1.22428			6
2025.01.16	01:00:07.499	1.22386	1.22426			6
2025.01.16	01:00:07.806	1.22385	1.22422			6
2025.01.16	01:00:08.418	1.22388	1.22428			6
2025.01.16	01:00:09.039	1.22386	1.22425			6
2025.01.16	01:00:09.344	1.22383	1.22422			6
2025.01.16	01:00:09.654		1.22421			4
2025.01.16	01:00:10.268		1.22419			4
2025.01.16	01:00:10.570	1.22382				2
2025.01.16	01:00:12.092	1.22381				2
2025.01.16	01:00:13.913	1.22412	1.22421			6
2025.01.16	01:00:15.734	1.22407	1.22418			6
2025.01.16	01:00:16.036	1.22412	1.22420			6
2025.01.16	01:00:19.090	1.22407	1.22417			6
2025.01.16	01:00:19.396	1.22400	1.22409			6
2025.01.16	01:00:19.698	1.22398	1.22401			6
2025.01.16	01:00:20.005	1.22390				2
2025.01.16	01:00:20.307	1.22392	1.22403			6
2025.01.16	01:00:40.169	1.22394	1.22401			6
2025.01.16	01:00:42.907	1.22390	1.22397			6
2025.01.16	01:00:43.826	1.22389	1.22396			6
2025.01.16	01:00:49.941	1.22398	1.22404			6
2025.01.16	01:00:50.241	1.22397	1.22402			6
2025.01.16	01:00:53.001	1.22399	1.22404			6
2025.01.16	01:00:53.303		1.22406			4
2025.01.16	01:00:55.125		1.22405			4
2025.01.16	01:00:55.437	1.22398	1.22404			6
2025.01.16	01:00:56.345		1.22403			4
2025.01.16	01:01:00.012	1.22398				2
2025.01.16	01:01:01.225	1.22396	1.22401			6
2025.01.16	01:01:01.527	1.22389	1.22396			6
2025.01.16	01:01:01.829	1.22390	1.22397			6
2025.01.16	01:01:03.949	1.22389	1.22396			6
2025.01.16	01:01:04.558	1.22386	1.22393			6
2025.01.16	01:01:04.859	1.22385	1.22392			6
2025.01.16	01:01:05.167	1.22386	1.22393			6
2025.01.16	01:01:06.690	1.22385	1.22392			6
2025.01.16	01:01:07.001	1.22386	1.22393			6
2025.01.16	01:01:08.848	1.22385	1.22392			6
2025.01.16	01:01:09.149	1.22386	1.22393			6
2025.01.16	01:01:09.459	1.22382	1.22389			6
2025.01.16	01:01:09.761	1.22383	1.22390			6
2025.01.16	01:01:11.282	1.22382	1.22389			6
2025.01.16	01:01:14.628	1.22376	1.22383			6
2025.01.16	01:01:14.935	1.22378	1.22385			6
2025.01.16	01:01:16.769	1.22379	1.22386			6
2025.01.16	01:01:17.689	1.22377	1.22384			6
2025.01.16	01:01:20.761	1.22379	1.22386			6
2025.01.16	01:01:21.977	1.22378	1.22385			6
2025.01.16	01:01:26.546	1.22377	1.22384			6
2025.01.16	01:01:38.111	1.22378	1.22385			6
2025.01.16	01:01:39.017	1.22377	1.22384			6
2025.01.16	01:01:39.320	1.22380	1.22387			6
2025.01.16	01:01:39.624	1.22376	1.22382			6
2025.01.16	01:01:41.153		1.22383			4
2025.01.16	01:01:48.195		1.22382			4
2025.01.16	01:01:49.413		1.22381			4
2025.01.16	01:01:50.034		1.22380			4
2025.01.16	01:01:52.155		1.22381			4
2025.01.16	01:01:52.463		1.22380			4
2025.01.16	01:01:52.766		1.22381			4
2025.01.16	01:01:54.293		1.22380			4
2025.01.16	01:02:00.092	1.22376				2
2025.01.16	01:02:01.002		1.22381			4
2025.01.16	01:02:02.218		1.22382			4
2025.01.16	01:02:04.479		1.22381			4
2025.01.16	01:02:07.227	1.22378	1.22384			6
2025.01.16	01:02:07.834		1.22383			4
2025.01.16	01:02:08.135		1.22384			4
2025.01.16	01:02:11.182	1.22379				2
2025.01.16	01:02:12.102	1.22378	1.22383			6
2025.01.16	01:02:13.009	1.22379	1.22384			6
2025.01.16	01:02:14.522	1.22378	1.22383			6
2025.01.16	01:02:15.430	1.22384	1.22386			6
2025.01.16	01:02:15.742	1.22387	1.22392			6
2025.01.16	01:02:16.355	1.22388	1.22393			6
2025.01.16	01:02:16.656	1.22387	1.22392			6
2025.01.16	01:02:17.268	1.22386	1.22393			6
2025.01.16	01:02:17.575	1.22387				2
2025.01.16	01:02:23.388		1.22394			4
2025.01.16	01:02:25.828	1.22385	1.22392			6
2025.01.16	01:02:26.138	1.22386	1.22393			6
2025.01.16	01:02:26.442	1.22385	1.22392			6
2025.01.16	01:02:26.749		1.22391			4
2025.01.16	01:02:31.947	1.22386	1.22392			6
2025.01.16	01:02:42.316		1.22391			4
2025.01.16	01:02:48.419	1.22387	1.22392			6
2025.01.16	01:02:51.458	1.22386	1.22391			6
2025.01.16	01:02:52.671	1.22385	1.22390			6
2025.01.16	01:02:53.282	1.22386	1.22391			6
2025.01.16	01:02:53.587	1.22387				2
2025.01.16	01:02:53.896	1.22386				2
2025.01.16	01:02:54.197	1.22385	1.22390			6
2025.01.16	01:02:56.032	1.22387				2
2025.01.16	01:02:56.340	1.22386	1.22391			6
2025.01.16	01:02:56.645	1.22387				2
2025.01.16	01:02:57.864		1.22392			4
2025.01.16	01:02:58.166	1.22388				2
2025.01.16	01:03:00.303	1.22388				2
2025.01.16	01:03:07.955	1.22387	1.22391			6
2025.01.16	01:03:10.718	1.22388	1.22392			6
2025.01.16	01:03:12.252	1.22387	1.22391			6
2025.01.16	01:03:20.206	1.22388				2
2025.01.16	01:03:20.507	1.22387	1.22390			6
2025.01.16	01:03:21.421	1.22388	1.22391			6
2025.01.16	01:03:23.574	1.22387	1.22390			6
2025.01.16	01:03:29.107	1.22388	1.22391			6
2025.01.16	01:03:35.501	1.22387	1.22390			6
2025.01.16	01:03:38.859	1.22388	1.22391			6
2025.01.16	01:03:41.585	1.22386	1.22389			6
2025.01.16	01:03:43.125	1.22385	1.22388			6
2025.01.16	01:03:44.352	1.22386	1.22389			6
2025.01.16	01:03:51.089	1.22387	1.22390			6
2025.01.16	01:03:54.746	1.22386	1.22389			6
2025.01.16	01:04:00.253	1.22379	1.22382			6
2025.01.16	01:04:01.172	1.22378				2
2025.01.16	01:04:10.340	1.22381	1.22385			6
2025.01.16	01:04:10.646	1.22380	1.22384			6
2025.01.16	01:04:15.828	1.22379	1.22383			6
2025.01.16	01:04:18.274	1.22380				2
2025.01.16	01:04:18.586	1.22379	1.22382			6
2025.01.16	01:04:18.887	1.22381	1.22384			6
2025.01.16	01:04:19.194	1.22380	1.22383			6
2025.01.16	01:04:20.739	1.22381	1.22384			6
2025.01.16	01:04:21.043	1.22379	1.22382			6
2025.01.16	01:04:23.783	1.22380	1.22383			6
2025.01.16	01:04:25.924	1.22379	1.22382			6
2025.01.16	01:04:32.949	1.22377	1.22380			6
2025.01.16	01:04:37.839	1.22380	1.22383			6
2025.01.16	01:04:38.139	1.22379	1.22382			6
2025.01.16	01:04:40.886	1.22378	1.22381			6
2025.01.16	01:04:44.855	1.22381	1.22384			6
2025.01.16	01:04:45.162	1.22380	1.22383			6
2025.01.16	01:04:48.519	1.22379	1.22382			6
2025.01.16	01:04:50.048	1.22378	1.22381			6
2025.01.16	01:04:51.577	1.22387	1.22390			6
2025.01.16	01:04:51.885	1.22389	1.22392			6
2025.01.16	01:04:52.187	1.22387	1.22393			6
2025.01.16	01:04:57.984	1.22397	1.22401			6
2025.01.16	01:04:58.287	1.22400	1.22406			6
2025.01.16	01:04:58.594	1.22401				2
2025.01.16	01:04:58.895	1.22406	1.22412			6
2025.01.16	01:04:59.204		1.22413			4
2025.01.16	01:05:00.120	1.22407				2
2025.01.16	01:05:03.201	1.22400	1.22407			6
2025.01.16	01:05:03.504	1.22397	1.22404			6
2025.01.16	01:05:07.202		1.22403			4
2025.01.16	01:05:14.601	1.22394	1.22401			6
2025.01.16	01:05:14.906	1.22393	1.22400			6
2025.01.16	01:05:26.305	1.22391	1.22398			6
2025.01.16	01:05:27.224	1.22392	1.22399			6
2025.01.16	01:05:56.388	1.22390	1.22397			6
2025.01.16	01:05:56.694	1.22384	1.22391			6
2025.01.16	01:06:00.042	1.22384				2
2025.01.16	01:06:00.346	1.22383	1.22390			6
2025.01.16	01:06:01.876	1.22384	1.22391			6
2025.01.16	01:06:02.491	1.22383	1.22390			6
2025.01.16	01:06:11.656	1.22382	1.22389			6
2025.01.16	01:06:12.272		1.22388			4
2025.01.16	01:06:26.337		1.22387			4
2025.01.16	01:06:37.336	1.22383				2
2025.01.16	01:06:55.109		1.22386			4
2025.01.16	01:06:56.634	1.22378	1.22380			6
2025.01.16	01:06:56.941	1.22382	1.22385			6
2025.01.16	01:06:57.553	1.22381	1.22384			6
2025.01.16	01:07:00.300	1.22382	1.22385			6
2025.01.16	01:07:09.222	1.22381	1.22384			6
2025.01.16	01:07:15.954	1.22380	1.22383			6
2025.01.16	01:07:19.319	1.22381	1.22384			6
2025.01.16	01:07:20.533	1.22379	1.22382			6
2025.01.16	01:07:31.552	1.22375	1.22378			6
2025.01.16	01:07:33.379	1.22374	1.22377			6
2025.01.16	01:07:48.053	1.22375	1.22378			6
2025.01.16	01:07:52.927	1.22376	1.22379			6
2025.01.16	01:07:53.232	1.22375	1.22378			6
2025.01.16	01:08:00.274	1.22375				2
2025.01.16	01:08:03.020	1.22374	1.22377			6
2025.01.16	01:08:07.310	1.22375	1.22378			6
2025.01.16	01:08:09.145	1.22376	1.22379			6
2025.01.16	01:08:09.453	1.22375	1.22378			6
2025.01.16	01:08:11.587	1.22376	1.22379			6
2025.01.16	01:08:12.201	1.22377	1.22380			6
2025.01.16	01:08:14.646	1.22376	1.22379			6
2025.01.16	01:08:20.441	1.22377	1.22380			6
2025.01.16	01:08:20.751	1.22376	1.22379			6
2025.01.16	01:08:21.970	1.22377	1.22380			6
2025.01.16	01:08:26.551	1.22375	1.22378			6
2025.01.16	01:08:31.126	1.22374	1.22377			6
2025.01.16	01:08:35.085	1.22376	1.22379			6
2025.01.16	01:08:45.458	1.22374	1.22377			6
2025.01.16	01:08:47.907	1.22375	1.22378			6
2025.01.16	01:08:51.570	1.22376	1.22379			6
2025.01.16	01:08:57.665	1.22377				2
2025.01.16	01:08:57.970	1.22380	1.22383			6
2025.01.16	01:09:00.104	1.22380				2
2025.01.16	01:09:03.463	1.22379	1.22382			6
2025.01.16	01:09:04.371	1.22380	1.22383			6
2025.01.16	01:09:05.289	1.22375	1.22378			6
2025.01.16	01:09:05.897	1.22373	1.22376			6
2025.01.16	01:09:06.203	1.22367	1.22370			6
2025.01.16	01:09:07.120	1.22365	1.22371			6
2025.01.16	01:09:07.425	1.22382	1.22388			6
2025.01.16	01:09:08.339	1.22381				2
2025.01.16	01:09:10.471	1.22382	1.22389			6
2025.01.16	01:09:10.774	1.22381	1.22388			6
2025.01.16	01:09:13.525	1.22382	1.22389			6
2025.01.16	01:09:13.835	1.22381	1.22388			6
2025.01.16	01:09:14.446	1.22379	1.22386			6
2025.01.16	01:09:14.748	1.22372	1.22379			6
2025.01.16	01:09:16.269	1.22373	1.22380			6
2025.01.16	01:09:17.492	1.22372	1.22379			6
2025.01.16	01:09:18.710	1.22373	1.22380			6
2025.01.16	01:09:26.087	1.22374	1.22381			6
2025.01.16	01:09:26.394	1.22377	1.22384			6
2025.01.16	01:09:36.467	1.22375	1.22381			6
2025.01.16	01:09:36.774		1.22382			4
2025.01.16	01:09:37.077	1.22376	1.22383			6
2025.01.16	01:09:42.565	1.22375	1.22382			6
2025.01.16	01:09:45.308	1.22368	1.22375			6
2025.01.16	01:09:45.616	1.22365	1.22372			6
2025.01.16	01:09:50.191	1.22361	1.22368			6
2025.01.16	01:09:51.413	1.22362	1.22369			6
2025.01.16	01:09:51.716	1.22365	1.22372			6
2025.01.16	01:09:57.812	1.22369	1.22376			6
2025.01.16	01:09:58.120	1.22374	1.22381			6
2025.01.16	01:10:00.255	1.22374				2
2025.01.16	01:10:04.225	1.22371	1.22378			6
2025.01.16	01:10:04.528	1.22365	1.22372			6
2025.01.16	01:10:05.750	1.22364	1.22371			6
2025.01.16	01:10:07.886	1.22359	1.22366			6
2025.01.16	01:10:08.188	1.22357	1.22364			6
2025.01.16	01:10:12.162	1.22358	1.22365			6
2025.01.16	01:10:12.772	1.22361	1.22368			6
2025.01.16	01:10:13.688	1.22358	1.22365			6
2025.01.16	01:10:20.096	1.22359	1.22366			6
2025.01.16	01:10:24.405	1.22360	1.22367			6
2025.01.16	01:10:26.558	1.22359	1.22366			6
2025.01.16	01:10:27.167	1.22358	1.22365			6
2025.01.16	01:10:30.863	1.22359	1.22366			6
2025.01.16	01:10:39.476	1.22361	1.22368			6
2025.01.16	01:10:39.786	1.22357	1.22364			6
2025.01.16	01:10:42.549	1.22356	1.22363			6
2025.01.16	01:10:49.581	1.22357	1.22364			6
2025.01.16	01:10:51.106		1.22363			4
2025.01.16	01:10:52.330	1.22358	1.22364			6
2025.01.16	01:10:55.078	1.22360	1.22366			6
2025.01.16	01:10:56.913	1.22361	1.22367			6
2025.01.16	01:10:57.214	1.22360	1.22366			6
2025.01.16	01:11:00.299	1.22360				2
2025.01.16	01:11:01.529	1.22358	1.22364			6
2025.01.16	01:11:07.374		1.22363			4
2025.01.16	01:11:18.058	1.22360	1.22365			6
2025.01.16	01:11:18.368	1.22350	1.22354			6
2025.01.16	01:11:19.280	1.22349	1.22355			6
2025.01.16	01:11:31.258	1.22350				2
2025.01.16	01:11:41.385		1.22354			4
2025.01.16	01:11:44.753	1.22351	1.22355			6
2025.01.16	01:11:52.357	1.22350	1.22354			6
2025.01.16	01:11:52.667	1.22351	1.22355			6
2025.01.16	01:11:57.261	1.22352				2
2025.01.16	01:11:57.566	1.22351	1.22354			6
2025.01.16	01:12:00.011	1.22351				2
2025.01.16	01:12:01.846	1.22349	1.22352			6
2025.01.16	01:12:05.795	1.22348	1.22351			6
2025.01.16	01:12:12.205	1.22349	1.22352			6
2025.01.16	01:12:13.115	1.22348	1.22351			6
2025.01.16	01:12:16.794	1.22349	1.22352			6
2025.01.16	01:12:17.098	1.22350	1.22353			6
2025.01.16	01:12:21.081	1.22351	1.22354			6
2025.01.16	01:12:26.266	1.22350	1.22353			6
2025.01.16	01:12:28.095	1.22351	1.22354			6
2025.01.16	01:12:57.084	1.22350	1.22353			6
2025.01.16	01:13:00.121	1.22351	1.22354			6
2025.01.16	01:13:04.698	1.22350	1.22353			6
2025.01.16	01:13:08.041	1.22348	1.22351			6
2025.01.16	01:13:20.300	1.22349	1.22352			6
2025.01.16	01:13:26.743	1.22347	1.22350			6
2025.01.16	01:13:27.054	1.22344	1.22347			6
2025.01.16	01:13:27.359	1.22341	1.22344			6
2025.01.16	01:13:28.277		1.22345			4
2025.01.16	01:13:31.347		1.22344			4
2025.01.16	01:13:49.117	1.22342	1.22345			6
2025.01.16	01:13:54.959	1.22345	1.22348			6
2025.01.16	01:14:00.175	1.22344	1.22347			6
2025.01.16	01:14:01.711	1.22341	1.22344			6
2025.01.16	01:14:02.023	1.22344	1.22347			6
2025.01.16	01:14:02.331	1.22343	1.22346			6
2025.01.16	01:14:05.401	1.22341	1.22344			6
2025.01.16	01:14:07.253	1.22340	1.22343			6
2025.01.16	01:14:07.556	1.22341	1.22344			6
2025.01.16	01:14:13.677	1.22340	1.22343			6
2025.01.16	01:14:13.984	1.22341	1.22344			6
2025.01.16	01:14:14.286	1.22340	1.22343			6
2025.01.16	01:14:14.600	1.22341	1.22344			6
2025.01.16	01:14:17.044	1.22342	1.22345			6
2025.01.16	01:14:26.204	1.22341	1.22344			6
2025.01.16	01:14:31.704	1.22340	1.22343			6
2025.01.16	01:14:33.226	1.22341	1.22344			6
2025.01.16	01:14:43.001	1.22340	1.22343			6
2025.01.16	01:14:43.607	1.22341	1.22344			6
2025.01.16	01:14:46.660	1.22342	1.22345			6
2025.01.16	01:14:46.960	1.22344	1.22347			6
2025.01.16	01:14:52.790	1.22342	1.22345			6
2025.01.16	01:14:57.703	1.22343	1.22346			6
2025.01.16	01:14:58.008	1.22348	1.22351			6
2025.01.16	01:15:00.155	1.22349	1.22350			6
2025.01.16	01:15:00.775	1.22351	1.22352			6
2025.01.16	01:15:01.692		1.22354			4
2025.01.16	01:15:02.620	1.22352				2
2025.01.16	01:15:02.924	1.22353	1.22356			6
2025.01.16	01:15:03.229		1.22357			4
2025.01.16	01:15:03.838	1.22351	1.22355			6
2025.01.16	01:15:04.761	1.22350	1.22354			6
2025.01.16	01:15:05.372	1.22349	1.22351			6
2025.01.16	01:15:05.682	1.22350	1.22354			6
2025.01.16	01:15:06.297	1.22349				2
2025.01.16	01:15:06.606		1.22350			4
2025.01.16	01:15:07.221	1.22350	1.22355			6
2025.01.16	01:15:07.836	1.22349	1.22354			6
2025.01.16	01:15:08.139		1.22355			4
2025.01.16	01:15:09.978	1.22350	1.22356			6
2025.01.16	01:15:10.285	1.22349	1.22355			6
2025.01.16	01:15:10.906		1.22352			4
2025.01.16	01:15:12.133		1.22355			4
2025.01.16	01:15:17.037		1.22352			4
2025.01.16	01:15:17.649	1.22352	1.22356			6
2025.01.16	01:15:24.716		1.22355			4
2025.01.16	01:15:26.262	1.22353				2
2025.01.16	01:15:34.544	1.22358	1.22363			6
2025.01.16	01:15:35.158	1.22357				2
2025.01.16	01:15:35.774	1.22356	1.22362			6
2025.01.16	01:15:38.238		1.22361			4
2025.01.16	01:15:41.306	1.22352	1.22357			6
2025.01.16	01:15:41.926	1.22353	1.22358			6
2025.01.16	01:15:42.231	1.22352				2
2025.01.16	01:15:45.310		1.22357			4
2025.01.16	01:15:45.922	1.22354	1.22359			6
2025.01.16	01:15:48.974	1.22355	1.22360			6
2025.01.16	01:15:49.279	1.22354	1.22359			6
2025.01.16	01:15:53.556	1.22355	1.22360			6
2025.01.16	01:15:55.381	1.22353	1.22358			6
2025.01.16	01:15:56.624	1.22355	1.22360			6
2025.01.16	01:15:57.238	1.22354	1.22359			6
2025.01.16	01:15:57.545	1.22355	1.22360			6
2025.01.16	01:15:58.157	1.22356				2
2025.01.16	01:15:58.468	1.22357	1.22361			6
2025.01.16	01:16:00.005	1.22357				2
2025.01.16	01:16:00.314	1.22356	1.22360			6
2025.01.16	01:16:05.838	1.22357	1.22361			6
2025.01.16	01:16:10.133	1.22356	1.22360			6
2025.01.16	01:16:11.676	1.22357	1.22361			6
2025.01.16	01:16:14.130	1.22358				2
2025.01.16	01:16:15.346	1.22363	1.22366			6
2025.01.16	01:16:15.654	1.22362	1.22365			6
2025.01.16	01:16:16.263		1.22366			4
2025.01.16	01:16:20.522	1.22364	1.22368			6
2025.01.16	01:16:21.131	1.22363	1.22367			6
2025.01.16	01:16:21.438	1.22361	1.22365			6
2025.01.16	01:16:21.740	1.22362	1.22366			6
2025.01.16	01:16:22.043	1.22360	1.22364			6
2025.01.16	01:16:22.350	1.22356	1.22360			6
2025.01.16	01:16:23.261	1.22355	1.22361			6
2025.01.16	01:16:26.302	1.22356				2
2025.01.16	01:16:30.572	1.22357	1.22362			6
2025.01.16	01:16:35.755	1.22356	1.22361			6
2025.01.16	01:16:36.365	1.22357				2
2025.01.16	01:16:36.671	1.22356	1.22360			6
2025.01.16	01:16:48.284	1.22357	1.22361			6
2025.01.16	01:16:50.122		1.22360			4
2025.01.16	01:16:54.405	1.22359	1.22362			6
2025.01.16	01:16:55.315	1.22358	1.22361			6
2025.01.16	01:16:55.923	1.22359	1.22362			6
2025.01.16	01:16:56.230	1.22358	1.22361			6
2025.01.16	01:16:57.749	1.22357	1.22360			6
2025.01.16	01:17:00.195	1.22357				2
2025.01.16	01:17:13.961	1.22358	1.22361			6
2025.01.16	01:17:17.011	1.22357	1.22360			6
2025.01.16	01:17:17.926	1.22359	1.22362			6
2025.01.16	01:17:20.064	1.22362	1.22365			6
2025.01.16	01:17:22.514	1.22363	1.22366			6
2025.01.16	01:17:28.635	1.22362	1.22365			6
2025.01.16	01:17:39.431	1.22364	1.22367			6
2025.01.16	01:17:39.739	1.22361	1.22364			6
2025.01.16	01:17:58.791	1.22362	1.22365			6
2025.01.16	01:18:00.021	1.22362				2
2025.01.16	01:18:08.021	1.22359	1.22362			6
2025.01.16	01:18:14.463	1.22362	1.22365			6
2025.01.16	01:18:15.383	1.22360	1.22363			6
2025.01.16	01:18:18.762	1.22361	1.22364			6
2025.01.16	01:18:30.111	1.22362	1.22365			6
2025.01.16	01:18:40.554	1.22368	1.22371			6
2025.01.16	01:18:41.478	1.22367	1.22370			6
2025.01.16	01:19:00.221	1.22367				2
2025.01.16	01:19:04.829	1.22368	1.22371			6
2025.01.16	01:19:14.340	1.22367	1.22370			6
2025.01.16	01:19:15.571	1.22368	1.22371			6
2025.01.16	01:19:15.873	1.22367	1.22370			6
2025.01.16	01:19:17.101	1.22368	1.22371			6
2025.01.16	01:19:20.187	1.22367	1.22370			6
2025.01.16	01:19:21.108	1.22368	1.22371			6
2025.01.16	01:19:25.404	1.22367	1.22370			6
2025.01.16	01:19:30.319	1.22368	1.22371			6
2025.01.16	01:19:30.627	1.22367	1.22370			6
2025.01.16	01:19:32.159	1.22373	1.22376			6
2025.01.16	01:19:32.461	1.22374	1.22377			6
2025.01.16	01:19:34.306	1.22373				2
2025.01.16	01:19:34.919	1.22374	1.22378			6
2025.01.16	01:19:35.536	1.22373	1.22377			6
2025.01.16	01:19:38.604	1.22374	1.22378			6
2025.01.16	01:19:45.044	1.22373	1.22377			6
2025.01.16	01:19:46.585	1.22372	1.22376			6
2025.01.16	01:19:46.890	1.22371	1.22375			6
2025.01.16	01:19:47.198	1.22372				2
2025.01.16	01:19:47.508	1.22374	1.22377			6
2025.01.16	01:19:48.124		1.22378			4
2025.01.16	01:19:56.103		1.22377			4
2025.01.16	01:20:00.099	1.22374				2
2025.01.16	01:20:01.623	1.22375	1.22378			6
2025.01.16	01:20:14.211	1.22372	1.22375			6
2025.01.16	01:20:14.817		1.22374			4
2025.01.16	01:20:16.342	1.22373				2
2025.01.16	01:20:20.619	1.22375	1.22376			6
2025.01.16	01:20:20.925	1.22377	1.22380			6
2025.01.16	01:20:22.148		1.22381			4
2025.01.16	01:20:22.758	1.22378	1.22382			6
2025.01.16	01:20:27.060		1.22381			4
2025.01.16	01:20:34.130	1.22379	1.22383			6
2025.01.16	01:20:40.284	1.22378	1.22381			6
2025.01.16	01:20:44.879		1.22382			4
2025.01.16	01:20:46.114	1.22380	1.22384			6
2025.01.16	01:20:48.259	1.22378	1.22382			6
2025.01.16	01:20:52.561	1.22379	1.22383			6
2025.01.16	01:20:58.994	1.22380	1.22384			6
2025.01.16	01:21:00.212	1.22380				2
2025.01.16	01:21:01.125		1.22383			4
2025.01.16	01:21:22.421	1.22381	1.22384			6
2025.01.16	01:21:23.333	1.22379	1.22382			6
2025.01.16	01:21:31.257		1.22381			4
2025.01.16	01:21:31.565		1.22382			4
2025.01.16	01:21:33.408	1.22382	1.22385			6
2025.01.16	01:21:43.532	1.22381	1.22384			6
2025.01.16	01:21:44.145	1.22382	1.22385			6
2025.01.16	01:21:45.688	1.22381	1.22384			6
2025.01.16	01:21:46.297	1.22382	1.22385			6
2025.01.16	01:21:50.908	1.22381	1.22384			6
2025.01.16	01:21:51.517	1.22382	1.22385			6
2025.01.16	01:21:56.436	1.22381	1.22384			6
2025.01.16	01:21:57.053	1.22382	1.22385			6
2025.01.16	01:22:00.120	1.22382				2
2025.01.16	01:22:01.655	1.22381	1.22384			6
2025.01.16	01:22:02.269	1.22382	1.22385			6
2025.01.16	01:22:03.809	1.22380	1.22383			6
2025.01.16	01:22:07.812	1.22379	1.22382			6
2025.01.16	01:22:08.115	1.22380	1.22383			6
2025.01.16	01:22:23.798	1.22372	1.22375			6
2025.01.16	01:22:24.103	1.22369	1.22373			6
2025.01.16	01:22:25.330	1.22368				2
2025.01.16	01:22:28.690	1.22369	1.22374			6
2025.01.16	01:22:36.955	1.22371	1.22376			6
2025.01.16	01:22:42.152	1.22372				2
2025.01.16	01:22:42.457	1.22371	1.22375			6
2025.01.16	01:22:46.736	1.22369	1.22373			6
2025.01.16	01:22:54.075	1.22363	1.22367			6
2025.01.16	01:22:54.381	1.22364	1.22368			6
2025.01.16	01:22:55.300		1.22369			4
2025.01.16	01:22:55.917	1.22366	1.22371			6
2025.01.16	01:23:00.182	1.22367	1.22372			6
2025.01.16	01:23:01.100	1.22368	1.22373			6
2025.01.16	01:23:02.017	1.22365	1.22370			6
2025.01.16	01:23:03.237	1.22364				2
2025.01.16	01:23:03.541	1.22367	1.22373			6
2025.01.16	01:23:05.681	1.22370	1.22376			6
2025.01.16	01:23:13.607	1.22374	1.22379			6
2025.01.16	01:23:13.910	1.22373				2
2025.01.16	01:23:20.323		1.22378			4
2025.01.16	01:23:23.675	1.22374	1.22379			6
2025.01.16	01:23:24.284	1.22372	1.22377			6
2025.01.16	01:23:24.585	1.22371	1.22376			6
2025.01.16	01:23:25.812	1.22372	1.22377			6
2025.01.16	01:23:26.115	1.22371	1.22376			6
2025.01.16	01:23:39.215		1.22375			4
2025.01.16	01:23:40.739	1.22373	1.22377			6
2025.01.16	01:23:41.350		1.22378			4
2025.01.16	01:23:45.326		1.22377			4
2025.01.16	01:23:46.241	1.22382	1.22386			6
2025.01.16	01:23:47.158	1.22380	1.22387			6
2025.01.16	01:23:57.217	1.22381				2
2025.01.16	01:24:00.272	1.22381				2
2025.01.16	01:24:01.189	1.22388	1.22391			6
2025.01.16	01:24:01.492		1.22393			4
2025.01.16	01:24:02.405	1.22386	1.22390			6
2025.01.16	01:24:04.244	1.22385				2
2025.01.16	01:24:04.553	1.22384				2
2025.01.16	01:24:13.098	1.22382	1.22389			6
2025.01.16	01:24:24.396		1.22388			4
2025.01.16	01:24:24.700	1.22383	1.22389			6
2025.01.16	01:24:26.530	1.22382	1.22388			6
2025.01.16	01:24:30.192	1.22383				2
2025.01.16	01:24:30.495	1.22380	1.22386			6
2025.01.16	01:24:32.022	1.22381	1.22387			6
2025.01.16	01:24:36.903	1.22383	1.22388			6
2025.01.16	01:24:37.212	1.22382				2
2025.01.16	01:24:37.513	1.22383				2
2025.01.16	01:24:43.314	1.22384				2
2025.01.16	01:24:51.613	1.22381	1.22386			6
2025.01.16	01:24:57.759	1.22386	1.22391			6
2025.01.16	01:24:58.065	1.22385	1.22390			6
2025.01.16	01:24:59.294		1.22391			4
2025.01.16	01:24:59.606	1.22384	1.22390			6
2025.01.16	01:25:00.219	1.22384				2
2025.01.16	01:25:01.450	1.22386	1.22391			6
2025.01.16	01:25:02.682	1.22388	1.22394			6
2025.01.16	01:25:03.602		1.22393			4
2025.01.16	01:25:03.902		1.22394			4
2025.01.16	01:25:06.364	1.22385	1.22391			6
2025.01.16	01:25:09.137	1.22386				2
2025.01.16	01:25:16.524	1.22389	1.22394			6
2025.01.16	01:25:32.212		1.22393			4
2025.01.16	01:25:43.204	1.22388	1.22391			6
2025.01.16	01:25:53.298	1.22389				2
2025.01.16	01:25:58.503	1.22390	1.22392			6
2025.01.16	01:26:00.027	1.22390				2
2025.01.16	01:26:00.328	1.22389				2
2025.01.16	01:26:05.857	1.22390	1.22393			6
2025.01.16	01:26:23.247	1.22391				2
2025.01.16	01:26:23.553	1.22390				2
2025.01.16	01:26:37.009		1.22392			4
2025.01.16	01:26:39.156		1.22393			4
2025.01.16	01:26:46.521	1.22389	1.22392			6
2025.01.16	01:26:50.829	1.22388	1.22391			6
2025.01.16	01:26:51.446	1.22389	1.22392			6
2025.01.16	01:26:59.745	1.22390	1.22393			6
2025.01.16	01:27:00.053	1.22390				2
2025.01.16	01:27:01.274	1.22389	1.22392			6
2025.01.16	01:27:04.630	1.22390	1.22393			6
2025.01.16	01:27:11.021	1.22393	1.22396			6
2025.01.16	01:27:11.325	1.22391	1.22394			6
2025.01.16	01:27:11.629	1.22392	1.22395			6
2025.01.16	01:27:13.453	1.22391	1.22394			6
2025.01.16	01:27:13.758	1.22392	1.22395			6
2025.01.16	01:27:14.975	1.22391	1.22394			6
2025.01.16	01:27:15.279	1.22392	1.22395			6
2025.01.16	01:27:16.799	1.22391	1.22394			6
2025.01.16	01:27:19.238	1.22392	1.22395			6
2025.01.16	01:27:19.539	1.22391	1.22394			6
2025.01.16	01:27:44.539	1.22392	1.22395			6
2025.01.16	01:27:44.844	1.22396	1.22399			6
2025.01.16	01:27:45.467	1.22393	1.22396			6
2025.01.16	01:27:45.770	1.22395	1.22398			6
2025.01.16	01:27:46.073	1.22396	1.22399			6
2025.01.16	01:27:46.382	1.22395	1.22398			6
2025.01.16	01:27:46.689	1.22396	1.22399			6
2025.01.16	01:27:51.298	1.22397	1.22400			6
2025.01.16	01:27:54.975	1.22393	1.22396			6
2025.01.16	01:27:56.217		1.22397			4
2025.01.16	01:28:00.208	1.22394	1.22398			6
2025.01.16	01:28:04.513	1.22393	1.22397			6
2025.01.16	01:28:12.197	1.22390	1.22394			6
2025.01.16	01:28:32.351	1.22391				2
2025.01.16	01:28:46.201	1.22393	1.22396			6
2025.01.16	01:28:46.509	1.22398	1.22401			6
2025.01.16	01:28:47.124	1.22396				2
2025.01.16	01:28:48.364	1.22397				2
2025.01.16	01:28:48.670	1.22396				2
2025.01.16	01:28:51.121	1.22395	1.22400			6
2025.01.16	01:28:58.185	1.22394	1.22399			6
2025.01.16	01:28:58.502	1.22395	1.22400			6
2025.01.16	01:28:58.809	1.22394	1.22399			6
2025.01.16	01:29:00.041	1.22394				2
2025.01.16	01:29:00.347	1.22393	1.22398			6
2025.01.16	01:29:06.178	1.22390	1.22395			6
2025.01.16	01:29:16.335	1.22391				2
2025.01.16	01:29:22.172	1.22390	1.22394			6
2025.01.16	01:29:34.764	1.22394	1.22398			6
2025.01.16	01:29:35.076	1.22395	1.22399			6
2025.01.16	01:30:00.274	1.22394	1.22398			6
2025.01.16	01:30:00.891		1.22397			4
2025.01.16	01:30:01.198	1.22393				2
2025.01.16	01:30:02.433	1.22391	1.22395			6
2025.01.16	01:30:09.181	1.22393	1.22397			6
2025.01.16	01:30:10.112	1.22394				2
2025.01.16	01:30:10.722	1.22393				2
2025.01.16	01:30:13.492	1.22394	1.22398			6
2025.01.16	01:30:13.803		1.22397			4
2025.01.16	01:30:14.409	1.22395				2
2025.01.16	01:30:14.717	1.22394				2
2025.01.16	01:30:15.029	1.22395	1.22399			6
2025.01.16	01:30:15.334		1.22398			4
2025.01.16	01:30:15.640	1.22394				2
2025.01.16	01:30:15.949		1.22397			4
2025.01.16	01:30:16.256	1.22395	1.22399			6
2025.01.16	01:30:30.729	1.22396	1.22400			6
2025.01.16	01:30:31.037	1.22393	1.22396			6
2025.01.16	01:30:31.345		1.22397			4
2025.01.16	01:30:32.580	1.22394	1.22398			6
2025.01.16	01:30:34.733	1.22395	1.22399			6
2025.01.16	01:30:35.344	1.22394	1.22398			6
2025.01.16	01:30:37.491	1.22395	1.22399			6
2025.01.16	01:30:38.109	1.22394	1.22398			6
2025.01.16	01:30:38.414	1.22395	1.22399			6
2025.01.16	01:30:41.181	1.22396	1.22400			6
2025.01.16	01:30:41.487	1.22395	1.22399			6
2025.01.16	01:30:41.796	1.22396	1.22400			6
2025.01.16	01:30:44.574	1.22395	1.22399			6
2025.01.16	01:30:45.807	1.22396				2
2025.01.16	01:30:48.267	1.22395				2
2025.01.16	01:30:50.115	1.22399	1.22403			6
2025.01.16	01:30:51.957	1.22398				2
2025.01.16	01:30:52.261	1.22393	1.22398			6
2025.01.16	01:30:54.114	1.22392				2
2025.01.16	01:30:54.732	1.22393	1.22399			6
2025.01.16	01:31:00.282	1.22396	1.22402			6
2025.01.16	01:31:00.583	1.22398				2
2025.01.16	01:31:00.897	1.22395	1.22401			6
2025.01.16	01:31:02.432	1.22394	1.22400			6
2025.01.16	01:31:03.653	1.22395				2
2025.01.16	01:31:03.959		1.22401			4
2025.01.16	01:31:10.396	1.22396				2
2025.01.16	01:31:13.771	1.22395	1.22399			6
2025.01.16	01:31:14.077	1.22394				2
2025.01.16	01:31:14.382	1.22395	1.22400			6
2025.01.16	01:31:17.132	1.22397	1.22402			6
2025.01.16	01:31:19.894	1.22398				2
2025.01.16	01:31:20.198	1.22397				2
2025.01.16	01:31:25.381	1.22396	1.22401			6
2025.01.16	01:31:27.826	1.22397	1.22402			6
2025.01.16	01:31:28.737	1.22396	1.22401			6
2025.01.16	01:31:31.482	1.22397	1.22402			6
2025.01.16	01:31:36.369	1.22393	1.22398			6
2025.01.16	01:31:37.283	1.22397	1.22402			6
2025.01.16	01:31:38.199		1.22403			4
2025.01.16	01:31:43.108	1.22398				2
2025.01.16	01:31:44.343	1.22397	1.22402			6
2025.01.16	01:31:45.258	1.22398	1.22403			6
2025.01.16	01:31:47.717	1.22400				2
2025.01.16	01:31:48.024	1.22403	1.22408			6
2025.01.16	01:31:48.944	1.22402	1.22407			6
2025.01.16	01:31:49.253		1.22408			4
2025.01.16	01:31:53.256	1.22401	1.22407			6
2025.01.16	01:31:53.866		1.22406			4
2025.01.16	01:31:54.177	1.22396	1.22402			6
2025.01.16	01:31:55.403		1.22403			4
2025.01.16	01:31:56.942	1.22395	1.22402			6
2025.01.16	01:31:57.866	1.22396	1.22403			6
2025.01.16	01:31:58.786	1.22395	1.22402			6
2025.01.16	01:31:59.403	1.22396				2
2025.01.16	01:32:00.022	1.22396				2
2025.01.16	01:32:20.335		1.22401			4
2025.01.16	01:32:33.205	1.22395	1.22400			6
2025.01.16	01:32:34.135	1.22394	1.22399			6
2025.01.16	01:32:35.051	1.22395	1.22400			6
2025.01.16	01:32:40.266	1.22397	1.22402			6
2025.01.16	01:32:43.327		1.22401			4
2025.01.16	01:32:46.680	1.22396	1.22400			6
2025.01.16	01:32:46.984	1.22397	1.22401			6
2025.01.16	01:32:47.294	1.22396	1.22400			6
2025.01.16	01:32:51.553	1.22397	1.22401			6
2025.01.16	01:32:53.078	1.22396	1.22400			6
2025.01.16	01:32:53.383	1.22395	1.22399			6
2025.01.16	01:32:56.749	1.22396	1.22400			6
2025.01.16	01:32:57.054	1.22395	1.22399			6
2025.01.16	01:32:59.492	1.22396	1.22400			6
2025.01.16	01:32:59.797	1.22395	1.22399			6
2025.01.16	01:33:00.099	1.22395				2
2025.01.16	01:33:03.155	1.22396	1.22400			6
2025.01.16	01:33:08.340	1.22395	1.22399			6
2025.01.16	01:33:10.477	1.22397	1.22401			6
2025.01.16	01:33:11.394	1.22396	1.22400			6
2025.01.16	01:33:13.217	1.22397	1.22401			6
2025.01.16	01:33:20.248	1.22396	1.22400			6
2025.01.16	01:33:21.159	1.22397	1.22401			6
2025.01.16	01:33:24.828	1.22395	1.22399			6
2025.01.16	01:33:25.438	1.22396	1.22400			6
2025.01.16	01:33:26.966	1.22392	1.22396			6
2025.01.16	01:33:27.270	1.22393	1.22397			6
2025.01.16	01:33:39.164	1.22392	1.22396			6
2025.01.16	01:33:41.602	1.22393	1.22397			6
2025.01.16	01:33:56.264		1.22396			4
2025.01.16	01:33:59.325	1.22392	1.22395			6
2025.01.16	01:33:59.628	1.22391	1.22394			6
2025.01.16	01:34:00.238	1.22391	1.22395			6
2025.01.16	01:34:04.215	1.22390	1.22394			6
2025.01.16	01:34:06.043	1.22391	1.22395			6
2025.01.16	01:34:06.647	1.22390	1.22394			6
2025.01.16	01:34:08.183		1.22393			4
2025.01.16	01:34:08.484	1.22391	1.22394			6
2025.01.16	01:34:09.095	1.22390				2
2025.01.16	01:34:10.322	1.22391	1.22395			6
2025.01.16	01:34:10.627	1.22390	1.22394			6
2025.01.16	01:34:15.207	1.22391				2
2025.01.16	01:34:17.045	1.22390	1.22393			6
2025.01.16	01:34:28.650	1.22387	1.22390			6
2025.01.16	01:34:28.956	1.22388	1.22391			6
2025.01.16	01:34:29.257	1.22387				2
2025.01.16	01:34:30.781	1.22386	1.22390			6
2025.01.16	01:34:31.388	1.22387	1.22391			6
2025.01.16	01:34:32.001	1.22386	1.22390			6
2025.01.16	01:34:32.311	1.22387	1.22391			6
2025.01.16	01:34:32.617	1.22386	1.22390			6
2025.01.16	01:34:43.322	1.22387	1.22391			6
2025.01.16	01:34:43.934	1.22386	1.22390			6
2025.01.16	01:34:55.324		1.22389			4
2025.01.16	01:34:57.768	1.22387	1.22390			6
2025.01.16	01:34:58.071	1.22390	1.22393			6
2025.01.16	01:34:59.282		1.22394			4
2025.01.16	01:35:00.207	1.22390				2
2025.01.16	01:35:00.818	1.22392	1.22396			6
2025.01.16	01:35:01.134	1.22393	1.22397			6
2025.01.16	01:35:01.437	1.22392	1.22396			6
2025.01.16	01:35:02.043	1.22391	1.22395			6
2025.01.16	01:35:02.357	1.22390				2
2025.01.16	01:35:03.281	1.22391				2
2025.01.16	01:35:04.201	1.22390				2
2025.01.16	01:35:05.736	1.22391	1.22396			6
2025.01.16	01:35:06.352	1.22390	1.22395			6
2025.01.16	01:35:09.121	1.22391				2
2025.01.16	01:35:15.266	1.22390	1.22392			6
2025.01.16	01:35:15.569	1.22386	1.22390			6
2025.01.16	01:35:15.880	1.22385	1.22389			6
2025.01.16	01:35:16.193	1.22384	1.22390			6
2025.01.16	01:35:24.193	1.22385	1.22391			6
2025.01.16	01:35:28.493	1.22384	1.22390			6
2025.01.16	01:35:33.111	1.22385				2
2025.01.16	01:35:39.868	1.22384	1.22389			6
2025.01.16	01:35:45.416	1.22385	1.22390			6
2025.01.16	01:35:47.883	1.22384	1.22389			6
2025.01.16	01:35:48.497	1.22385	1.22390			6
2025.01.16	01:35:51.255	1.22379	1.22384			6
2025.01.16	01:35:52.178		1.22385			4
2025.01.16	01:36:00.165	1.22379				2
2025.01.16	01:36:07.251	1.22380				2
2025.01.16	01:36:10.019	1.22379	1.22384			6
2025.01.16	01:36:10.325	1.22380	1.22385			6
2025.01.16	01:36:17.696	1.22379	1.22384			6
2025.01.16	01:36:20.459	1.22380	1.22385			6
2025.01.16	01:36:29.386		1.22384			4
2025.01.16	01:36:40.066	1.22381	1.22385			6
2025.01.16	01:36:45.251	1.22380	1.22384			6
2025.01.16	01:36:45.555	1.22381	1.22385			6
2025.01.16	01:37:00.217	1.22381				2
2025.01.16	01:37:00.520	1.22380	1.22384			6
2025.01.16	01:37:01.745	1.22381	1.22385			6
2025.01.16	01:37:05.104		1.22384			4
2025.01.16	01:37:20.410	1.22388	1.22390			6
2025.01.16	01:37:20.713	1.22386	1.22389			6
2025.01.16	01:37:22.242	1.22385	1.22390			6
2025.01.16	01:37:23.773	1.22390	1.22394			6
2025.01.16	01:37:24.077	1.22389				2
2025.01.16	01:37:24.384		1.22393			4
2025.01.16	01:37:25.296		1.22394			4
2025.01.16	01:37:46.370		1.22393			4
2025.01.16	01:38:00.148	1.22389				2
2025.01.16	01:38:13.341	1.22391	1.22395			6
2025.01.16	01:38:23.479	1.22392	1.22396			6
2025.01.16	01:38:33.301		1.22395			4
2025.01.16	01:38:39.405	1.22391	1.22394			6
2025.01.16	01:39:00.153	1.22391				2
2025.01.16	01:39:01.073	1.22390	1.22393			6
2025.01.16	01:39:33.508	1.22391	1.22394			6
2025.01.16	01:39:45.392	1.22392	1.22395			6
2025.01.16	01:39:45.693	1.22395	1.22398			6
2025.01.16	01:39:47.219	1.22394				2
2025.01.16	01:39:49.673	1.22392	1.22396			6
2025.01.16	01:39:57.967	1.22393	1.22397			6
2025.01.16	01:40:00.110	1.22393				2
2025.01.16	01:40:11.168	1.22394				2
2025.01.16	01:40:12.086	1.22395	1.22398			6
2025.01.16	01:40:13.314	1.22394				2
2025.01.16	01:40:16.377	1.22395				2
2025.01.16	01:40:16.679	1.22394	1.22397			6
2025.01.16	01:40:17.298		1.22398			4
2025.01.16	01:40:18.218		1.22397			4
2025.01.16	01:40:36.959	1.22393	1.22396			6
2025.01.16	01:40:40.635	1.22395				2
2025.01.16	01:40:40.946	1.22400	1.22403			6
2025.01.16	01:40:41.249	1.22399	1.22405			6
2025.01.16	01:40:45.241		1.22404			4
2025.01.16	01:40:46.470	1.22400	1.22405			6
2025.01.16	01:40:46.774	1.22399	1.22404			6
2025.01.16	01:40:54.448	1.22400	1.22405			6
2025.01.16	01:40:55.368	1.22399	1.22404			6
2025.01.16	01:41:00.271	1.22399				2
2025.01.16	01:41:13.155		1.22403			4
2025.01.16	01:41:20.192	1.22400	1.22404			6
2025.01.16	01:41:20.502	1.22399	1.22403			6
2025.01.16	01:41:26.634	1.22398	1.22402			6
2025.01.16	01:41:27.561	1.22399	1.22403			6
2025.01.16	01:41:48.147	1.22393	1.22397			6
2025.01.16	01:41:48.456	1.22392	1.22396			6
2025.01.16	01:41:49.375	1.22390	1.22397			6
2025.01.16	01:41:50.914	1.22394	1.22400			6
2025.01.16	01:41:52.454	1.22393	1.22399			6
2025.01.16	01:41:54.293	1.22394	1.22400			6
2025.01.16	01:41:54.599	1.22393				2
2025.01.16	01:42:00.124	1.22393				2
2025.01.16	01:42:04.118		1.22398			4
2025.01.16	01:42:05.048		1.22400			4
2025.01.16	01:42:05.668	1.22394	1.22401			6
2025.01.16	01:42:05.972	1.22393	1.22398			6
2025.01.16	01:42:09.657	1.22394	1.22399			6
2025.01.16	01:42:12.110	1.22393	1.22398			6
2025.01.16	01:42:12.418	1.22394				2
2025.01.16	01:42:12.725	1.22393				2
2025.01.16	01:42:13.655		1.22397			4
2025.01.16	01:42:13.965		1.22398			4
2025.01.16	01:42:20.120		1.22399			4
2025.01.16	01:42:20.422		1.22398			4
2025.01.16	01:42:21.051	1.22392	1.22397			6
2025.01.16	01:42:25.050	1.22393	1.22399			6
2025.01.16	01:42:25.353	1.22394	1.22400			6
2025.01.16	01:42:35.190		1.22399			4
2025.01.16	01:42:36.419	1.22395	1.22400			6
2025.01.16	01:42:45.350	1.22394	1.22399			6
2025.01.16	01:42:51.503	1.22395	1.22400			6
2025.01.16	01:43:00.116	1.22395				2
2025.01.16	01:43:02.887	1.22394	1.22399			6
2025.01.16	01:43:07.196	1.22395				2
2025.01.16	01:43:09.946	1.22396	1.22400			6
2025.01.16	01:43:11.472	1.22395	1.22399			6
2025.01.16	01:43:16.664	1.22399	1.22403			6
2025.01.16	01:43:16.969	1.22401	1.22405			6
2025.01.16	01:43:17.589	1.22402	1.22406			6
2025.01.16	01:43:17.895	1.22400	1.22404			6
2025.01.16	01:43:18.201	1.22399	1.22405			6
2025.01.16	01:43:19.436	1.22395	1.22401			6
2025.01.16	01:43:21.283		1.22402			4
2025.01.16	01:43:28.366		1.22401			4
2025.01.16	01:43:37.600	1.22398	1.22404			6
2025.01.16	01:43:37.907	1.22399	1.22405			6
2025.01.16	01:43:40.365	1.22401	1.22407			6
2025.01.16	01:43:40.670	1.22400	1.22406			6
2025.01.16	01:43:47.143	1.22402	1.22408			6
2025.01.16	01:44:00.068	1.22402				2
2025.01.16	01:44:01.294	1.22401	1.22407			6
2025.01.16	01:44:01.601	1.22402	1.22408			6
2025.01.16	01:44:08.994	1.22401	1.22407			6
2025.01.16	01:44:09.299	1.22402				2
2025.01.16	01:44:25.306	1.22404	1.22409			6
2025.01.16	01:44:28.387	1.22406	1.22411			6
2025.01.16	01:44:29.616	1.22405	1.22410			6
2025.01.16	01:44:29.929	1.22406	1.22411			6
2025.01.16	01:44:37.009	1.22410	1.22415			6
2025.01.16	01:44:38.243	1.22409				2
2025.01.16	01:44:42.237	1.22410				2
2025.01.16	01:44:47.750	1.22409	1.22414			6
2025.01.16	01:44:48.062	1.22410	1.22415			6
2025.01.16	01:44:48.671	1.22409	1.22414			6
2025.01.16	01:44:52.048	1.22410	1.22415			6
2025.01.16	01:44:54.196	1.22409	1.22413			6
2025.01.16	01:44:54.503		1.22414			4
2025.01.16	01:45:00.032	1.22409				2
2025.01.16	01:45:01.264	1.22405	1.22410			6
2025.01.16	01:45:01.569	1.22406	1.22411			6
2025.01.16	01:45:01.878	1.22407	1.22412			6
2025.01.16	01:45:06.176	1.22406	1.22411			6
2025.01.16	01:45:06.786	1.22407	1.22412			6
2025.01.16	01:45:08.017	1.22406	1.22411			6
2025.01.16	01:45:08.940	1.22407	1.22412			6
2025.01.16	01:45:17.549	1.22406	1.22411			6
2025.01.16	01:45:17.862	1.22407	1.22412			6
2025.01.16	01:45:23.395	1.22409				2
2025.01.16	01:45:29.265	1.22413	1.22416			6
2025.01.16	01:45:30.190	1.22412				2
2025.01.16	01:45:30.800	1.22411				2
2025.01.16	01:45:36.630	1.22412				2
2025.01.16	01:45:37.240	1.22411				2
2025.01.16	01:45:37.548	1.22410	1.22415			6
2025.01.16	01:45:38.162		1.22416			4
2025.01.16	01:45:40.310		1.22415			4
2025.01.16	01:45:44.306	1.22411	1.22416			6
2025.01.16	01:45:49.229	1.22410	1.22415			6
2025.01.16	01:45:49.535	1.22411	1.22416			6
2025.01.16	01:45:50.150	1.22410	1.22415			6
2025.01.16	01:45:50.454	1.22408	1.22413			6
2025.01.16	01:45:51.069	1.22409	1.22414			6
2025.01.16	01:45:54.143	1.22407	1.22412			6
2025.01.16	01:45:55.373		1.22413			4
2025.01.16	01:45:57.525	1.22408	1.22414			6
2025.01.16	01:46:00.294	1.22408				2
2025.01.16	01:46:01.223	1.22409				2
2025.01.16	01:46:08.296	1.22408	1.22412			6
2025.01.16	01:46:10.140	1.22409	1.22414			6
2025.01.16	01:46:10.444	1.22408	1.22413			6
2025.01.16	01:46:15.375	1.22410	1.22415			6
2025.01.16	01:46:15.677	1.22408	1.22413			6
2025.01.16	01:46:15.994	1.22409	1.22414			6
2025.01.16	01:46:20.914	1.22410	1.22415			6
2025.01.16	01:46:23.079	1.22409	1.22414			6
2025.01.16	01:46:24.003	1.22410	1.22415			6
2025.01.16	01:46:31.393		1.22414			4
2025.01.16	01:46:37.224	1.22409	1.22413			6
2025.01.16	01:46:39.073	1.22410	1.22414			6
2025.01.16	01:46:39.389	1.22409	1.22413			6
2025.01.16	01:46:40.933	1.22411	1.22415			6
2025.01.16	01:46:41.258	1.22410	1.22414			6
2025.01.16	01:46:51.091	1.22414	1.22418			6
2025.01.16	01:46:52.322	1.22413				2
2025.01.16	01:46:54.169	1.22414				2
2025.01.16	01:46:58.483	1.22412	1.22416			6
2025.01.16	01:46:59.402		1.22417			4
2025.01.16	01:47:00.021	1.22412				2
2025.01.16	01:47:04.320		1.22416			4
2025.01.16	01:47:43.351		1.22415			4
2025.01.16	01:48:00.091	1.22412				2
2025.01.16	01:48:20.247	1.22421	1.22424			6
2025.01.16	01:48:21.157	1.22419	1.22426			6
2025.01.16	01:48:27.000	1.22416	1.22423			6
2025.01.16	01:48:27.302	1.22415	1.22422			6
2025.01.16	01:48:32.224	1.22419	1.22426			6
2025.01.16	01:48:33.147	1.22417	1.22424			6
2025.01.16	01:48:41.132	1.22414	1.22421			6
2025.01.16	01:48:41.440	1.22412	1.22419			6
2025.01.16	01:48:41.749	1.22413				2
2025.01.16	01:48:46.655	1.22412				2
2025.01.16	01:48:53.141	1.22410	1.22417			6
2025.01.16	01:48:58.054	1.22412	1.22419			6
2025.01.16	01:49:00.206	1.22412				2
2025.01.16	01:49:16.207	1.22413				2
2025.01.16	01:49:22.677	1.22420	1.22426			6
2025.01.16	01:49:24.221	1.22419				2
2025.01.16	01:49:38.997	1.22420	1.22427			6
2025.01.16	01:49:51.316	1.22421				2
2025.01.16	01:49:55.933	1.22422				2
2025.01.16	01:49:59.010	1.22421				2
2025.01.16	01:50:00.241	1.22421				2
2025.01.16	01:50:02.701	1.22423	1.22429			6
2025.01.16	01:50:09.464	1.22424	1.22430			6
2025.01.16	01:50:10.697	1.22423	1.22429			6
2025.01.16	01:50:12.538	1.22421	1.22427			6
2025.01.16	01:50:16.230	1.22424	1.22430			6
2025.01.16	01:50:22.995	1.22425	1.22431			6
2025.01.16	01:50:28.845	1.22426	1.22432			6
2025.01.16	01:50:30.994	1.22430	1.22436			6
2025.01.16	01:50:32.536		1.22437			4
2025.01.16	01:50:36.218		1.22436			4
2025.01.16	01:50:39.297	1.22429	1.22435			6
2025.01.16	01:50:41.146	1.22422	1.22428			6
2025.01.16	01:50:41.755	1.22423	1.22429			6
2025.01.16	01:50:42.373	1.22422				2
2025.01.16	01:50:42.989		1.22428			4
2025.01.16	01:50:49.144	1.22421				2
2025.01.16	01:51:00.234	1.22421				2
2025.01.16	01:51:01.468	1.22425	1.22432			6
2025.01.16	01:51:01.775		1.22431			4
2025.01.16	01:51:02.084	1.22424				2
2025.01.16	01:51:08.243	1.22425				2
2025.01.16	01:51:11.625	1.22422	1.22429			6
2025.01.16	01:51:12.861	1.22423	1.22430			6
2025.01.16	01:51:16.557	1.22425	1.22431			6
2025.01.16	01:51:17.791	1.22424				2
2025.01.16	01:51:20.549		1.22430			4
2025.01.16	01:51:27.628	1.22425				2
2025.01.16	01:51:29.478	1.22424				2
2025.01.16	01:51:30.091	1.22423	1.22428			6
2025.01.16	01:51:32.857	1.22422				2
2025.01.16	01:51:33.169	1.22421	1.22427			6
2025.01.16	01:51:37.168	1.22422	1.22428			6
2025.01.16	01:51:42.712	1.22420	1.22426			6
2025.01.16	01:51:46.098	1.22421	1.22427			6
2025.01.16	01:51:48.253	1.22422	1.22428			6
2025.01.16	01:51:48.867	1.22420	1.22426			6
2025.01.16	01:51:53.175	1.22421				2
2025.01.16	01:52:00.209	1.22421				2
2025.01.16	01:52:05.735	1.22422	1.22427			6
2025.01.16	01:52:09.121	1.22421	1.22426			6
2025.01.16	01:52:11.266	1.22422				2
2025.01.16	01:52:17.972	1.22421	1.22425			6
2025.01.16	01:52:20.398	1.22420	1.22424			6
2025.01.16	01:52:21.002	1.22421	1.22425			6
2025.01.16	01:52:30.777	1.22420	1.22424			6
2025.01.16	01:52:31.391	1.22421	1.22425			6
2025.01.16	01:52:31.692	1.22420	1.22424			6
2025.01.16	01:52:37.184	1.22421				2
2025.01.16	01:52:51.476	1.22422	1.22425			6
2025.01.16	01:53:00.019	1.22422				2
2025.01.16	01:53:00.321	1.22421	1.22424			6
2025.01.16	01:53:04.888	1.22423	1.22426			6
2025.01.16	01:53:06.724	1.22422	1.22425			6
2025.01.16	01:53:11.001	1.22421	1.22424			6
2025.01.16	01:53:40.612	1.22422	1.22425			6
2025.01.16	01:53:46.097	1.22421	1.22424			6
2025.01.16	01:53:47.013	1.22422	1.22425			6
2025.01.16	01:54:00.192	1.22422				2
2025.01.16	01:54:01.106	1.22420	1.22423			6
2025.01.16	01:54:02.331	1.22421	1.22424			6
2025.01.16	01:54:50.248	1.22422	1.22425			6
2025.01.16	01:55:00.097	1.22422				2
2025.01.16	01:55:04.088	1.22421	1.22424			6
2025.01.16	01:55:04.398	1.22422	1.22425			6
2025.01.16	01:55:14.258	1.22424	1.22427			6
2025.01.16	01:55:14.567	1.22423	1.22426			6
2025.01.16	01:55:20.718	1.22424	1.22427			6
2025.01.16	01:55:23.180	1.22423	1.22426			6
2025.01.16	01:55:24.112	1.22424	1.22427			6
2025.01.16	01:55:25.337	1.22425	1.22428			6
2025.01.16	01:55:25.953	1.22424	1.22427			6
2025.01.16	01:55:30.242	1.22421	1.22424			6
2025.01.16	01:55:31.168	1.22420				2
2025.01.16	01:55:48.104	1.22421				2
2025.01.16	01:56:00.106	1.22421				2
2025.01.16	01:56:28.126	1.22422	1.22425			6
2025.01.16	01:56:56.090	1.22421	1.22424			6
2025.01.16	01:57:00.070	1.22421				2
2025.01.16	01:57:00.380	1.22422	1.22425			6
2025.01.16	01:57:11.760	1.22425	1.22428			6
2025.01.16	01:57:12.371		1.22429			4
2025.01.16	01:57:14.220	1.22430	1.22434			6
2025.01.16	01:57:15.149	1.22429	1.22435			6
2025.01.16	01:57:30.197		1.22433			4
2025.01.16	01:57:30.500		1.22434			4
2025.01.16	01:57:45.243	1.22428	1.22433			6
2025.01.16	01:57:45.557	1.22429	1.22434			6
2025.01.16	01:57:47.396		1.22433			4
2025.01.16	01:57:59.683	1.22422	1.22426			6
2025.01.16	01:58:00.299	1.22421	1.22427			6
2025.01.16	01:58:07.370	1.22422	1.22429			6
2025.01.16	01:58:14.153	1.22421	1.22427			6
2025.01.16	01:58:14.454		1.22426			4
2025.01.16	01:58:14.761		1.22427			4
2025.01.16	01:58:28.902	1.22423	1.22429			6
2025.01.16	01:58:29.517	1.22420	1.22427			6
2025.01.16	01:58:29.826	1.22421				2
2025.01.16	01:58:34.744	1.22422	1.22428			6
2025.01.16	01:58:36.293	1.22421				2
2025.01.16	01:58:36.597		1.22427			4
2025.01.16	01:58:42.148	1.22419	1.22426			6
2025.01.16	01:58:42.759		1.22425			4
2025.01.16	01:58:51.822	1.22421	1.22427			6
2025.01.16	01:58:52.126	1.22420				2
2025.01.16	01:58:57.352	1.22419	1.22425			6
2025.01.16	01:58:59.500	1.22420	1.22426			6
2025.01.16	01:59:00.119	1.22420				2
2025.01.16	01:59:02.269		1.22425			4
2025.01.16	01:59:02.883	1.22421	1.22426			6
2025.01.16	01:59:05.647	1.22422	1.22427			6
2025.01.16	01:59:08.419	1.22431	1.22435			6
2025.01.16	01:59:09.340		1.22436			4
2025.01.16	01:59:09.961	1.22429				2
2025.01.16	01:59:10.574	1.22431	1.22437			6
2025.01.16	01:59:11.495	1.22430				2
2025.01.16	01:59:12.105	1.22431				2
2025.01.16	01:59:12.417	1.22430				2
2025.01.16	01:59:15.492	1.22429	1.22433			6
2025.01.16	01:59:16.416		1.22432			4
2025.01.16	01:59:19.179	1.22424	1.22430			6
2025.01.16	01:59:19.484	1.22423	1.22428			6
2025.01.16	01:59:20.100	1.22422				2
2025.01.16	01:59:26.241	1.22420	1.22425			6
2025.01.16	01:59:29.629	1.22419	1.22426			6
2025.01.16	01:59:30.554	1.22420	1.22425			6
2025.01.16	01:59:31.476		1.22426			4
2025.01.16	01:59:32.703	1.22419	1.22425			6
2025.01.16	01:59:33.625		1.22426			4
2025.01.16	01:59:33.934	1.22422				2
2025.01.16	01:59:39.161	1.22420				2
2025.01.16	01:59:40.392	1.22418	1.22425			6
2025.01.16	01:59:45.308	1.22419	1.22424			6
2025.01.16	01:59:45.923		1.22425			4
2025.01.16	01:59:50.534		1.22424			4
2025.01.16	01:59:51.450		1.22425			4
2025.01.16	01:59:53.596	1.22422	1.22428			6
2025.01.16	01:59:54.208	1.22423	1.22429			6
2025.01.16	01:59:54.513	1.22422				2
2025.01.16	01:59:54.817		1.22428			4
2025.01.16	01:59:56.055		1.22429			4
2025.01.16	01:59:59.731		1.22428			4
2025.01.16	02:00:00.043	1.22422				2
2025.01.16	02:00:02.192		1.22429			4
2025.01.16	02:00:02.496	1.22426				2
2025.01.16	02:00:02.805	1.22425	1.22428			6
2025.01.16	02:00:04.946	1.22424	1.22429			6
2025.01.16	02:00:05.252	1.22428				2
2025.01.16	02:00:05.560	1.22430	1.22433			6
2025.01.16	02:00:09.242	1.22429	1.22432			6
2025.01.16	02:00:10.774	1.22432	1.22435			6
2025.01.16	02:00:11.081		1.22434			4
2025.01.16	02:00:11.384	1.22433	1.22436			6
2025.01.16	02:00:14.158	1.22434	1.22437			6
2025.01.16	02:00:14.469	1.22435	1.22439			6
2025.01.16	02:00:14.775	1.22433				2
2025.01.16	02:00:22.761	1.22434				2
2025.01.16	02:00:23.383	1.22433	1.22440			6
2025.01.16	02:00:23.686	1.22432	1.22438			6
2025.01.16	02:00:25.841		1.22439			4
2025.01.16	02:00:26.456	1.22429	1.22436			6
2025.01.16	02:00:26.760		1.22435			4
2025.01.16	02:00:28.913	1.22430	1.22434			6
2025.01.16	02:00:30.758	1.22429	1.22431			6
2025.01.16	02:00:34.753	1.22433	1.22437			6
2025.01.16	02:00:35.368		1.22436			4
2025.01.16	02:00:35.983	1.22431	1.22435			6
2025.01.16	02:00:36.289	1.22423	1.22424			6
2025.01.16	02:00:37.210	1.22414	1.22417			6
2025.01.16	02:00:37.516	1.22415				2
2025.01.16	02:00:38.131	1.22417	1.22418			6
2025.01.16	02:00:38.440	1.22415	1.22419			6
2025.01.16	02:00:38.745		1.22418			4
2025.01.16	02:00:39.050	1.22416				2
2025.01.16	02:00:39.670	1.22415				2
2025.01.16	02:00:40.287	1.22413	1.22417			6
2025.01.16	02:00:40.588	1.22412	1.22416			6
2025.01.16	02:00:41.210	1.22411	1.22415			6
2025.01.16	02:00:42.442	1.22410	1.22413			6
2025.01.16	02:00:42.751		1.22414			4
2025.01.16	02:00:43.372		1.22413			4
2025.01.16	02:00:43.677	1.22409				2
2025.01.16	02:00:46.131	1.22410	1.22414			6
2025.01.16	02:00:47.052	1.22411	1.22415			6
2025.01.16	02:00:47.662	1.22410	1.22414			6
2025.01.16	02:00:47.972	1.22411	1.22415			6
2025.01.16	02:00:48.897	1.22413	1.22416			6
2025.01.16	02:00:49.207		1.22417			4
2025.01.16	02:00:49.515	1.22415	1.22418			6
2025.01.16	02:00:49.821	1.22412	1.22417			6
2025.01.16	02:00:50.744	1.22413				2
2025.01.16	02:00:51.054		1.22418			4
2025.01.16	02:00:51.362		1.22417			4
2025.01.16	02:00:51.671		1.22416			4
2025.01.16	02:00:51.976		1.22417			4
2025.01.16	02:00:52.285		1.22416			4
2025.01.16	02:00:52.593	1.22411				2
2025.01.16	02:00:52.899	1.22412	1.22417			6
2025.01.16	02:00:53.207	1.22413				2
2025.01.16	02:00:53.516		1.22416			4
2025.01.16	02:00:56.586	1.22411				2
2025.01.16	02:00:58.123		1.22417			4
2025.01.16	02:00:59.044		1.22416			4
2025.01.16	02:01:00.270	1.22416	1.22417			6
2025.01.16	02:01:00.577	1.22418	1.22422			6
2025.01.16	02:01:01.505		1.22421			4
2025.01.16	02:01:04.267		1.22423			4
2025.01.16	02:01:05.191		1.22422			4
2025.01.16	02:01:06.113	1.22417				2
2025.01.16	02:01:07.341	1.22416	1.22421			6
2025.01.16	02:01:07.650		1.22420			4
2025.01.16	02:01:11.350	1.22418	1.22422			6
2025.01.16	02:01:11.963	1.22420	1.22426			6
2025.01.16	02:01:12.265	1.22421	1.22427			6
2025.01.16	02:01:16.576		1.22426			4
2025.01.16	02:01:20.259	1.22418	1.22422			6
2025.01.16	02:01:20.565	1.22419				2
2025.01.16	02:01:30.100		1.22423			4
2025.01.16	02:01:32.869		1.22422			4
2025.01.16	02:01:34.097		1.22423			4
2025.01.16	02:01:36.245		1.22422			4
2025.01.16	02:01:43.619		1.22423			4
2025.01.16	02:01:46.685	1.22418	1.22421			6
2025.01.16	02:01:46.998		1.22420			4
2025.01.16	02:01:48.533	1.22417				2
2025.01.16	02:01:49.460	1.22413	1.22417			6
2025.01.16	02:01:49.765	1.22412				2
2025.01.16	02:01:50.073	1.22413	1.22416			6
2025.01.16	02:01:52.531	1.22415	1.22418			6
2025.01.16	02:01:53.147	1.22412	1.22417			6
2025.01.16	02:01:53.451	1.22413				2
2025.01.16	02:01:54.065		1.22416			4
2025.01.16	02:01:55.917	1.22412				2
2025.01.16	02:01:56.221		1.22418			4
2025.01.16	02:01:56.524	1.22411	1.22413			6
2025.01.16	02:01:56.839	1.22413	1.22417			6
2025.01.16	02:01:57.141	1.22412	1.22416			6
2025.01.16	02:01:57.444		1.22417			4
2025.01.16	02:01:58.986	1.22413				2
2025.01.16	02:02:00.215	1.22413				2
2025.01.16	02:02:03.285	1.22409	1.22413			6
2025.01.16	02:02:10.661	1.22408				2
2025.01.16	02:02:10.968	1.22409				2
2025.01.16	02:02:14.045	1.22410				2
2025.01.16	02:02:14.660		1.22414			4
2025.01.16	02:02:16.814	1.22409	1.22413			6
2025.01.16	02:02:18.350	1.22408	1.22412			6
2025.01.16	02:02:20.196		1.22410			4
2025.01.16	02:02:23.880	1.22407				2
2025.01.16	02:02:24.494	1.22408				2
2025.01.16	02:02:25.420	1.22403	1.22407			6
2025.01.16	02:02:25.723	1.22405	1.22409			6
2025.01.16	02:02:27.571	1.22406	1.22410			6
2025.01.16	02:02:27.879	1.22401	1.22406			6
2025.01.16	02:02:28.189	1.22402	1.22407			6
2025.01.16	02:02:28.805	1.22404	1.22408			6
2025.01.16	02:02:29.114	1.22402				2
2025.01.16	02:02:29.419	1.22403				2
2025.01.16	02:02:36.798	1.22405	1.22409			6
2025.01.16	02:02:37.102		1.22410			4
2025.01.16	02:02:37.409		1.22411			4
2025.01.16	02:02:38.945	1.22406				2
2025.01.16	02:02:39.254	1.22405	1.22410			6
2025.01.16	02:02:39.562	1.22403	1.22408			6
2025.01.16	02:02:44.183	1.22404				2
2025.01.16	02:02:50.335	1.22403				2
2025.01.16	02:03:00.190	1.22405	1.22409			6
2025.01.16	02:03:00.806	1.22404	1.22408			6
2025.01.16	02:03:02.040	1.22405	1.22409			6
2025.01.16	02:03:04.802	1.22409	1.22413			6
2025.01.16	02:03:07.576	1.22408	1.22412			6
2025.01.16	02:03:12.190	1.22409	1.22413			6
2025.01.16	02:03:12.501	1.22410	1.22414			6
2025.01.16	02:03:18.320		1.22413			4
2025.01.16	02:03:19.242	1.22409				2
2025.01.16	02:03:19.545	1.22410				2
2025.01.16	02:03:19.846	1.22409				2
2025.01.16	02:03:20.158	1.22410				2
2025.01.16	02:03:21.066	1.22409	1.22412			6
2025.01.16	02:03:21.368		1.22414			4
2025.01.16	02:03:21.670	1.22410				2
2025.01.16	02:03:28.061		1.22413			4
2025.01.16	02:03:28.664		1.22412			4
2025.01.16	02:03:28.976		1.22413			4
2025.01.16	02:03:31.428	1.22409				2
2025.01.16	02:03:31.733		1.22412			4
