<DATE>	<TIME>	<BID>	<ASK>	<LAST>	<VOLUME>	<FLAGS>
2025.10.10	00:03:30.644	1.32953	1.33062			6
2025.10.10	00:04:00.198	1.32953				2
2025.10.10	00:04:30.853		1.33062			4
2025.10.10	00:05:00.024	1.32953				2
2025.10.10	00:05:31.130		1.33062			4
2025.10.10	00:06:00.089	1.32953				2
2025.10.10	00:06:31.184		1.33062			4
2025.10.10	00:07:00.178	1.32953				2
2025.10.10	00:07:31.404		1.33062			4
2025.10.10	00:07:39.449	1.32951	1.33063			6
2025.10.10	00:08:00.150	1.32951				2
2025.10.10	00:08:39.610		1.33063			4
2025.10.10	00:08:51.325	1.32953				2
2025.10.10	00:09:00.269	1.32953				2
2025.10.10	00:09:39.713		1.33063			4
2025.10.10	00:10:00.104	1.32953				2
2025.10.10	00:10:39.841		1.33063			4
2025.10.10	00:10:51.202	1.32952				2
2025.10.10	00:11:00.096	1.32952				2
2025.10.10	00:11:40.125		1.33063			4
2025.10.10	00:12:00.190	1.32952				2
2025.10.10	00:12:40.305		1.33063			4
2025.10.10	00:13:00.181	1.32952				2
2025.10.10	00:13:40.592		1.33063			4
2025.10.10	00:14:00.051	1.32952				2
2025.10.10	00:14:40.748		1.33063			4
2025.10.10	00:15:00.130	1.32952				2
2025.10.10	00:15:00.438	1.32950				2
2025.10.10	00:15:40.773		1.33063			4
2025.10.10	00:16:00.141	1.32950				2
2025.10.10	00:16:07.229	1.32896	1.33130			6
2025.10.10	00:16:07.849	1.32950	1.33063			6
2025.10.10	00:17:00.300	1.32950				2
2025.10.10	00:17:08.005	1.32951	1.33063			6
2025.10.10	00:18:00.172	1.32951				2
2025.10.10	00:18:08.199		1.33063			4
2025.10.10	00:19:00.061	1.32951				2
2025.10.10	00:19:07.775	1.32952				2
2025.10.10	00:19:08.396		1.33063			4
2025.10.10	00:19:46.025	1.32960	1.33069			6
2025.10.10	00:19:46.332		1.33075			4
2025.10.10	00:19:46.956	1.32955				2
2025.10.10	00:19:54.657	1.32953				2
2025.10.10	00:20:00.209	1.32952	1.33129			6
2025.10.10	00:20:40.777		1.33128			4
2025.10.10	00:20:53.986	1.32956				2
2025.10.10	00:20:57.950	1.32954				2
2025.10.10	00:20:58.758	1.32951				2
2025.10.10	00:21:01.389	1.32951				2
2025.10.10	00:21:41.376		1.33128			4
2025.10.10	00:21:53.352	1.32958	1.33120			6
2025.10.10	00:22:01.164	1.32958				2
2025.10.10	00:22:57.870		1.33120			4
2025.10.10	00:23:02.630	1.32958				2
2025.10.10	00:23:13.172	1.32969				2
2025.10.10	00:23:16.032	1.32971	1.33121			6
2025.10.10	00:23:32.820	1.32975				2
2025.10.10	00:24:00.540	1.32975				2
2025.10.10	00:24:13.085	1.32974				2
2025.10.10	00:24:14.309		1.33120			4
2025.10.10	00:24:15.239	1.32975				2
2025.10.10	00:24:16.466	1.32974				2
2025.10.10	00:24:17.083	1.32975				2
2025.10.10	00:24:19.547	1.32974				2
2025.10.10	00:24:20.468	1.32975				2
2025.10.10	00:24:23.243	1.32974				2
2025.10.10	00:24:24.170	1.32975				2
2025.10.10	00:24:24.485	1.32974				2
2025.10.10	00:24:25.098	1.32975				2
2025.10.10	00:24:27.261	1.32974				2
2025.10.10	00:25:00.102	1.32974				2
2025.10.10	00:25:14.281		1.33119			4
2025.10.10	00:26:00.098	1.32974				2
2025.10.10	00:26:14.275		1.33116			4
2025.10.10	00:26:17.360	1.32997				2
2025.10.10	00:26:21.967		1.33108			4
2025.10.10	00:26:24.422	1.32992				2
2025.10.10	00:26:32.364		1.33116			4
2025.10.10	00:26:32.676		1.33108			4
2025.10.10	00:26:33.285		1.33116			4
2025.10.10	00:26:33.588		1.33108			4
2025.10.10	00:26:33.889		1.33116			4
2025.10.10	00:26:34.195		1.33108			4
2025.10.10	00:26:34.498		1.33116			4
2025.10.10	00:26:40.012	1.32974				2
2025.10.10	00:26:51.404	1.32992				2
2025.10.10	00:27:00.011	1.32992				2
2025.10.10	00:27:07.688	1.32974				2
2025.10.10	00:27:22.766	1.32993				2
2025.10.10	00:27:28.269	1.32974				2
2025.10.10	00:27:34.734		1.33116			4
2025.10.10	00:27:35.657	1.33014	1.33104			6
2025.10.10	00:27:35.964	1.33010				2
2025.10.10	00:27:52.605	1.33012				2
2025.10.10	00:28:00.278	1.33012				2
2025.10.10	00:28:15.635	1.33015	1.33105			6
2025.10.10	00:28:16.559	1.33012	1.33104			6
2025.10.10	00:28:20.862	1.33010				2
2025.10.10	00:28:26.693	1.33012				2
2025.10.10	00:28:26.995	1.33010				2
2025.10.10	00:28:29.754	1.33013				2
2025.10.10	00:28:31.277	1.33010				2
2025.10.10	00:28:31.586	1.33013				2
2025.10.10	00:28:31.888	1.33010				2
2025.10.10	00:28:36.787		1.33103			4
2025.10.10	00:28:37.401	1.33012				2
2025.10.10	00:28:38.022	1.33010				2
2025.10.10	00:28:41.685	1.33011				2
2025.10.10	00:28:42.290	1.33010				2
2025.10.10	00:28:42.596	1.33011				2
2025.10.10	00:28:46.604	1.33010				2
2025.10.10	00:28:46.904	1.33011				2
2025.10.10	00:28:47.212	1.33012				2
2025.10.10	00:28:47.514	1.33010				2
2025.10.10	00:28:50.273	1.33011				2
2025.10.10	00:28:51.198	1.33010				2
2025.10.10	00:28:54.567	1.33012				2
2025.10.10	00:29:00.086	1.33012				2
2025.10.10	00:29:07.424	1.33014				2
2025.10.10	00:29:36.840		1.33103			4
2025.10.10	00:29:52.476	1.33009				2
2025.10.10	00:29:53.396		1.33084			4
2025.10.10	00:30:00.379	1.33009				2
2025.10.10	00:30:04.702		1.33103			4
2025.10.10	00:30:13.291	1.33003				2
2025.10.10	00:30:13.593	1.33005				2
2025.10.10	00:30:13.912	1.33004				2
2025.10.10	00:30:14.523	1.33003				2
2025.10.10	00:30:16.062	1.33014				2
2025.10.10	00:30:18.851	1.33016				2
2025.10.10	00:30:28.417	1.33012				2
2025.10.10	00:30:30.269	1.33015				2
2025.10.10	00:30:36.737		1.33104			4
2025.10.10	00:31:00.159	1.33015				2
2025.10.10	00:31:03.547	1.33005	1.33116			6
2025.10.10	00:31:03.856	1.33023	1.33114			6
2025.10.10	00:31:04.352	1.33018				2
2025.10.10	00:31:04.682	1.33017	1.33111			6
2025.10.10	00:31:05.635	1.33013	1.33115			6
2025.10.10	00:31:06.797		1.33113			4
2025.10.10	00:31:08.671		1.33114			4
2025.10.10	00:31:13.594		1.33115			4
2025.10.10	00:31:17.804	1.33017				2
2025.10.10	00:31:18.570	1.33014	1.33122			6
2025.10.10	00:31:20.685		1.33118			4
2025.10.10	00:31:24.082	1.33021	1.33122			6
2025.10.10	00:31:24.389	1.33015	1.33118			6
2025.10.10	00:31:24.697	1.33019	1.33116			6
2025.10.10	00:31:25.001		1.33117			4
2025.10.10	00:31:25.311		1.33111			4
2025.10.10	00:31:25.923	1.33021	1.33106			6
2025.10.10	00:31:26.538		1.33108			4
2025.10.10	00:31:26.843	1.33023	1.33107			6
2025.10.10	00:31:30.847		1.33109			4
2025.10.10	00:31:33.618		1.33107			4
2025.10.10	00:31:33.932		1.33108			4
2025.10.10	00:31:35.163		1.33110			4
2025.10.10	00:31:35.779		1.33109			4
2025.10.10	00:31:38.555	1.33025				2
2025.10.10	00:31:39.166		1.33113			4
2025.10.10	00:31:39.471		1.33115			4
2025.10.10	00:31:40.089		1.33107			4
2025.10.10	00:31:41.014	1.33031	1.33105			6
2025.10.10	00:31:41.318		1.33106			4
2025.10.10	00:31:41.930		1.33107			4
2025.10.10	00:31:42.240		1.33109			4
2025.10.10	00:31:43.161		1.33107			4
2025.10.10	00:31:43.779		1.33102			4
2025.10.10	00:31:45.007		1.33098			4
2025.10.10	00:31:49.308		1.33099			4
2025.10.10	00:31:49.616		1.33101			4
2025.10.10	00:31:51.156		1.33105			4
2025.10.10	00:31:51.467		1.33102			4
2025.10.10	00:31:51.776		1.33101			4
2025.10.10	00:31:52.391		1.33095			4
2025.10.10	00:31:53.014		1.33092			4
2025.10.10	00:31:54.245	1.33030				2
2025.10.10	00:31:57.949		1.33093			4
2025.10.10	00:32:00.105	1.33030				2
2025.10.10	00:32:01.963		1.33094			4
2025.10.10	00:32:02.879		1.33100			4
2025.10.10	00:32:03.191		1.33097			4
2025.10.10	00:32:04.113		1.33114			4
2025.10.10	00:32:39.842	1.33020	1.33116			6
2025.10.10	00:32:40.187		1.33115			4
2025.10.10	00:32:40.527	1.32999	1.33110			6
2025.10.10	00:32:41.567	1.33002	1.33109			6
2025.10.10	00:32:44.869	1.33008	1.33114			6
2025.10.10	00:32:54.456	1.33009	1.33115			6
2025.10.10	00:32:55.061		1.33114			4
2025.10.10	00:32:57.209	1.33012	1.33116			6
2025.10.10	00:32:58.736		1.33115			4
2025.10.10	00:33:00.269	1.33012				2
2025.10.10	00:33:00.883		1.33116			4
2025.10.10	00:33:01.198	1.33013				2
2025.10.10	00:33:02.123		1.33115			4
2025.10.10	00:33:09.535	1.33014				2
2025.10.10	00:33:09.837		1.33112			4
2025.10.10	00:33:10.147		1.33114			4
2025.10.10	00:33:13.853	1.33018	1.33117			6
2025.10.10	00:33:14.164		1.33116			4
2025.10.10	00:33:14.470		1.33117			4
2025.10.10	00:33:18.790		1.33116			4
2025.10.10	00:33:19.096	1.33031				2
2025.10.10	00:33:20.328		1.33117			4
2025.10.10	00:33:22.798		1.33116			4
2025.10.10	00:33:30.125	1.33028				2
2025.10.10	00:33:41.428	1.33031	1.33113			6
2025.10.10	00:34:00.377	1.33031				2
2025.10.10	00:34:13.409		1.33111			4
2025.10.10	00:34:16.798		1.33113			4
2025.10.10	00:34:22.828	1.33033	1.33114			6
2025.10.10	00:34:33.311		1.33090			4
2025.10.10	00:34:33.617		1.33114			4
2025.10.10	00:34:33.928		1.33090			4
2025.10.10	00:34:34.234		1.33114			4
2025.10.10	00:34:34.547		1.33090			4
2025.10.10	00:34:34.876		1.33114			4
2025.10.10	00:34:35.176		1.33090			4
2025.10.10	00:34:35.499		1.33114			4
2025.10.10	00:34:35.808		1.33090			4
2025.10.10	00:34:36.124		1.33114			4
2025.10.10	00:34:36.436		1.33090			4
2025.10.10	00:34:36.757		1.33114			4
2025.10.10	00:34:41.470	1.33021	1.33116			6
2025.10.10	00:34:42.416		1.33115			4
2025.10.10	00:34:43.861		1.33116			4
2025.10.10	00:34:44.363		1.33115			4
2025.10.10	00:34:45.365		1.33113			4
2025.10.10	00:34:47.909	1.33023				2
2025.10.10	00:34:48.316	1.33015				2
2025.10.10	00:34:52.357		1.33114			4
2025.10.10	00:34:53.074	1.33023	1.33112			6
2025.10.10	00:34:53.377		1.33114			4
2025.10.10	00:34:54.572		1.33115			4
2025.10.10	00:34:54.875		1.33114			4
2025.10.10	00:34:55.473		1.33115			4
2025.10.10	00:34:56.071		1.33114			4
2025.10.10	00:34:56.672		1.33113			4
2025.10.10	00:34:57.879		1.33112			4
2025.10.10	00:34:58.425		1.33113			4
2025.10.10	00:35:00.356	1.33023				2
2025.10.10	00:35:02.641	1.33026	1.33112			6
2025.10.10	00:35:03.871		1.33113			4
2025.10.10	00:35:05.075		1.33112			4
2025.10.10	00:35:05.379		1.33113			4
2025.10.10	00:35:05.972		1.33112			4
2025.10.10	00:35:06.378		1.33113			4
2025.10.10	00:35:06.876		1.33112			4
2025.10.10	00:35:07.378		1.33113			4
2025.10.10	00:35:07.875		1.33112			4
2025.10.10	00:35:09.379		1.33113			4
2025.10.10	00:35:09.874		1.33112			4
2025.10.10	00:35:10.380		1.33113			4
2025.10.10	00:35:10.875		1.33112			4
2025.10.10	00:35:12.381		1.33113			4
2025.10.10	00:35:12.874		1.33112			4
2025.10.10	00:35:13.382		1.33113			4
2025.10.10	00:35:13.835		1.33112			4
2025.10.10	00:35:14.469	1.33021				2
2025.10.10	00:35:17.244	1.33026	1.33120			6
2025.10.10	00:35:18.483		1.33119			4
2025.10.10	00:35:32.345		1.33118			4
2025.10.10	00:35:33.583	1.33028				2
2025.10.10	00:35:35.747		1.33120			4
2025.10.10	00:35:36.056	1.33032				2
2025.10.10	00:35:45.564	1.33029	1.33113			6
2025.10.10	00:35:46.182		1.33112			4
2025.10.10	00:35:47.114		1.33113			4
2025.10.10	00:35:47.424		1.33111			4
2025.10.10	00:35:51.279	1.33026	1.33106			6
2025.10.10	00:35:53.323	1.33029	1.33104			6
2025.10.10	00:35:56.688	1.33025	1.33087			6
2025.10.10	00:36:00.138	1.33026				2
2025.10.10	00:36:11.690	1.33025				2
2025.10.10	00:36:19.247	1.33028				2
2025.10.10	00:36:30.366	1.33025				2
2025.10.10	00:36:45.374	1.33026	1.33086			6
2025.10.10	00:36:53.198	1.33028				2
2025.10.10	00:37:00.274	1.33028				2
2025.10.10	00:37:03.678	1.33026				2
2025.10.10	00:37:21.257	1.33033				2
2025.10.10	00:37:31.907	1.33028				2
2025.10.10	00:37:37.969	1.33026				2
2025.10.10	00:37:42.264	1.33033				2
2025.10.10	00:37:46.177		1.33086			4
2025.10.10	00:37:52.874	1.33028				2
2025.10.10	00:38:00.571	1.33028				2
2025.10.10	00:38:10.696	1.33026				2
2025.10.10	00:38:46.801		1.33086			4
2025.10.10	00:39:01.472	1.33026				2
2025.10.10	00:39:14.530	1.33028				2
2025.10.10	00:39:16.773	1.33024				2
2025.10.10	00:39:17.104	1.33025				2
2025.10.10	00:39:25.353	1.33024	1.33087			6
2025.10.10	00:39:26.675	1.33022	1.33084			6
2025.10.10	00:39:38.212	1.33003	1.33067			6
2025.10.10	00:39:41.922	1.33012				2
2025.10.10	00:39:42.625	1.33005	1.33066			6
2025.10.10	00:39:47.074	1.33010	1.33063			6
2025.10.10	00:39:57.660		1.33062			4
2025.10.10	00:39:59.865		1.33069			4
2025.10.10	00:40:00.178	1.33010	1.33070			6
2025.10.10	00:40:05.105	1.33013	1.33088			6
2025.10.10	00:40:05.418	1.33015				2
2025.10.10	00:40:05.719	1.33012	1.33095			6
2025.10.10	00:40:06.173	1.33014	1.33102			6
2025.10.10	00:40:06.486	1.33013	1.33100			6
2025.10.10	00:40:06.793	1.33014	1.33102			6
2025.10.10	00:40:07.411	1.33013	1.33098			6
2025.10.10	00:40:07.717		1.33097			4
2025.10.10	00:40:08.647		1.33096			4
2025.10.10	00:40:08.955	1.33014				2
2025.10.10	00:40:09.886	1.33013				2
2025.10.10	00:40:10.194	1.33012	1.33100			6
2025.10.10	00:40:11.117	1.33009	1.33098			6
2025.10.10	00:40:12.039		1.33097			4
2025.10.10	00:40:14.822	1.33008				2
2025.10.10	00:40:16.346	1.33026				2
2025.10.10	00:40:27.642	1.33025				2
2025.10.10	00:40:28.274	1.33015				2
2025.10.10	00:40:38.673		1.33098			4
2025.10.10	00:40:39.661	1.33018				2
2025.10.10	00:40:42.842		1.33097			4
2025.10.10	00:40:43.581	1.33009				2
2025.10.10	00:40:44.509		1.33098			4
2025.10.10	00:40:47.290		1.33097			4
2025.10.10	00:40:56.532	1.33010	1.33099			6
2025.10.10	00:40:58.080	1.33009				2
2025.10.10	00:41:00.242	1.33009				2
2025.10.10	00:41:06.717		1.33098			4
2025.10.10	00:41:11.349		1.33097			4
2025.10.10	00:41:27.690	1.33005	1.33095			6
2025.10.10	00:41:36.637	1.33016				2
2025.10.10	00:41:42.510	1.33020				2
2025.10.10	00:41:52.078	1.33026				2
2025.10.10	00:42:00.100	1.33026				2
2025.10.10	00:42:00.410	1.33027				2
2025.10.10	00:42:00.714		1.33096			4
2025.10.10	00:42:01.327	1.33018				2
2025.10.10	00:42:29.366		1.33095			4
2025.10.10	00:42:33.659		1.33096			4
2025.10.10	00:42:39.509	1.33006				2
2025.10.10	00:42:51.565	1.33016				2
2025.10.10	00:42:56.828		1.33083			4
2025.10.10	00:43:00.234	1.33016	1.33084			6
2025.10.10	00:43:01.467		1.33085			4
2025.10.10	00:43:12.301	1.33023				2
2025.10.10	00:43:23.395	1.33016				2
2025.10.10	00:43:29.570		1.33096			4
2025.10.10	00:43:38.934		1.33085			4
2025.10.10	00:43:45.123	1.33029				2
2025.10.10	00:43:46.667		1.33086			4
2025.10.10	00:43:47.287		1.33085			4
2025.10.10	00:43:47.921		1.33096			4
2025.10.10	00:43:52.994		1.33085			4
2025.10.10	00:43:56.386	1.33023				2
2025.10.10	00:43:57.316	1.33016				2
2025.10.10	00:44:00.098	1.33016				2
2025.10.10	00:44:22.325		1.33096			4
2025.10.10	00:44:32.424		1.33084			4
2025.10.10	00:44:42.253	1.33021				2
2025.10.10	00:44:45.943		1.33083			4
2025.10.10	00:44:46.244		1.33084			4
2025.10.10	00:44:46.858		1.33083			4
2025.10.10	00:44:47.161		1.33084			4
2025.10.10	00:44:48.693		1.33081			4
2025.10.10	00:44:51.456		1.33082			4
2025.10.10	00:44:51.761		1.33081			4
2025.10.10	00:44:53.595	1.33011				2
2025.10.10	00:44:59.725		1.33082			4
2025.10.10	00:45:00.033	1.33011				2
2025.10.10	00:45:00.340	1.33008	1.33081			6
2025.10.10	00:45:00.645		1.33082			4
2025.10.10	00:45:01.259		1.33081			4
2025.10.10	00:45:03.097	1.32991				2
2025.10.10	00:45:06.470	1.33027				2
2025.10.10	00:45:06.773		1.33080			4
2025.10.10	00:45:07.079		1.33081			4
2025.10.10	00:45:11.557	1.33043	1.33065			6
2025.10.10	00:45:16.250		1.33067			4
2025.10.10	00:45:16.557		1.33066			4
2025.10.10	00:45:24.857		1.33065			4
2025.10.10	00:45:25.779	1.33038				2
2025.10.10	00:45:26.088	1.33024				2
2025.10.10	00:45:28.542		1.33066			4
2025.10.10	00:45:28.852		1.33064			4
2025.10.10	00:45:29.462		1.33063			4
2025.10.10	00:45:29.773		1.33064			4
2025.10.10	00:45:30.382	1.33023	1.33065			6
2025.10.10	00:45:32.854		1.33064			4
2025.10.10	00:45:37.494	1.33043				2
2025.10.10	00:45:42.138		1.33063			4
2025.10.10	00:45:43.387		1.33062			4
2025.10.10	00:45:46.786		1.33063			4
2025.10.10	00:45:52.363		1.33062			4
2025.10.10	00:45:55.760		1.33063			4
2025.10.10	00:45:56.691		1.33062			4
2025.10.10	00:45:59.161	1.33023				2
2025.10.10	00:45:59.776	1.33037				2
2025.10.10	00:46:00.084	1.33037				2
2025.10.10	00:46:10.848	1.33023				2
2025.10.10	00:46:24.133		1.33063			4
2025.10.10	00:46:33.076		1.33064			4
2025.10.10	00:46:43.897	1.33037				2
2025.10.10	00:46:46.666		1.33063			4
2025.10.10	00:46:46.978		1.33062			4
2025.10.10	00:46:47.285		1.33063			4
2025.10.10	00:46:50.673		1.33062			4
2025.10.10	00:46:51.601		1.33063			4
2025.10.10	00:46:54.685	1.33023				2
2025.10.10	00:47:00.248	1.33020				2
2025.10.10	00:47:00.549		1.33064			4
2025.10.10	00:47:01.787		1.33063			4
2025.10.10	00:47:02.096		1.33064			4
2025.10.10	00:47:03.021	1.33006				2
2025.10.10	00:47:03.336	1.33005	1.33063			6
2025.10.10	00:47:06.436	1.33020				2
2025.10.10	00:47:15.383		1.33062			4
2025.10.10	00:47:18.458		1.33061			4
2025.10.10	00:47:28.296	1.33038				2
2025.10.10	00:47:29.223		1.33062			4
2025.10.10	00:47:36.598		1.33061			4
2025.10.10	00:47:39.380	1.33020				2
2025.10.10	00:47:45.515	1.33044				2
2025.10.10	00:47:47.966		1.33062			4
2025.10.10	00:47:48.272		1.33061			4
2025.10.10	00:48:00.048	1.33044				2
2025.10.10	00:48:13.915		1.33062			4
2025.10.10	00:48:16.375	1.33020				2
2025.10.10	00:48:16.688		1.33061			4
2025.10.10	00:48:23.134		1.33063			4
2025.10.10	00:48:24.055	1.33038				2
2025.10.10	00:48:26.815		1.33060			4
2025.10.10	00:48:28.662		1.33061			4
2025.10.10	00:48:30.195	1.33009	1.33059			6
2025.10.10	00:48:30.498	1.33008	1.33089			6
2025.10.10	00:48:30.799	1.33010	1.33082			6
2025.10.10	00:48:31.433		1.33063			4
2025.10.10	00:48:35.458		1.33082			4
2025.10.10	00:48:37.298		1.33064			4
2025.10.10	00:48:39.769		1.33082			4
2025.10.10	00:48:40.392	1.33009	1.33085			6
2025.10.10	00:48:40.693	1.33008	1.33091			6
2025.10.10	00:48:41.008		1.33088			4
2025.10.10	00:48:43.767		1.33064			4
2025.10.10	00:48:44.080		1.33091			4
2025.10.10	00:48:44.393		1.33088			4
2025.10.10	00:48:46.555	1.33009				2
2025.10.10	00:48:46.866	1.33008	1.33061			6
2025.10.10	00:48:47.176		1.33088			4
2025.10.10	00:48:47.486		1.33064			4
2025.10.10	00:48:48.102	1.33009	1.33096			6
2025.10.10	00:48:50.885	1.33008	1.33088			6
2025.10.10	00:48:55.829	1.33009	1.33083			6
2025.10.10	00:48:56.450	1.33008	1.33098			6
2025.10.10	00:48:58.307		1.33097			4
2025.10.10	00:48:58.614	1.33009	1.33088			6
2025.10.10	00:49:00.171	1.33008				2
2025.10.10	00:49:17.444	1.33013	1.33083			6
2025.10.10	00:49:26.037		1.33058			4
2025.10.10	00:49:26.646		1.33083			4
2025.10.10	00:49:29.108	1.33016	1.33080			6
2025.10.10	00:49:35.933		1.33062			4
2025.10.10	00:49:36.241		1.33080			4
2025.10.10	00:49:41.531	1.33014	1.33079			6
2025.10.10	00:49:43.084	1.33016				2
2025.10.10	00:49:43.396	1.33013	1.33089			6
2025.10.10	00:49:58.228	1.33009	1.33100			6
2025.10.10	00:49:58.549	1.33008				2
2025.10.10	00:50:00.085	1.33008				2
2025.10.10	00:50:00.388	1.33009				2
2025.10.10	00:50:02.544	1.33019				2
2025.10.10	00:50:13.055	1.33016				2
2025.10.10	00:50:13.667	1.33020				2
2025.10.10	00:50:14.287		1.33068			4
2025.10.10	00:50:14.593		1.33100			4
2025.10.10	00:50:32.745	1.33026				2
2025.10.10	00:50:39.202		1.33063			4
2025.10.10	00:50:40.724		1.33100			4
2025.10.10	00:50:43.168	1.33028				2
2025.10.10	00:50:58.229	1.33029				2
2025.10.10	00:51:00.073	1.33029				2
2025.10.10	00:51:13.293	1.33027				2
2025.10.10	00:51:13.602	1.33031				2
2025.10.10	00:51:13.903	1.33013				2
2025.10.10	00:51:14.205	1.33007				2
2025.10.10	00:51:17.316	1.33008				2
2025.10.10	00:51:29.088	1.33014				2
2025.10.10	00:51:40.830		1.33100			4
2025.10.10	00:51:48.551	1.33011				2
2025.10.10	00:51:48.857		1.33097			4
2025.10.10	00:51:50.413	1.33004	1.33100			6
2025.10.10	00:52:00.088	1.33004				2
2025.10.10	00:52:05.339	1.33005	1.33091			6
2025.10.10	00:52:08.383	1.33009	1.33086			6
2025.10.10	00:52:09.294	1.33011				2
2025.10.10	00:52:12.388	1.33010				2
2025.10.10	00:52:13.321	1.33011				2
2025.10.10	00:52:25.103	1.33012				2
2025.10.10	00:52:27.873	1.33011				2
2025.10.10	00:52:31.900	1.33012				2
2025.10.10	00:53:00.117	1.33012				2
2025.10.10	00:53:06.593	1.33013				2
2025.10.10	00:53:08.446	1.33014	1.33087			6
2025.10.10	00:53:27.623	1.33015				2
2025.10.10	00:53:48.026	1.33018				2
2025.10.10	00:53:50.192	1.33020				2
2025.10.10	00:53:56.695	1.33023				2
2025.10.10	00:54:00.111	1.33023				2
2025.10.10	00:54:06.296	1.33025				2
2025.10.10	00:54:08.461		1.33087			4
2025.10.10	00:54:21.764	1.33029	1.33071			6
2025.10.10	00:54:22.066		1.33087			4
2025.10.10	00:54:29.967		1.33069			4
2025.10.10	00:54:30.874	1.33028	1.33083			6
2025.10.10	00:54:31.179	1.33029				2
2025.10.10	00:54:31.782	1.33036	1.33091			6
2025.10.10	00:54:33.338	1.33046	1.33105			6
2025.10.10	00:54:33.958		1.33103			4
2025.10.10	00:54:34.263	1.33048				2
2025.10.10	00:54:35.189		1.33092			4
2025.10.10	00:54:35.496		1.33080			4
2025.10.10	00:54:36.105		1.33092			4
2025.10.10	00:54:36.718	1.33049	1.33062			6
2025.10.10	00:54:37.636	1.33047	1.33078			6
2025.10.10	00:54:37.939		1.33123			4
2025.10.10	00:54:40.099	1.33036	1.33124			6
2025.10.10	00:54:40.715	1.33035	1.33119			6
2025.10.10	00:54:41.018	1.33027	1.33114			6
2025.10.10	00:54:41.955	1.33026				2
2025.10.10	00:54:42.263	1.33028	1.33117			6
2025.10.10	00:54:44.732		1.33118			4
2025.10.10	00:54:48.141	1.33027				2
2025.10.10	00:54:56.481	1.33026				2
2025.10.10	00:55:00.199	1.33026				2
2025.10.10	00:55:00.507	1.33028	1.33119			6
2025.10.10	00:55:16.265		1.33118			4
2025.10.10	00:55:20.890	1.33027	1.33119			6
2025.10.10	00:55:21.818		1.33120			4
2025.10.10	00:55:26.140		1.33121			4
2025.10.10	00:55:26.765	1.33028				2
2025.10.10	00:55:28.936	1.33027				2
2025.10.10	00:55:30.791	1.33028	1.33122			6
2025.10.10	00:55:33.571	1.33027				2
2025.10.10	00:55:36.668		1.33123			4
2025.10.10	00:55:42.252	1.33029	1.33126			6
2025.10.10	00:55:45.333	1.33028	1.33125			6
2025.10.10	00:55:46.253	1.33027	1.33124			6
2025.10.10	00:55:47.489		1.33123			4
2025.10.10	00:55:50.893	1.33026				2
2025.10.10	00:55:56.765		1.33124			4
2025.10.10	00:56:00.180	1.33026				2
2025.10.10	00:56:09.468	1.33027	1.33125			6
2025.10.10	00:56:18.438	1.33026				2
2025.10.10	00:56:27.112	1.33025	1.33124			6
2025.10.10	00:56:28.046		1.33123			4
2025.10.10	00:56:45.010	1.33024				2
2025.10.10	00:56:45.935	1.33026	1.33126			6
2025.10.10	00:56:53.057	1.33025				2
2025.10.10	00:56:58.011	1.33034	1.33119			6
2025.10.10	00:57:00.175	1.33034				2
2025.10.10	00:57:01.101	1.33047				2
2025.10.10	00:57:01.403		1.33123			4
2025.10.10	00:57:03.842	1.33051				2
2025.10.10	00:57:04.752	1.33056				2
2025.10.10	00:58:00.001	1.33056				2
2025.10.10	00:58:01.553		1.33123			4
2025.10.10	00:59:00.211	1.33056				2
2025.10.10	00:59:01.144		1.33124			4
2025.10.10	00:59:04.234		1.33099			4
2025.10.10	00:59:04.544		1.33124			4
2025.10.10	00:59:04.856		1.33099			4
2025.10.10	00:59:05.156		1.33124			4
2025.10.10	00:59:05.473		1.33099			4
2025.10.10	00:59:05.773		1.33124			4
2025.10.10	00:59:06.087		1.33099			4
2025.10.10	00:59:06.394		1.33124			4
2025.10.10	00:59:06.699		1.33099			4
2025.10.10	00:59:07.013		1.33124			4
2025.10.10	00:59:07.320		1.33099			4
2025.10.10	00:59:07.633		1.33124			4
2025.10.10	00:59:16.634	1.33035	1.33126			6
2025.10.10	00:59:17.251		1.33125			4
2025.10.10	00:59:18.802	1.33034				2
2025.10.10	00:59:22.827		1.33126			4
2025.10.10	00:59:23.136	1.33033	1.33124			6
2025.10.10	00:59:23.764		1.33123			4
2025.10.10	00:59:24.994	1.33032				2
2025.10.10	00:59:31.179		1.33124			4
2025.10.10	00:59:35.818	1.33033				2
2025.10.10	00:59:47.878	1.33032				2
2025.10.10	00:59:53.124	1.33034	1.33125			6
2025.10.10	00:59:53.431		1.33128			4
2025.10.10	00:59:54.357	1.33033	1.33125			6
2025.10.10	00:59:55.902	1.33034	1.33126			6
2025.10.10	00:59:58.387	1.33033				2
2025.10.10	00:59:59.944	1.33034	1.33127			6
2025.10.10	01:00:00.250	1.33038				2
2025.10.10	01:00:00.560		1.33117			4
2025.10.10	01:00:00.876		1.33125			4
2025.10.10	01:00:01.191		1.33103			4
2025.10.10	01:00:01.507	1.33039	1.33099			6
2025.10.10	01:00:01.814	1.33047	1.33101			6
2025.10.10	01:00:02.737	1.33038	1.33097			6
2025.10.10	01:00:03.053		1.33092			4
2025.10.10	01:00:03.361		1.33089			4
2025.10.10	01:00:03.665	1.33022	1.33124			6
2025.10.10	01:00:03.981		1.33121			4
2025.10.10	01:00:04.284		1.33122			4
2025.10.10	01:00:04.597		1.33119			4
2025.10.10	01:00:04.904		1.33121			4
2025.10.10	01:00:05.211		1.33120			4
2025.10.10	01:00:05.844		1.33119			4
2025.10.10	01:00:06.468		1.33118			4
2025.10.10	01:00:06.770		1.33116			4
2025.10.10	01:00:07.077	1.33041	1.33071			6
2025.10.10	01:00:08.010	1.33022	1.33086			6
2025.10.10	01:00:08.318	1.33038	1.33067			6
2025.10.10	01:00:09.258	1.33037				2
2025.10.10	01:00:13.338	1.33038				2
2025.10.10	01:00:14.271		1.33072			4
2025.10.10	01:00:14.890	1.33043				2
2025.10.10	01:00:15.202	1.33042				2
2025.10.10	01:00:15.511	1.33044				2
2025.10.10	01:00:15.817	1.33045				2
2025.10.10	01:00:16.132	1.33044	1.33077			6
2025.10.10	01:00:16.437	1.33038	1.33074			6
2025.10.10	01:00:16.751	1.33044				2
2025.10.10	01:00:17.057	1.33045				2
2025.10.10	01:00:17.675	1.33043				2
2025.10.10	01:00:18.591	1.33051	1.33079			6
2025.10.10	01:00:20.451	1.33067	1.33091			6
2025.10.10	01:00:21.372	1.33057	1.33079			6
2025.10.10	01:00:22.295	1.33054	1.33072			6
2025.10.10	01:00:22.913	1.33044				2
2025.10.10	01:00:23.827		1.33065			4
2025.10.10	01:00:24.131		1.33064			4
2025.10.10	01:00:25.363		1.33063			4
2025.10.10	01:00:25.985	1.33036				2
2025.10.10	01:00:29.044	1.33021	1.33085			6
2025.10.10	01:00:29.965	1.33022	1.33087			6
2025.10.10	01:00:30.274	1.33021				2
2025.10.10	01:00:30.579	1.33041				2
2025.10.10	01:00:30.884		1.33089			4
2025.10.10	01:00:31.492	1.33045	1.33072			6
2025.10.10	01:00:31.794	1.33044	1.33074			6
2025.10.10	01:00:32.104	1.33047	1.33082			6
2025.10.10	01:00:34.294	1.33040	1.33102			6
2025.10.10	01:00:34.915	1.33046	1.33079			6
2025.10.10	01:00:35.528		1.33074			4
2025.10.10	01:00:36.140		1.33076			4
2025.10.10	01:00:36.449		1.33074			4
2025.10.10	01:00:41.044		1.33079			4
2025.10.10	01:00:41.661		1.33077			4
2025.10.10	01:00:42.574	1.33045	1.33074			6
2025.10.10	01:00:42.884	1.33042	1.33079			6
2025.10.10	01:00:43.195		1.33077			4
2025.10.10	01:00:45.049		1.33075			4
2025.10.10	01:00:45.360		1.33077			4
2025.10.10	01:00:45.667	1.33045				2
2025.10.10	01:00:45.970	1.33044	1.33074			6
2025.10.10	01:00:46.277	1.33043	1.33065			6
2025.10.10	01:00:50.259	1.33036	1.33064			6
2025.10.10	01:00:50.559	1.33035				2
2025.10.10	01:00:50.867	1.33037				2
2025.10.10	01:00:51.477	1.33035	1.33065			6
2025.10.10	01:00:53.005	1.33034	1.33070			6
2025.10.10	01:00:53.314	1.33045	1.33073			6
2025.10.10	01:00:53.622	1.33044				2
2025.10.10	01:00:54.551	1.33029	1.33071			6
2025.10.10	01:00:54.858	1.33031	1.33070			6
2025.10.10	01:00:55.779	1.33029				2
2025.10.10	01:00:56.386		1.33068			4
2025.10.10	01:00:56.697		1.33066			4
2025.10.10	01:00:57.929	1.33037				2
2025.10.10	01:00:58.237		1.33069			4
2025.10.10	01:00:59.451		1.33068			4
2025.10.10	01:00:59.762		1.33070			4
2025.10.10	01:01:00.068	1.33036	1.33065			6
2025.10.10	01:01:00.373	1.33035	1.33068			6
2025.10.10	01:01:00.679		1.33069			4
2025.10.10	01:01:01.291		1.33065			4
2025.10.10	01:01:04.976		1.33073			4
2025.10.10	01:01:05.280		1.33068			4
2025.10.10	01:01:05.890	1.33034	1.33060			6
2025.10.10	01:01:06.195	1.33038	1.33071			6
2025.10.10	01:01:06.501	1.33039	1.33070			6
2025.10.10	01:01:06.805	1.33045	1.33071			6
2025.10.10	01:01:07.112		1.33070			4
2025.10.10	01:01:07.422		1.33066			4
2025.10.10	01:01:08.030	1.33046				2
2025.10.10	01:01:09.567	1.33055	1.33071			6
2025.10.10	01:01:10.188	1.33056				2
2025.10.10	01:01:13.881		1.33072			4
2025.10.10	01:01:14.185		1.33070			4
2025.10.10	01:01:15.406		1.33072			4
2025.10.10	01:01:18.174		1.33070			4
2025.10.10	01:01:20.327	1.33055				2
2025.10.10	01:01:20.940	1.33056				2
2025.10.10	01:01:25.218	1.33055				2
2025.10.10	01:01:27.057	1.33056				2
2025.10.10	01:01:28.904	1.33055				2
2025.10.10	01:01:29.210	1.33056				2
2025.10.10	01:01:30.438	1.33055	1.33067			6
2025.10.10	01:01:30.746		1.33070			4
2025.10.10	01:01:38.369	1.33048	1.33061			6
2025.10.10	01:01:38.680	1.33053	1.33070			6
2025.10.10	01:01:38.985	1.33059	1.33062			6
2025.10.10	01:01:39.295	1.33056	1.33070			6
2025.10.10	01:01:42.365	1.33060	1.33063			6
2025.10.10	01:01:43.288	1.33056	1.33070			6
2025.10.10	01:01:45.131	1.33060	1.33063			6
2025.10.10	01:01:46.973	1.33056	1.33070			6
2025.10.10	01:01:48.194	1.33054	1.33057			6
2025.10.10	01:01:48.502	1.33053	1.33056			6
2025.10.10	01:01:49.730	1.33052	1.33055			6
2025.10.10	01:01:52.481	1.33051	1.33054			6
2025.10.10	01:02:00.211	1.33051				2
2025.10.10	01:02:23.490	1.33030	1.33048			6
2025.10.10	01:02:23.811		1.33046			4
2025.10.10	01:02:29.054	1.33031				2
2025.10.10	01:02:33.372	1.33034	1.33049			6
2025.10.10	01:02:33.996	1.33033				2
2025.10.10	01:02:39.553	1.33032	1.33046			6
2025.10.10	01:02:40.174		1.33048			4
2025.10.10	01:02:41.418	1.33031				2
2025.10.10	01:02:43.587		1.33046			4
2025.10.10	01:02:52.905	1.33035	1.33038			6
2025.10.10	01:02:53.209	1.33015	1.33029			6
2025.10.10	01:02:53.520		1.33030			4
2025.10.10	01:02:53.828	1.33017				2
2025.10.10	01:02:55.074	1.33029	1.33032			6
2025.10.10	01:02:56.619	1.33028	1.33040			6
2025.10.10	01:02:56.922		1.33041			4
2025.10.10	01:02:57.242		1.33039			4
2025.10.10	01:02:58.490	1.33024				2
2025.10.10	01:02:58.793	1.33025	1.33038			6
2025.10.10	01:02:59.730	1.33030	1.33033			6
2025.10.10	01:03:00.038	1.33030				2
2025.10.10	01:03:01.577	1.33031	1.33034			6
2025.10.10	01:03:05.550	1.33030	1.33033			6
2025.10.10	01:03:06.159	1.33031	1.33034			6
2025.10.10	01:03:08.598	1.33030	1.33033			6
2025.10.10	01:03:08.902	1.33031	1.33034			6
2025.10.10	01:03:10.437	1.33032	1.33035			6
2025.10.10	01:03:12.271	1.33031	1.33034			6
2025.10.10	01:03:19.311	1.33030	1.33033			6
2025.10.10	01:03:21.467	1.33029	1.33032			6
2025.10.10	01:03:21.771	1.33027	1.33030			6
2025.10.10	01:03:29.713	1.33025	1.33028			6
2025.10.10	01:03:43.171	1.33026	1.33029			6
2025.10.10	01:03:44.392	1.33025	1.33028			6
2025.10.10	01:03:46.235	1.33026	1.33029			6
2025.10.10	01:03:46.845	1.33028	1.33031			6
2025.10.10	01:03:51.734	1.33029	1.33032			6
2025.10.10	01:03:52.356	1.33028	1.33030			6
2025.10.10	01:03:54.198		1.33031			4
2025.10.10	01:03:55.752	1.33029	1.33032			6
2025.10.10	01:03:56.363	1.33030	1.33033			6
2025.10.10	01:03:59.118		1.33032			4
2025.10.10	01:03:59.424		1.33033			4
2025.10.10	01:03:59.731	1.33032	1.33034			6
2025.10.10	01:04:00.033	1.33031				2
2025.10.10	01:04:00.338	1.33030	1.33033			6
2025.10.10	01:04:03.402	1.33031	1.33034			6
2025.10.10	01:04:06.786	1.33032	1.33035			6
2025.10.10	01:04:09.238	1.33031	1.33034			6
2025.10.10	01:04:11.692	1.33030	1.33033			6
2025.10.10	01:04:18.737	1.33029	1.33032			6
2025.10.10	01:04:22.095	1.33030				2
2025.10.10	01:04:24.848	1.33029				2
2025.10.10	01:04:27.314	1.33027	1.33030			6
2025.10.10	01:04:29.454	1.33028				2
2025.10.10	01:04:30.370	1.33026	1.33029			6
2025.10.10	01:04:30.985	1.33025	1.33028			6
2025.10.10	01:04:34.665	1.33026	1.33029			6
2025.10.10	01:04:36.499	1.33024	1.33027			6
2025.10.10	01:04:47.232	1.33025	1.33028			6
2025.10.10	01:04:51.857	1.33024	1.33027			6
2025.10.10	01:04:58.913	1.33023	1.33026			6
2025.10.10	01:04:59.526		1.33024			4
2025.10.10	01:05:00.137	1.33023				2
2025.10.10	01:05:01.977		1.33025			4
2025.10.10	01:05:04.437	1.33022				2
2025.10.10	01:05:08.409	1.33020	1.33023			6
2025.10.10	01:05:08.712	1.33018	1.33021			6
2025.10.10	01:05:12.377	1.33030	1.33033			6
2025.10.10	01:05:12.679	1.33029	1.33032			6
2025.10.10	01:05:12.985	1.33028	1.33031			6
2025.10.10	01:05:13.895	1.33029	1.33032			6
2025.10.10	01:05:14.506	1.33030	1.33033			6
2025.10.10	01:05:15.114	1.33029	1.33032			6
2025.10.10	01:05:26.157	1.33028	1.33031			6
2025.10.10	01:05:26.467	1.33025	1.33028			6
2025.10.10	01:05:27.387		1.33027			4
2025.10.10	01:05:27.989		1.33028			4
2025.10.10	01:05:28.293	1.33028	1.33031			6
2025.10.10	01:05:39.303	1.33027	1.33030			6
2025.10.10	01:05:42.962	1.33026	1.33029			6
2025.10.10	01:05:44.794	1.33028	1.33031			6
2025.10.10	01:05:45.097	1.33027	1.33030			6
2025.10.10	01:05:46.629	1.33026	1.33029			6
2025.10.10	01:05:51.841	1.33027	1.33030			6
2025.10.10	01:05:52.154	1.33026	1.33029			6
2025.10.10	01:05:56.734	1.33027	1.33030			6
2025.10.10	01:05:58.261	1.33026	1.33029			6
2025.10.10	01:05:59.488	1.33027				2
2025.10.10	01:06:00.101	1.33027	1.33030			6
2025.10.10	01:06:00.410	1.33029	1.33032			6
2025.10.10	01:06:03.474	1.33030	1.33033			6
2025.10.10	01:06:04.996	1.33029	1.33032			6
2025.10.10	01:06:08.365	1.33030	1.33033			6
2025.10.10	01:06:08.973	1.33029	1.33032			6
2025.10.10	01:06:27.920	1.33028	1.33031			6
2025.10.10	01:06:36.487	1.33029	1.33032			6
2025.10.10	01:06:40.186	1.33028	1.33031			6
2025.10.10	01:06:44.817	1.33029	1.33032			6
2025.10.10	01:06:50.392	1.33026	1.33029			6
2025.10.10	01:06:50.707		1.33028			4
2025.10.10	01:06:53.492	1.33027				2
2025.10.10	01:06:54.740		1.33030			4
2025.10.10	01:06:55.058		1.33029			4
2025.10.10	01:06:55.670	1.33026				2
2025.10.10	01:06:55.982	1.33027				2
2025.10.10	01:06:56.287		1.33030			4
2025.10.10	01:06:56.593		1.33029			4
2025.10.10	01:06:59.091		1.33030			4
2025.10.10	01:06:59.395	1.33026	1.33029			6
2025.10.10	01:07:00.019	1.33026				2
2025.10.10	01:07:04.371	1.33027	1.33030			6
2025.10.10	01:07:09.655	1.33026	1.33029			6
2025.10.10	01:07:18.958		1.33028			4
2025.10.10	01:07:21.119	1.33025				2
2025.10.10	01:07:26.389	1.33026	1.33029			6
2025.10.10	01:07:27.925	1.33028	1.33031			6
2025.10.10	01:07:28.238	1.33027	1.33030			6
2025.10.10	01:07:30.103	1.33029	1.33032			6
2025.10.10	01:07:30.730	1.33028	1.33031			6
2025.10.10	01:07:31.346	1.33029	1.33032			6
2025.10.10	01:07:36.019	1.33028	1.33031			6
2025.10.10	01:07:44.316	1.33029	1.33032			6
2025.10.10	01:07:47.393	1.33028	1.33031			6
2025.10.10	01:07:51.719	1.33027	1.33030			6
2025.10.10	01:08:00.195	1.33027				2
2025.10.10	01:08:02.991	1.33026	1.33029			6
2025.10.10	01:08:26.584	1.33027	1.33030			6
2025.10.10	01:08:34.363	1.33026	1.33029			6
2025.10.10	01:08:41.206	1.33027	1.33030			6
2025.10.10	01:08:42.768	1.33031	1.33032			6
2025.10.10	01:08:44.957	1.33030	1.33031			6
2025.10.10	01:08:53.322	1.33026	1.33029			6
2025.10.10	01:08:55.179		1.33028			4
2025.10.10	01:09:00.136	1.33026				2
2025.10.10	01:09:02.002	1.33019	1.33022			6
2025.10.10	01:09:02.939	1.33021	1.33024			6
2025.10.10	01:09:04.197	1.33020	1.33023			6
2025.10.10	01:09:05.745	1.33021	1.33024			6
2025.10.10	01:09:10.703	1.33019	1.33022			6
2025.10.10	01:09:19.091	1.33020	1.33023			6
2025.10.10	01:09:21.559	1.33019	1.33022			6
2025.10.10	01:09:26.837	1.33020	1.33023			6
2025.10.10	01:09:28.994	1.33019	1.33022			6
2025.10.10	01:09:29.307	1.33020	1.33023			6
2025.10.10	01:09:30.235	1.33021	1.33024			6
2025.10.10	01:09:32.420	1.33020	1.33023			6
2025.10.10	01:09:36.746	1.33019	1.33022			6
2025.10.10	01:09:39.210	1.33020	1.33023			6
2025.10.10	01:09:41.059	1.33019	1.33022			6
2025.10.10	01:09:41.997	1.33020	1.33023			6
2025.10.10	01:09:48.838	1.33018	1.33021			6
2025.10.10	01:09:58.148	1.33020	1.33023			6
2025.10.10	01:09:58.465	1.33019	1.33022			6
2025.10.10	01:10:00.040	1.33019				2
2025.10.10	01:10:01.608	1.33018	1.33021			6
2025.10.10	01:10:05.959	1.33017	1.33020			6
2025.10.10	01:10:07.516	1.33018	1.33021			6
2025.10.10	01:10:11.849	1.33020	1.33023			6
2025.10.10	01:10:12.462	1.33019	1.33022			6
2025.10.10	01:10:18.362	1.33009	1.33012			6
2025.10.10	01:10:18.669	1.33008	1.33011			6
2025.10.10	01:10:19.620	1.33009	1.33012			6
2025.10.10	01:10:27.433	1.33007	1.33010			6
2025.10.10	01:10:31.178	1.33008	1.33011			6
2025.10.10	01:10:33.650	1.33007	1.33010			6
2025.10.10	01:10:34.257	1.33008	1.33011			6
2025.10.10	01:10:35.177	1.33004	1.33007			6
2025.10.10	01:10:36.411	1.33005	1.33008			6
2025.10.10	01:10:37.654		1.33007			4
2025.10.10	01:10:38.880		1.33008			4
2025.10.10	01:10:39.495	1.33006	1.33009			6
2025.10.10	01:10:40.114	1.33005	1.33008			6
2025.10.10	01:10:40.419	1.33007	1.33010			6
2025.10.10	01:10:41.661	1.33006	1.33009			6
2025.10.10	01:10:43.206	1.33007	1.33010			6
2025.10.10	01:10:43.816	1.33006	1.33009			6
2025.10.10	01:10:44.127	1.33007	1.33010			6
2025.10.10	01:10:45.051	1.33006	1.33009			6
2025.10.10	01:10:46.292	1.33005	1.33008			6
2025.10.10	01:10:48.141	1.32999	1.33002			6
2025.10.10	01:10:54.046	1.32998	1.33001			6
2025.10.10	01:11:00.008	1.32998				2
2025.10.10	01:11:02.805	1.32999	1.33002			6
2025.10.10	01:11:08.714	1.32998	1.33001			6
2025.10.10	01:11:09.335	1.32999	1.33002			6
2025.10.10	01:11:12.449	1.33000	1.33003			6
2025.10.10	01:11:14.312	1.32999	1.33002			6
2025.10.10	01:11:17.725	1.33000	1.33003			6
2025.10.10	01:11:18.029	1.33001	1.33004			6
2025.10.10	01:11:18.345	1.33002	1.33005			6
2025.10.10	01:11:20.225	1.33001	1.33004			6
2025.10.10	01:11:32.286	1.33000	1.33003			6
2025.10.10	01:11:32.606	1.33001	1.33004			6
2025.10.10	01:11:42.851	1.33000	1.33003			6
2025.10.10	01:11:54.989	1.33001	1.33004			6
2025.10.10	01:11:56.235	1.33000	1.33003			6
2025.10.10	01:12:00.293	1.33000				2
2025.10.10	01:12:07.464	1.33001	1.33004			6
2025.10.10	01:12:09.935	1.33000	1.33003			6
2025.10.10	01:12:13.038	1.32990	1.32993			6
2025.10.10	01:12:14.604	1.32992	1.32995			6
2025.10.10	01:12:14.920	1.32995	1.32998			6
2025.10.10	01:12:15.229	1.32996	1.32999			6
2025.10.10	01:12:15.551	1.32994	1.32997			6
2025.10.10	01:12:15.867	1.32995	1.32998			6
2025.10.10	01:12:16.488	1.32994	1.32997			6
2025.10.10	01:12:24.588	1.32995	1.32998			6
2025.10.10	01:12:26.442	1.32993	1.32996			6
2025.10.10	01:12:31.420	1.32995	1.32998			6
2025.10.10	01:12:35.163	1.32994	1.32997			6
2025.10.10	01:12:35.469	1.32995	1.32998			6
2025.10.10	01:12:36.092	1.32994	1.32997			6
2025.10.10	01:12:37.033	1.32995	1.32998			6
2025.10.10	01:12:42.327	1.32994	1.32997			6
2025.10.10	01:12:45.445	1.32995	1.32998			6
2025.10.10	01:12:46.372	1.32997	1.33000			6
2025.10.10	01:12:46.677	1.32995	1.32998			6
2025.10.10	01:12:53.880	1.32994	1.32997			6
2025.10.10	01:12:55.430	1.32995	1.32998			6
2025.10.10	01:12:56.361	1.32994	1.32997			6
2025.10.10	01:12:56.979	1.32993	1.32996			6
2025.10.10	01:12:58.833	1.32994	1.32997			6
2025.10.10	01:12:59.772	1.32993	1.32996			6
2025.10.10	01:13:00.075	1.32993				2
2025.10.10	01:13:00.693	1.32995	1.32998			6
2025.10.10	01:13:01.939	1.32994	1.32997			6
2025.10.10	01:13:04.127	1.32993	1.32996			6
2025.10.10	01:13:05.383	1.33008	1.33011			6
2025.10.10	01:13:06.315		1.33012			4
2025.10.10	01:13:07.867	1.33007	1.33011			6
2025.10.10	01:13:08.184	1.33005	1.33009			6
2025.10.10	01:13:13.448		1.33008			4
2025.10.10	01:13:13.765		1.33009			4
2025.10.10	01:13:17.167	1.33006				2
2025.10.10	01:13:19.948	1.33005	1.33008			6
2025.10.10	01:13:25.828	1.33006	1.33009			6
2025.10.10	01:13:26.133	1.33005	1.33008			6
2025.10.10	01:13:26.451	1.33004	1.33007			6
2025.10.10	01:13:26.755	1.33002	1.33005			6
2025.10.10	01:13:31.110	1.33003	1.33006			6
2025.10.10	01:13:34.213	1.33002	1.33005			6
2025.10.10	01:13:34.830	1.33003	1.33006			6
2025.10.10	01:13:37.018	1.33002	1.33005			6
2025.10.10	01:13:42.004	1.33003	1.33006			6
2025.10.10	01:14:00.029	1.33003				2
2025.10.10	01:14:00.334	1.33002	1.33005			6
2025.10.10	01:14:02.190	1.33003	1.33006			6
2025.10.10	01:14:02.493	1.33002	1.33005			6
2025.10.10	01:14:04.965	1.33004	1.33007			6
2025.10.10	01:14:05.273	1.33005	1.33008			6
2025.10.10	01:14:05.584	1.33004	1.33007			6
2025.10.10	01:14:08.069	1.33003	1.33006			6
2025.10.10	01:14:10.249	1.33004	1.33007			6
2025.10.10	01:14:18.301	1.33003	1.33006			6
2025.10.10	01:14:20.774	1.33002	1.33005			6
2025.10.10	01:14:21.087	1.33003	1.33006			6
2025.10.10	01:14:22.632	1.33004	1.33007			6
2025.10.10	01:14:24.195	1.33003	1.33006			6
2025.10.10	01:14:26.691	1.33004	1.33007			6
2025.10.10	01:14:30.140		1.33006			4
2025.10.10	01:14:35.112		1.33007			4
2025.10.10	01:14:36.663		1.33006			4
2025.10.10	01:14:41.921		1.33007			4
2025.10.10	01:14:49.057	1.33005	1.33008			6
2025.10.10	01:14:49.676	1.33004	1.33007			6
2025.10.10	01:14:55.228		1.33006			4
2025.10.10	01:14:55.538		1.33007			4
2025.10.10	01:15:00.183	1.33004				2
2025.10.10	01:15:00.488	1.33002	1.33004			6
2025.10.10	01:15:10.669	1.33000	1.33003			6
2025.10.10	01:15:14.051	1.32999	1.33002			6
2025.10.10	01:15:18.082	1.33000	1.33003			6
2025.10.10	01:15:20.555	1.32999	1.33002			6
2025.10.10	01:15:31.787		1.33001			4
2025.10.10	01:15:34.595	1.33003	1.33004			6
2025.10.10	01:15:34.912	1.32999	1.33001			6
2025.10.10	01:15:35.220	1.33003	1.33004			6
2025.10.10	01:15:35.531	1.32999	1.33001			6
2025.10.10	01:15:35.839	1.33003	1.33004			6
2025.10.10	01:15:36.148	1.32999	1.33001			6
2025.10.10	01:15:36.459	1.33003	1.33004			6
2025.10.10	01:15:36.769	1.32999	1.33001			6
2025.10.10	01:15:37.077	1.33003	1.33004			6
2025.10.10	01:15:37.388	1.32999	1.33001			6
2025.10.10	01:15:37.689	1.33003	1.33004			6
2025.10.10	01:15:38.005	1.32999	1.33001			6
2025.10.10	01:15:41.104	1.32998	1.33000			6
2025.10.10	01:15:44.528	1.32997	1.32999			6
2025.10.10	01:15:45.456		1.33000			4
2025.10.10	01:15:46.397	1.32998	1.33001			6
2025.10.10	01:15:46.699		1.33000			4
2025.10.10	01:15:47.316	1.32997				2
2025.10.10	01:15:48.251	1.32998	1.33001			6
2025.10.10	01:15:50.415	1.32999	1.33002			6
2025.10.10	01:15:51.355	1.32998	1.33000			6
2025.10.10	01:15:52.296		1.33001			4
2025.10.10	01:15:52.609		1.33000			4
2025.10.10	01:15:55.432		1.33001			4
2025.10.10	01:15:55.742		1.33000			4
2025.10.10	01:15:58.543		1.33001			4
2025.10.10	01:15:58.844		1.33000			4
2025.10.10	01:16:00.069	1.32998				2
2025.10.10	01:16:01.619		1.33001			4
2025.10.10	01:16:01.924		1.33000			4
2025.10.10	01:16:05.012		1.32999			4
2025.10.10	01:16:06.877		1.33000			4
2025.10.10	01:16:07.180		1.32999			4
2025.10.10	01:16:07.795		1.33000			4
2025.10.10	01:16:09.649		1.32999			4
2025.10.10	01:16:11.193		1.33000			4
2025.10.10	01:16:11.500		1.32999			4
2025.10.10	01:16:13.046		1.33000			4
2025.10.10	01:16:16.773		1.32999			4
2025.10.10	01:16:28.257		1.33000			4
2025.10.10	01:16:28.565		1.32999			4
2025.10.10	01:16:30.437		1.33000			4
2025.10.10	01:16:30.742		1.32999			4
2025.10.10	01:16:31.368		1.33000			4
2025.10.10	01:16:31.683		1.32999			4
2025.10.10	01:16:34.797		1.33000			4
2025.10.10	01:16:35.110		1.32999			4
2025.10.10	01:16:37.906		1.33000			4
2025.10.10	01:16:38.216		1.32999			4
2025.10.10	01:16:40.992		1.33000			4
2025.10.10	01:16:41.297		1.32999			4
2025.10.10	01:16:45.631		1.33000			4
2025.10.10	01:16:46.557		1.32999			4
2025.10.10	01:16:48.405		1.33000			4
2025.10.10	01:16:48.712		1.32999			4
2025.10.10	01:16:51.498		1.33000			4
2025.10.10	01:16:51.820		1.32999			4
2025.10.10	01:16:54.610		1.33000			4
2025.10.10	01:16:54.928		1.32999			4
2025.10.10	01:16:57.737		1.33000			4
2025.10.10	01:16:58.044		1.32999			4
2025.10.10	01:16:58.661		1.33000			4
2025.10.10	01:16:58.977		1.32999			4
2025.10.10	01:17:00.209	1.32998				2
2025.10.10	01:17:00.830		1.33000			4
2025.10.10	01:17:01.137		1.32999			4
2025.10.10	01:17:02.371		1.33000			4
2025.10.10	01:17:05.467	1.33000	1.33003			6
2025.10.10	01:17:07.025	1.33001	1.33004			6
2025.10.10	01:17:07.332	1.33000	1.33003			6
2025.10.10	01:17:08.565	1.33001	1.33004			6
2025.10.10	01:17:10.421	1.33000	1.33003			6
2025.10.10	01:17:13.196	1.33001	1.33004			6
2025.10.10	01:17:13.505	1.33000	1.33003			6
2025.10.10	01:17:15.361	1.33001	1.33004			6
2025.10.10	01:17:15.677	1.33000	1.33003			6
2025.10.10	01:17:16.288	1.33001	1.33004			6
2025.10.10	01:17:16.608	1.33000	1.33003			6
2025.10.10	01:17:18.470	1.32992	1.32995			6
2025.10.10	01:17:18.778	1.32993	1.32996			6
2025.10.10	01:17:19.093	1.32995	1.32997			6
2025.10.10	01:17:19.403	1.32997	1.32998			6
2025.10.10	01:17:21.279	1.32995	1.32997			6
2025.10.10	01:17:21.586	1.32997	1.32998			6
2025.10.10	01:17:24.377	1.32994	1.32997			6
2025.10.10	01:17:24.685	1.32996				2
2025.10.10	01:17:27.159	1.32994				2
2025.10.10	01:17:27.466	1.32993	1.32996			6
2025.10.10	01:17:27.776	1.32994	1.32997			6
2025.10.10	01:17:30.574	1.32993	1.32996			6
2025.10.10	01:17:30.878	1.32994	1.32997			6
2025.10.10	01:17:32.726	1.32993	1.32996			6
2025.10.10	01:17:33.034	1.32994	1.32997			6
2025.10.10	01:17:33.339	1.32993	1.32996			6
2025.10.10	01:17:44.746	1.32992	1.32995			6
2025.10.10	01:17:45.362	1.32993	1.32996			6
2025.10.10	01:17:45.677	1.32997	1.33000			6
2025.10.10	01:17:45.984	1.32998	1.33001			6
2025.10.10	01:17:47.847	1.33000	1.33003			6
2025.10.10	01:17:48.473	1.32999	1.33002			6
2025.10.10	01:17:48.774	1.32997	1.33000			6
2025.10.10	01:17:50.004	1.32998	1.33001			6
2025.10.10	01:17:57.750	1.32999	1.33002			6
2025.10.10	01:17:59.285	1.33000	1.33003			6
2025.10.10	01:17:59.601	1.33002	1.33005			6
2025.10.10	01:17:59.911	1.33001	1.33004			6
2025.10.10	01:18:00.218	1.33001				2
2025.10.10	01:18:01.770	1.33000	1.33003			6
2025.10.10	01:18:03.621	1.33001	1.33004			6
2025.10.10	01:18:05.771	1.33002	1.33005			6
2025.10.10	01:18:06.086	1.33001	1.33004			6
2025.10.10	01:18:33.265	1.33002	1.33005			6
2025.10.10	01:18:33.572	1.33001	1.33004			6
2025.10.10	01:18:35.754	1.33002	1.33005			6
2025.10.10	01:18:37.305	1.33001	1.33004			6
2025.10.10	01:18:37.620	1.33002	1.33005			6
2025.10.10	01:18:38.243	1.33001	1.33004			6
2025.10.10	01:18:38.559	1.33002	1.33005			6
2025.10.10	01:18:39.185	1.33001	1.33004			6
2025.10.10	01:18:39.496	1.33002	1.33005			6
2025.10.10	01:18:39.809	1.33001	1.33004			6
2025.10.10	01:18:45.716	1.33000	1.33003			6
2025.10.10	01:18:46.336	1.33001	1.33004			6
2025.10.10	01:18:50.083	1.33002	1.33005			6
2025.10.10	01:18:50.400	1.33001	1.33004			6
2025.10.10	01:18:51.020	1.33002	1.33005			6
2025.10.10	01:19:00.003	1.33002				2
2025.10.10	01:19:00.947	1.33001	1.33004			6
2025.10.10	01:19:01.262	1.33002	1.33005			6
2025.10.10	01:19:03.443	1.33003	1.33006			6
2025.10.10	01:19:07.480	1.33004	1.33007			6
2025.10.10	01:19:10.598	1.33001	1.33004			6
2025.10.10	01:19:15.860	1.33002	1.33005			6
2025.10.10	01:19:21.131	1.33003	1.33006			6
2025.10.10	01:19:25.809	1.33002	1.33005			6
2025.10.10	01:19:26.747	1.33001	1.33004			6
2025.10.10	01:19:30.816	1.33004	1.33007			6
2025.10.10	01:19:36.390	1.33005				2
2025.10.10	01:20:00.085	1.33005				2
2025.10.10	01:20:00.397	1.33001	1.33004			6
2025.10.10	01:20:02.261	1.33004	1.33007			6
2025.10.10	01:20:07.216	1.33005				2
2025.10.10	01:20:10.343	1.33004				2
2025.10.10	01:20:43.091	1.33005				2
2025.10.10	01:20:44.324	1.33004				2
2025.10.10	01:20:45.256	1.33005				2
2025.10.10	01:20:45.877	1.33004				2
2025.10.10	01:20:56.472	1.33005				2
2025.10.10	01:21:00.183	1.33005				2
2025.10.10	01:21:02.339		1.33007			4
2025.10.10	01:21:10.441	1.33004				2
2025.10.10	01:21:16.954	1.33005				2
2025.10.10	01:21:18.197	1.33011	1.33014			6
2025.10.10	01:21:18.502	1.33003	1.33006			6
2025.10.10	01:21:30.528	1.33002	1.33005			6
2025.10.10	01:21:35.757	1.33003	1.33006			6
2025.10.10	01:21:41.592	1.33004	1.33007			6
2025.10.10	01:21:42.817	1.33003	1.33006			6
2025.10.10	01:21:45.891	1.33004	1.33007			6
2025.10.10	01:21:47.735	1.33003	1.33006			6
2025.10.10	01:21:48.969	1.33000	1.33003			6
2025.10.10	01:21:49.283	1.33001	1.33004			6
2025.10.10	01:21:52.370	1.33002	1.33005			6
2025.10.10	01:21:52.675	1.33004	1.33007			6
2025.10.10	01:22:00.132	1.33004				2
2025.10.10	01:22:01.061	1.33013	1.33015			6
2025.10.10	01:22:01.367		1.33016			4
2025.10.10	01:22:01.987	1.33012	1.33015			6
2025.10.10	01:22:06.020	1.33009	1.33012			6
2025.10.10	01:22:06.323	1.33008	1.33011			6
2025.10.10	01:22:07.262	1.33007				2
2025.10.10	01:22:10.366	1.33008				2
2025.10.10	01:22:11.291	1.33009	1.33012			6
2025.10.10	01:22:11.610	1.33012	1.33013			6
2025.10.10	01:22:11.917	1.33011				2
2025.10.10	01:22:12.233	1.33010				2
2025.10.10	01:22:12.538	1.33009				2
2025.10.10	01:22:18.100	1.33010				2
2025.10.10	01:22:31.375	1.33009	1.33012			6
2025.10.10	01:22:32.919	1.33010	1.33013			6
2025.10.10	01:22:38.481	1.33009	1.33012			6
2025.10.10	01:22:42.828	1.33008	1.33011			6
2025.10.10	01:22:44.064	1.33009	1.33012			6
2025.10.10	01:22:45.316	1.33008	1.33011			6
2025.10.10	01:22:47.502	1.33007	1.33010			6
2025.10.10	01:22:47.810	1.33008	1.33011			6
2025.10.10	01:22:48.128	1.33007	1.33010			6
2025.10.10	01:22:48.452	1.33008	1.33011			6
2025.10.10	01:22:55.563	1.33009	1.33012			6
2025.10.10	01:23:00.193	1.33009				2
2025.10.10	01:23:05.469	1.33008	1.33011			6
2025.10.10	01:23:12.861	1.33007	1.33010			6
2025.10.10	01:23:14.404	1.33008	1.33011			6
2025.10.10	01:23:17.489	1.33007	1.33010			6
2025.10.10	01:23:48.663	1.33006	1.33007			6
2025.10.10	01:23:48.967	1.33007	1.33010			6
2025.10.10	01:23:49.283	1.33006	1.33007			6
2025.10.10	01:23:49.589	1.33007	1.33010			6
2025.10.10	01:23:50.522	1.33006	1.33007			6
2025.10.10	01:23:50.829	1.33007	1.33010			6
2025.10.10	01:23:51.131	1.33006	1.33007			6
2025.10.10	01:23:51.440	1.33007	1.33010			6
2025.10.10	01:23:51.756	1.33006	1.33007			6
2025.10.10	01:23:52.062	1.33007	1.33010			6
2025.10.10	01:23:56.360	1.33008	1.33011			6
2025.10.10	01:24:00.074	1.33007	1.33010			6
2025.10.10	01:24:05.333	1.33008	1.33011			6
2025.10.10	01:24:08.725	1.33007	1.33010			6
2025.10.10	01:24:11.790	1.33006	1.33009			6
2025.10.10	01:24:13.040	1.33007	1.33010			6
2025.10.10	01:24:13.970	1.33008	1.33011			6
2025.10.10	01:24:14.585	1.33007	1.33010			6
2025.10.10	01:24:16.468	1.33008	1.33011			6
2025.10.10	01:24:18.957	1.33007	1.33010			6
2025.10.10	01:24:56.432	1.33006	1.33009			6
2025.10.10	01:24:58.923	1.33007	1.33010			6
2025.10.10	01:24:59.850	1.33006	1.33009			6
2025.10.10	01:25:00.164	1.33006				2
2025.10.10	01:25:19.368	1.33005	1.33008			6
2025.10.10	01:25:21.843	1.33006	1.33009			6
2025.10.10	01:25:24.327	1.32994	1.32997			6
2025.10.10	01:25:25.254	1.32992	1.32998			6
2025.10.10	01:25:29.603	1.32991	1.32999			6
2025.10.10	01:25:30.232	1.32992	1.32998			6
2025.10.10	01:25:30.548	1.32990	1.32996			6
2025.10.10	01:25:32.438	1.32989				2
2025.10.10	01:25:32.748	1.32990				2
2025.10.10	01:25:34.303		1.32995			4
2025.10.10	01:25:35.556	1.32989				2
2025.10.10	01:25:35.868	1.32990				2
2025.10.10	01:25:38.653	1.32989				2
2025.10.10	01:25:38.961	1.32990				2
2025.10.10	01:25:42.403	1.32989				2
2025.10.10	01:25:45.501	1.32990				2
2025.10.10	01:25:45.811	1.32989				2
2025.10.10	01:25:47.663	1.32990				2
2025.10.10	01:25:47.971	1.32989				2
2025.10.10	01:25:48.591	1.32990				2
2025.10.10	01:25:48.902	1.32989	1.32996			6
2025.10.10	01:25:49.209		1.32995			4
2025.10.10	01:25:50.764		1.32996			4
2025.10.10	01:25:51.077		1.32995			4
2025.10.10	01:25:51.392		1.32994			4
2025.10.10	01:25:51.699		1.32995			4
2025.10.10	01:25:52.004		1.32994			4
2025.10.10	01:25:53.862		1.32995			4
2025.10.10	01:25:54.168	1.32987	1.32993			6
2025.10.10	01:25:54.474	1.32986	1.32992			6
2025.10.10	01:25:59.114	1.32987	1.32993			6
2025.10.10	01:26:00.042	1.32987				2
2025.10.10	01:26:01.586	1.32986	1.32989			6
2025.10.10	01:26:01.900	1.32985				2
2025.10.10	01:26:04.369	1.32986				2
2025.10.10	01:26:13.029	1.32987				2
2025.10.10	01:26:13.957	1.32986				2
2025.10.10	01:26:14.580	1.32985				2
2025.10.10	01:26:23.565	1.32988	1.32992			6
2025.10.10	01:26:26.996	1.32987	1.32991			6
2025.10.10	01:26:33.200	1.32988	1.32992			6
2025.10.10	01:26:38.187	1.32989				2
2025.10.10	01:26:42.157	1.32988	1.32991			6
2025.10.10	01:26:45.549	1.32989	1.32992			6
2025.10.10	01:26:46.158	1.32988	1.32991			6
2025.10.10	01:26:47.694	1.32987	1.32990			6
2025.10.10	01:26:47.999	1.32989	1.32991			6
2025.10.10	01:26:48.605	1.32988				2
2025.10.10	01:26:56.277	1.32987	1.32990			6
2025.10.10	01:26:56.880	1.32988	1.32991			6
2025.10.10	01:27:00.246	1.32988				2
2025.10.10	01:27:04.837	1.32989				2
2025.10.10	01:27:06.373	1.32988				2
2025.10.10	01:27:07.007	1.32989				2
2025.10.10	01:27:11.937		1.32992			4
2025.10.10	01:27:12.549	1.32988	1.32991			6
2025.10.10	01:27:18.681	1.32989	1.32992			6
2025.10.10	01:27:23.892	1.32988	1.32991			6
2025.10.10	01:27:24.193	1.32990	1.32993			6
2025.10.10	01:27:24.502	1.32994	1.32996			6
2025.10.10	01:27:26.339	1.32995				2
2025.10.10	01:27:39.610	1.32994	1.32995			6
2025.10.10	01:27:40.850		1.32996			4
2025.10.10	01:27:41.159		1.32995			4
2025.10.10	01:27:46.314		1.32996			4
2025.10.10	01:27:56.826	1.32996	1.32997			6
2025.10.10	01:28:00.236	1.32996				2
2025.10.10	01:28:01.779	1.32993	1.32996			6
2025.10.10	01:28:02.697	1.32994				2
2025.10.10	01:28:04.840	1.32995				2
2025.10.10	01:28:05.154	1.32994				2
2025.10.10	01:28:07.945	1.32995				2
2025.10.10	01:28:08.251	1.32993				2
2025.10.10	01:28:10.106	1.32995				2
2025.10.10	01:28:10.412	1.32993				2
2025.10.10	01:28:11.030	1.32995				2
2025.10.10	01:28:11.335	1.32993				2
2025.10.10	01:28:12.265		1.32995			4
2025.10.10	01:28:13.190	1.32995	1.32996			6
2025.10.10	01:28:13.503	1.32994	1.32995			6
2025.10.10	01:28:16.286	1.32995	1.32996			6
2025.10.10	01:28:16.595	1.32994	1.32995			6
2025.10.10	01:28:17.221	1.32993				2
2025.10.10	01:28:18.449	1.32992	1.32994			6
2025.10.10	01:28:18.764	1.32991				2
2025.10.10	01:28:20.625	1.32994	1.32995			6
2025.10.10	01:28:20.932	1.32992				2
2025.10.10	01:28:22.779	1.32993				2
2025.10.10	01:28:23.094	1.32992				2
2025.10.10	01:28:25.868	1.32993				2
2025.10.10	01:28:26.180	1.32992				2
2025.10.10	01:28:26.794	1.32993				2
2025.10.10	01:28:27.728	1.32994				2
2025.10.10	01:28:28.351	1.32993				2
2025.10.10	01:28:29.578	1.32994				2
2025.10.10	01:28:29.885	1.32993				2
2025.10.10	01:28:31.731	1.32994				2
2025.10.10	01:28:32.044	1.32993				2
2025.10.10	01:28:32.350		1.32996			4
2025.10.10	01:28:32.654	1.32994				2
2025.10.10	01:28:32.965	1.32993				2
2025.10.10	01:28:34.815	1.32994				2
2025.10.10	01:28:35.129	1.32993				2
2025.10.10	01:28:36.362	1.32994				2
2025.10.10	01:28:36.676	1.32993				2
2025.10.10	01:28:39.452	1.32994				2
2025.10.10	01:28:40.071	1.32993				2
2025.10.10	01:28:40.990	1.32994				2
2025.10.10	01:28:41.299	1.32993				2
2025.10.10	01:28:44.076	1.32994				2
2025.10.10	01:28:44.380	1.32993				2
2025.10.10	01:28:46.228	1.32994				2
2025.10.10	01:28:46.540	1.32993				2
2025.10.10	01:28:47.151	1.32994				2
2025.10.10	01:28:47.465	1.32993				2
2025.10.10	01:28:49.320	1.32994				2
2025.10.10	01:28:49.632	1.32993				2
2025.10.10	01:28:57.947	1.32992	1.32995			6
2025.10.10	01:28:58.258	1.32991	1.32994			6
2025.10.10	01:28:59.802	1.32993	1.32996			6
2025.10.10	01:29:00.105	1.32992	1.32995			6
2025.10.10	01:29:00.723	1.32993	1.32996			6
2025.10.10	01:29:06.907	1.32994				2
2025.10.10	01:29:08.450	1.32993				2
2025.10.10	01:29:10.603	1.32994				2
2025.10.10	01:29:11.533		1.32997			4
2025.10.10	01:29:11.841		1.32996			4
2025.10.10	01:29:12.145	1.32993				2
2025.10.10	01:29:45.651	1.32992	1.32995			6
2025.10.10	01:29:52.502	1.32993	1.32996			6
2025.10.10	01:30:00.261	1.32993				2
2025.10.10	01:30:06.786	1.32992	1.32995			6
2025.10.10	01:30:07.409	1.32993	1.32996			6
2025.10.10	01:30:12.702	1.32992	1.32995			6
2025.10.10	01:30:13.325	1.32993	1.32996			6
2025.10.10	01:30:13.950	1.32992	1.32995			6
2025.10.10	01:30:14.261	1.32993	1.32996			6
2025.10.10	01:30:15.194	1.32992	1.32995			6
2025.10.10	01:30:42.509	1.32993	1.32996			6
2025.10.10	01:30:45.603	1.32992	1.32995			6
2025.10.10	01:30:51.486	1.32993	1.32996			6
2025.10.10	01:30:55.517	1.32992	1.32995			6
2025.10.10	01:30:57.375	1.32993				2
2025.10.10	01:30:57.690	1.32992				2
2025.10.10	01:31:00.170	1.32992				2
2025.10.10	01:31:02.029	1.32993				2
2025.10.10	01:31:02.649	1.32992				2
2025.10.10	01:31:04.199	1.32993				2
2025.10.10	01:31:04.515	1.32992				2
2025.10.10	01:31:07.325	1.32993				2
2025.10.10	01:31:07.632	1.32992				2
2025.10.10	01:31:10.420	1.32993				2
2025.10.10	01:31:10.730	1.32992				2
2025.10.10	01:31:12.582	1.32993				2
2025.10.10	01:31:12.890	1.32992				2
2025.10.10	01:31:13.506	1.32993				2
2025.10.10	01:31:13.814	1.32992				2
2025.10.10	01:31:18.486	1.32993				2
2025.10.10	01:31:18.799	1.32992				2
2025.10.10	01:31:55.681		1.32995			4
2025.10.10	01:31:57.551	1.32993				2
2025.10.10	01:31:57.853	1.32992				2
2025.10.10	01:32:00.022	1.32992				2
2025.10.10	01:32:08.394	1.32991	1.32994			6
2025.10.10	01:32:09.017	1.32992	1.32995			6
2025.10.10	01:32:10.888	1.32993	1.32996			6
2025.10.10	01:32:11.196	1.32992	1.32995			6
2025.10.10	01:32:13.690	1.32993	1.32996			6
2025.10.10	01:32:14.012	1.32992	1.32995			6
2025.10.10	01:32:14.634	1.32993	1.32996			6
2025.10.10	01:32:14.943	1.32992	1.32995			6
2025.10.10	01:32:16.817	1.32993	1.32996			6
2025.10.10	01:32:17.433	1.32992	1.32995			6
2025.10.10	01:32:17.741	1.32993	1.32996			6
2025.10.10	01:32:18.049	1.32992	1.32995			6
2025.10.10	01:32:20.827	1.32993	1.32996			6
2025.10.10	01:32:21.135	1.32992	1.32995			6
2025.10.10	01:32:21.756	1.32993	1.32996			6
2025.10.10	01:32:22.378	1.32992	1.32995			6
2025.10.10	01:32:24.553	1.32993	1.32996			6
2025.10.10	01:32:24.862	1.32992	1.32995			6
2025.10.10	01:32:26.711	1.32993	1.32996			6
2025.10.10	01:32:27.018	1.32992	1.32995			6
2025.10.10	01:32:27.328	1.32993	1.32996			6
2025.10.10	01:32:27.633	1.32992	1.32995			6
2025.10.10	01:32:28.254	1.32993	1.32996			6
2025.10.10	01:32:30.121	1.32992	1.32995			6
2025.10.10	01:32:30.429	1.32990	1.32993			6
2025.10.10	01:32:31.048	1.32991	1.32994			6
2025.10.10	01:32:31.357	1.32990	1.32993			6
2025.10.10	01:32:33.208	1.32991	1.32994			6
2025.10.10	01:32:33.518	1.32990	1.32993			6
2025.10.10	01:32:34.143	1.32991	1.32994			6
2025.10.10	01:32:36.314	1.32992	1.32995			6
2025.10.10	01:32:56.201	1.32991	1.32994			6
2025.10.10	01:32:56.503	1.32990	1.32993			6
2025.10.10	01:32:57.442	1.32991	1.32994			6
2025.10.10	01:32:57.747	1.32990	1.32993			6
2025.10.10	01:32:59.916	1.32991	1.32994			6
2025.10.10	01:33:00.234	1.32990	1.32993			6
2025.10.10	01:33:02.406	1.32992	1.32995			6
2025.10.10	01:33:05.828	1.32993	1.32996			6
2025.10.10	01:33:08.318	1.32992	1.32995			6
2025.10.10	01:33:10.790	1.32991	1.32994			6
2025.10.10	01:33:17.911	1.32990	1.32993			6
2025.10.10	01:33:18.834	1.32991	1.32994			6
2025.10.10	01:33:19.144	1.32990	1.32993			6
2025.10.10	01:33:21.916	1.32991	1.32994			6
2025.10.10	01:33:22.221	1.32990	1.32993			6
2025.10.10	01:33:23.767	1.32991	1.32994			6
2025.10.10	01:33:24.083	1.32990	1.32993			6
2025.10.10	01:33:24.386	1.32991	1.32994			6
2025.10.10	01:33:25.633	1.32992	1.32995			6
2025.10.10	01:33:28.731	1.32991	1.32994			6
2025.10.10	01:33:30.271	1.32990	1.32993			6
2025.10.10	01:33:33.694	1.32992	1.32995			6
2025.10.10	01:33:40.227	1.32991	1.32994			6
2025.10.10	01:33:40.544	1.32994	1.32997			6
2025.10.10	01:33:40.860	1.32991	1.32994			6
2025.10.10	01:33:41.470	1.32990	1.32993			6
2025.10.10	01:33:42.096	1.32991	1.32994			6
2025.10.10	01:33:42.713	1.32992	1.32995			6
2025.10.10	01:33:44.883	1.32991	1.32994			6
2025.10.10	01:33:45.504	1.32992	1.32995			6
2025.10.10	01:33:47.374	1.32991	1.32994			6
2025.10.10	01:33:49.256	1.32992	1.32995			6
2025.10.10	01:33:59.168	1.32991	1.32994			6
2025.10.10	01:34:00.101	1.32991				2
2025.10.10	01:34:01.650	1.32992	1.32995			6
2025.10.10	01:34:10.000	1.32991	1.32994			6
2025.10.10	01:34:12.170	1.32992	1.32995			6
2025.10.10	01:34:13.412	1.32991	1.32994			6
2025.10.10	01:34:14.030	1.32990	1.32993			6
2025.10.10	01:34:20.222	1.32991	1.32994			6
2025.10.10	01:34:23.316	1.32992	1.32995			6
2025.10.10	01:34:28.868	1.32994	1.32997			6
2025.10.10	01:34:29.797	1.32991	1.32994			6
2025.10.10	01:34:30.115	1.32993	1.32996			6
2025.10.10	01:34:31.348	1.32992	1.32995			6
2025.10.10	01:34:31.662	1.32991	1.32994			6
2025.10.10	01:34:32.588	1.32992	1.32995			6
2025.10.10	01:34:46.580	1.32993	1.32996			6
2025.10.10	01:34:47.516	1.32992	1.32995			6
2025.10.10	01:34:50.327	1.32993	1.32996			6
2025.10.10	01:34:59.298	1.32994	1.32997			6
2025.10.10	01:34:59.923	1.32992	1.32995			6
2025.10.10	01:35:00.230	1.32994	1.32997			6
2025.10.10	01:35:00.542	1.32993	1.32996			6
2025.10.10	01:35:03.332	1.32992	1.32995			6
2025.10.10	01:35:03.641	1.32993	1.32996			6
2025.10.10	01:35:04.270	1.32991	1.32994			6
2025.10.10	01:35:04.578	1.32993	1.32996			6
2025.10.10	01:35:07.366	1.32992	1.32995			6
2025.10.10	01:35:07.683	1.32993	1.32996			6
2025.10.10	01:35:12.659	1.32992	1.32995			6
2025.10.10	01:35:12.960	1.32993	1.32996			6
2025.10.10	01:35:15.747	1.32992	1.32995			6
2025.10.10	01:35:16.067	1.32993	1.32996			6
2025.10.10	01:35:18.856	1.32992	1.32995			6
2025.10.10	01:35:19.162	1.32994	1.32997			6
2025.10.10	01:35:19.796	1.32992	1.32995			6
2025.10.10	01:35:20.104	1.32993	1.32996			6
2025.10.10	01:35:20.731	1.32992	1.32995			6
2025.10.10	01:35:21.041	1.32994	1.32997			6
2025.10.10	01:35:21.968	1.32993	1.32996			6
2025.10.10	01:35:22.285	1.32992	1.32995			6
2025.10.10	01:35:22.592	1.32991	1.32994			6
2025.10.10	01:35:23.839	1.32992	1.32995			6
2025.10.10	01:35:26.663	1.32994	1.32997			6
2025.10.10	01:35:26.968	1.32993	1.32996			6
2025.10.10	01:35:27.600	1.32991	1.32994			6
2025.10.10	01:35:27.905	1.32993	1.32996			6
2025.10.10	01:35:28.834	1.32991	1.32994			6
2025.10.10	01:35:29.148	1.32993	1.32996			6
2025.10.10	01:35:31.956	1.32991	1.32994			6
2025.10.10	01:35:32.260	1.32993	1.32996			6
2025.10.10	01:35:35.056	1.32992	1.32995			6
2025.10.10	01:35:35.371	1.32993	1.32996			6
2025.10.10	01:35:38.163	1.32992	1.32995			6
2025.10.10	01:35:38.473	1.32993	1.32996			6
2025.10.10	01:35:41.254	1.32992	1.32995			6
2025.10.10	01:35:41.559	1.32993	1.32996			6
2025.10.10	01:35:44.362	1.32992	1.32995			6
2025.10.10	01:35:44.985	1.32993	1.32996			6
2025.10.10	01:35:45.300	1.32992	1.32995			6
2025.10.10	01:35:45.609	1.32993	1.32996			6
2025.10.10	01:35:46.248	1.32991	1.32994			6
2025.10.10	01:35:46.556	1.32993	1.32996			6
2025.10.10	01:35:48.408	1.32991	1.32994			6
2025.10.10	01:35:48.716	1.32993	1.32996			6
2025.10.10	01:35:49.964	1.32994	1.32997			6
2025.10.10	01:35:51.532	1.32992	1.32995			6
2025.10.10	01:35:51.845	1.32994	1.32997			6
2025.10.10	01:35:54.041	1.32992	1.32995			6
2025.10.10	01:35:54.351	1.32994	1.32997			6
2025.10.10	01:35:57.152	1.32992	1.32995			6
2025.10.10	01:35:57.468	1.32994	1.32997			6
2025.10.10	01:36:00.267	1.32992	1.32995			6
2025.10.10	01:36:00.578	1.32994	1.32997			6
2025.10.10	01:36:01.200	1.32995				2
2025.10.10	01:36:01.508	1.32994				2
2025.10.10	01:36:02.139	1.32995	1.32998			6
2025.10.10	01:36:02.451	1.32994	1.32997			6
2025.10.10	01:36:08.665	1.32993	1.32996			6
2025.10.10	01:36:09.299	1.32994	1.32997			6
2025.10.10	01:36:10.549	1.32993	1.32996			6
2025.10.10	01:36:11.809	1.32994	1.32997			6
2025.10.10	01:36:15.554	1.32993	1.32995			6
2025.10.10	01:36:16.772		1.32996			4
2025.10.10	01:36:20.800	1.32994	1.32997			6
2025.10.10	01:36:21.727	1.32993	1.32996			6
2025.10.10	01:36:22.033	1.32997	1.32998			6
2025.10.10	01:36:22.341	1.33000	1.33003			6
2025.10.10	01:36:22.650	1.33001	1.33004			6
2025.10.10	01:36:23.266	1.32998	1.33005			6
2025.10.10	01:36:24.186		1.33004			4
2025.10.10	01:36:25.423	1.32999	1.33006			6
2025.10.10	01:36:46.508	1.32998	1.33004			6
2025.10.10	01:36:46.829		1.33005			4
2025.10.10	01:36:53.957		1.33004			4
2025.10.10	01:36:59.816	1.33000	1.33007			6
2025.10.10	01:37:00.134	1.33001				2
2025.10.10	01:37:00.441	1.33000	1.33006			6
2025.10.10	01:37:00.753	1.32999	1.33005			6
2025.10.10	01:37:01.368		1.33006			4
2025.10.10	01:37:11.284	1.33000				2
2025.10.10	01:37:19.620	1.33001	1.33007			6
2025.10.10	01:37:21.157	1.33000	1.33006			6
2025.10.10	01:37:25.164	1.33001				2
2025.10.10	01:37:25.472	1.33000	1.33005			6
2025.10.10	01:37:26.717	1.33001	1.33006			6
2025.10.10	01:37:31.369	1.33000	1.33005			6
2025.10.10	01:37:33.234	1.33001	1.33006			6
2025.10.10	01:37:35.087		1.33005			4
2025.10.10	01:37:46.146	1.33002				2
2025.10.10	01:37:56.599	1.33001	1.33004			6
2025.10.10	01:38:00.260	1.33001				2
2025.10.10	01:38:00.567	1.33002	1.33005			6
2025.10.10	01:38:01.811	1.33001	1.33004			6
2025.10.10	01:38:02.726	1.33002	1.33005			6
2025.10.10	01:38:08.555	1.33001	1.33004			6
2025.10.10	01:38:09.790	1.33003	1.33006			6
2025.10.10	01:38:10.704	1.33001	1.33004			6
2025.10.10	01:38:11.929	1.33002	1.33005			6
2025.10.10	01:38:12.845	1.33003	1.33006			6
2025.10.10	01:38:13.153	1.33001	1.33004			6
2025.10.10	01:38:14.981	1.33003	1.33006			6
2025.10.10	01:38:15.286	1.33001	1.33004			6
2025.10.10	01:38:18.029	1.33002	1.33005			6
2025.10.10	01:38:18.954	1.33001	1.33004			6
2025.10.10	01:38:19.565	1.33002	1.33005			6
2025.10.10	01:38:21.403	1.33003	1.33006			6
2025.10.10	01:38:22.624	1.33002	1.33005			6
2025.10.10	01:38:23.228	1.33003	1.33006			6
2025.10.10	01:38:23.847	1.33002	1.33005			6
2025.10.10	01:38:24.154	1.33003	1.33006			6
2025.10.10	01:38:24.774	1.33001	1.33004			6
2025.10.10	01:38:25.688	1.33002	1.33005			6
2025.10.10	01:38:26.597	1.33003	1.33006			6
2025.10.10	01:38:26.907	1.33002	1.33005			6
2025.10.10	01:38:28.742	1.33003	1.33006			6
2025.10.10	01:38:29.049	1.33001	1.33004			6
2025.10.10	01:38:29.665	1.33002	1.33005			6
2025.10.10	01:38:29.971	1.33001	1.33004			6
2025.10.10	01:38:31.815	1.33002	1.33005			6
2025.10.10	01:38:32.131	1.33001	1.33004			6
2025.10.10	01:38:34.882	1.33003	1.33005			6
2025.10.10	01:38:35.192	1.33001	1.33004			6
2025.10.10	01:38:37.969	1.33003	1.33005			6
2025.10.10	01:38:38.275	1.33001	1.33004			6
2025.10.10	01:38:40.119	1.33003	1.33005			6
2025.10.10	01:38:40.426	1.33001	1.33004			6
2025.10.10	01:38:43.157	1.33003	1.33005			6
2025.10.10	01:38:43.461	1.33001	1.33004			6
2025.10.10	01:38:44.694	1.33002	1.33005			6
2025.10.10	01:38:45.303	1.33003	1.33006			6
2025.10.10	01:38:45.615	1.33002	1.33005			6
2025.10.10	01:38:47.468	1.33001	1.33004			6
2025.10.10	01:38:48.387	1.33003	1.33006			6
2025.10.10	01:38:48.689	1.33001	1.33004			6
2025.10.10	01:38:50.530	1.33002	1.33005			6
2025.10.10	01:38:50.836	1.33001	1.33004			6
2025.10.10	01:38:51.443	1.33003	1.33005			6
2025.10.10	01:38:51.753	1.33001	1.33004			6
2025.10.10	01:38:53.590	1.33003	1.33005			6
2025.10.10	01:38:53.892	1.33001	1.33004			6
2025.10.10	01:38:55.733	1.33000	1.33003			6
2025.10.10	01:38:56.337	1.33001	1.33004			6
2025.10.10	01:38:56.643	1.33000	1.33003			6
2025.10.10	01:38:58.477	1.33001	1.33004			6
2025.10.10	01:38:58.780	1.33000	1.33003			6
2025.10.10	01:39:00.001	1.33000				2
2025.10.10	01:39:01.534	1.33001	1.33004			6
2025.10.10	01:39:01.837	1.33000	1.33003			6
2025.10.10	01:39:24.343	1.32999	1.33002			6
2025.10.10	01:39:32.689	1.33000	1.33003			6
2025.10.10	01:39:33.933	1.33001	1.33004			6
2025.10.10	01:39:36.402	1.33000	1.33003			6
2025.10.10	01:39:47.186	1.33001	1.33004			6
2025.10.10	01:39:47.496	1.33000	1.33003			6
2025.10.10	01:39:55.895	1.33001	1.33004			6
2025.10.10	01:39:57.455	1.33000	1.33003			6
2025.10.10	01:40:00.251	1.33000				2
2025.10.10	01:40:00.565		1.33001			4
2025.10.10	01:40:00.868	1.32995	1.32998			6
2025.10.10	01:40:01.174	1.32994				2
2025.10.10	01:40:01.491	1.32993				2
2025.10.10	01:40:03.359		1.32997			4
2025.10.10	01:40:05.853	1.32994	1.32998			6
2025.10.10	01:40:07.114	1.32999	1.33000			6
2025.10.10	01:40:07.428	1.32994	1.32998			6
2025.10.10	01:40:07.736	1.32999	1.33000			6
2025.10.10	01:40:08.043	1.32994	1.32998			6
2025.10.10	01:40:08.354	1.32999	1.33000			6
2025.10.10	01:40:08.665	1.32994	1.32998			6
2025.10.10	01:40:08.978	1.32999	1.33000			6
2025.10.10	01:40:09.287	1.32994	1.32998			6
2025.10.10	01:40:09.602	1.32999	1.33000			6
2025.10.10	01:40:09.911	1.32994	1.32998			6
2025.10.10	01:40:10.224	1.32999	1.33000			6
2025.10.10	01:40:10.538	1.32994	1.32998			6
2025.10.10	01:40:12.096	1.32993	1.32997			6
2025.10.10	01:40:14.273	1.32994	1.32998			6
2025.10.10	01:40:16.132	1.32995				2
2025.10.10	01:40:19.865	1.32992	1.32995			6
2025.10.10	01:40:20.169	1.32995	1.32997			6
2025.10.10	01:40:21.094	1.32994				2
2025.10.10	01:40:21.407	1.32992	1.32995			6
2025.10.10	01:40:21.716	1.32994	1.32997			6
2025.10.10	01:40:22.659	1.32992	1.32995			6
2025.10.10	01:40:23.280	1.32994	1.32997			6
2025.10.10	01:40:23.899	1.32992	1.32995			6
2025.10.10	01:40:24.205	1.32994	1.32997			6
2025.10.10	01:40:26.083	1.32993	1.32996			6
2025.10.10	01:40:26.391	1.32994	1.32997			6
2025.10.10	01:40:27.013	1.32992	1.32995			6
2025.10.10	01:40:27.318	1.32994	1.32997			6
2025.10.10	01:40:29.177	1.32992	1.32995			6
2025.10.10	01:40:29.488	1.32994	1.32997			6
2025.10.10	01:40:30.108	1.32992	1.32995			6
2025.10.10	01:40:30.417	1.32994	1.32997			6
2025.10.10	01:40:32.305	1.32993				2
2025.10.10	01:40:33.244	1.32992	1.32996			6
2025.10.10	01:40:33.549	1.32993	1.32997			6
2025.10.10	01:40:34.181	1.32994				2
2025.10.10	01:40:37.598	1.32992	1.32995			6
2025.10.10	01:40:37.905	1.32994	1.32997			6
2025.10.10	01:40:38.225	1.32993	1.32996			6
2025.10.10	01:40:50.062	1.32994	1.32997			6
2025.10.10	01:40:50.682	1.32992	1.32995			6
2025.10.10	01:40:52.245	1.32991				2
2025.10.10	01:40:52.552	1.32992	1.32996			6
2025.10.10	01:40:52.866	1.32993	1.32997			6
2025.10.10	01:40:53.174	1.32994				2
2025.10.10	01:40:53.808	1.32993	1.32996			6
2025.10.10	01:40:54.119	1.32992	1.32997			6
2025.10.10	01:40:58.177		1.32996			4
2025.10.10	01:41:00.057	1.32992				2
2025.10.10	01:41:07.187	1.32993				2
2025.10.10	01:41:09.355	1.32998	1.32999			6
2025.10.10	01:41:11.245	1.32994	1.32998			6
2025.10.10	01:41:17.157	1.32995				2
2025.10.10	01:41:23.050	1.32996				2
2025.10.10	01:41:23.361	1.32995				2
2025.10.10	01:41:24.305	1.32996				2
2025.10.10	01:41:26.474		1.32999			4
2025.10.10	01:41:28.654	1.32994	1.32998			6
2025.10.10	01:41:28.964	1.32996				2
2025.10.10	01:41:31.779	1.32994				2
2025.10.10	01:41:32.088	1.32996				2
2025.10.10	01:41:32.408	1.32997				2
2025.10.10	01:41:34.596	1.32998	1.33001			6
2025.10.10	01:41:34.898		1.33002			4
2025.10.10	01:41:36.445		1.33001			4
2025.10.10	01:41:36.752		1.33002			4
2025.10.10	01:41:46.372	1.32999				2
2025.10.10	01:41:51.551	1.33001				2
2025.10.10	01:41:51.853		1.33004			4
2025.10.10	01:41:52.472	1.33002	1.33005			6
2025.10.10	01:41:52.774	1.33001	1.33004			6
2025.10.10	01:42:00.131	1.33001				2
2025.10.10	01:42:02.586	1.33000	1.33003			6
2025.10.10	01:42:09.017	1.32999	1.33002			6
2025.10.10	01:42:09.325	1.33000	1.33003			6
2025.10.10	01:42:12.085	1.33001	1.33004			6
2025.10.10	01:42:16.692	1.33002				2
2025.10.10	01:42:16.996		1.33005			4
2025.10.10	01:42:20.659		1.33004			4
2025.10.10	01:42:26.197	1.33001				2
2025.10.10	01:42:26.814	1.33002				2
2025.10.10	01:42:28.029		1.33005			4
2025.10.10	01:42:43.766	1.33001	1.33004			6
2025.10.10	01:42:44.387	1.33002	1.33005			6
2025.10.10	01:42:49.349		1.33004			4
2025.10.10	01:42:49.659	1.33001				2
2025.10.10	01:42:52.146		1.33003			4
2025.10.10	01:42:52.457	1.33002	1.33004			6
2025.10.10	01:42:53.389		1.33005			4
2025.10.10	01:43:00.264	1.33002				2
2025.10.10	01:43:05.990	1.33001	1.33004			6
2025.10.10	01:43:15.004	1.33002				2
2025.10.10	01:43:16.254		1.33005			4
2025.10.10	01:43:17.196		1.33004			4
2025.10.10	01:43:24.348	1.33001				2
2025.10.10	01:43:25.283	1.33002	1.33005			6
2025.10.10	01:43:26.531	1.33001	1.33004			6
2025.10.10	01:43:33.959	1.33002	1.33005			6
2025.10.10	01:43:36.137	1.33001	1.33004			6
2025.10.10	01:43:38.941	1.33002	1.33005			6
2025.10.10	01:43:39.247	1.33001	1.33004			6
2025.10.10	01:43:42.058	1.33002	1.33005			6
2025.10.10	01:43:42.372	1.33001	1.33004			6
2025.10.10	01:43:45.159	1.33002	1.33005			6
2025.10.10	01:43:51.996	1.33000	1.33003			6
2025.10.10	01:43:52.620	1.33001	1.33004			6
2025.10.10	01:44:00.077	1.33001				2
2025.10.10	01:44:44.857	1.33002	1.33005			6
2025.10.10	01:44:53.532	1.33000	1.33003			6
2025.10.10	01:44:54.467	1.33002	1.33005			6
2025.10.10	01:44:54.777	1.33001	1.33004			6
2025.10.10	01:44:58.782	1.33002	1.33005			6
2025.10.10	01:44:59.400	1.33001	1.33004			6
2025.10.10	01:45:00.016	1.33001				2
2025.10.10	01:45:00.951	1.33002	1.33005			6
2025.10.10	01:45:01.255	1.33001	1.33004			6
2025.10.10	01:45:02.795	1.33002	1.33005			6
2025.10.10	01:45:03.405	1.33001	1.33004			6
2025.10.10	01:45:03.711	1.33002	1.33005			6
2025.10.10	01:45:04.018	1.33001	1.33004			6
2025.10.10	01:45:04.323	1.33002	1.33005			6
2025.10.10	01:45:04.631	1.33001	1.33004			6
2025.10.10	01:45:05.250	1.33002	1.33005			6
2025.10.10	01:45:16.670	1.33001	1.33004			6
2025.10.10	01:45:26.530	1.33002	1.33005			6
2025.10.10	01:45:38.900	1.33001	1.33004			6
2025.10.10	01:45:46.643	1.33002	1.33005			6
2025.10.10	01:46:00.273	1.33002				2
2025.10.10	01:46:10.167	1.33003	1.33006			6
2025.10.10	01:47:00.007	1.33003				2
2025.10.10	01:47:10.243		1.33006			4
2025.10.10	01:47:10.547	1.33002	1.33005			6
2025.10.10	01:48:00.217	1.33002				2
2025.10.10	01:48:01.446	1.33001	1.33004			6
2025.10.10	01:48:05.158	1.33000	1.33001			6
2025.10.10	01:48:05.479	1.33001	1.33004			6
2025.10.10	01:48:05.792	1.33000	1.33001			6
2025.10.10	01:48:06.102	1.33001	1.33004			6
2025.10.10	01:48:06.411	1.33000	1.33001			6
2025.10.10	01:48:06.720	1.33001	1.33004			6
2025.10.10	01:48:07.039	1.33000	1.33001			6
2025.10.10	01:48:07.354	1.33001	1.33004			6
2025.10.10	01:48:07.664	1.33000	1.33001			6
2025.10.10	01:48:07.967	1.33001	1.33004			6
2025.10.10	01:48:08.276	1.33000	1.33001			6
2025.10.10	01:48:08.587	1.33001	1.33004			6
2025.10.10	01:48:34.881	1.33002	1.33005			6
2025.10.10	01:48:35.192	1.33001	1.33004			6
2025.10.10	01:48:53.407	1.33000	1.33003			6
2025.10.10	01:48:54.333	1.33001	1.33004			6
2025.10.10	01:48:54.647	1.33000	1.33003			6
2025.10.10	01:48:57.424	1.33001	1.33004			6
2025.10.10	01:48:57.732	1.33000	1.33003			6
2025.10.10	01:49:00.223	1.33000				2
2025.10.10	01:49:01.149	1.33001	1.33004			6
2025.10.10	01:49:01.462	1.33000	1.33003			6
2025.10.10	01:49:03.939	1.33001	1.33004			6
2025.10.10	01:49:04.245	1.33000	1.33003			6
2025.10.10	01:49:04.867	1.33001	1.33004			6
2025.10.10	01:49:05.171	1.33000	1.33003			6
2025.10.10	01:49:06.720	1.33001	1.33004			6
2025.10.10	01:49:09.820	1.33000	1.33003			6
2025.10.10	01:49:10.746	1.33001	1.33004			6
2025.10.10	01:49:11.052	1.33000	1.33003			6
2025.10.10	01:49:12.599	1.33001	1.33004			6
2025.10.10	01:49:17.246	1.33002	1.33005			6
2025.10.10	01:49:17.554	1.33001	1.33004			6
2025.10.10	01:49:18.494	1.33000	1.33003			6
2025.10.10	01:49:19.115	1.33001	1.33004			6
2025.10.10	01:49:26.840	1.33002	1.33005			6
2025.10.10	01:49:27.146	1.33001	1.33004			6
2025.10.10	01:49:27.768	1.33002	1.33005			6
2025.10.10	01:49:28.085	1.33001	1.33004			6
2025.10.10	01:49:32.432	1.33000	1.33003			6
2025.10.10	01:49:33.051	1.33001	1.33004			6
2025.10.10	01:49:33.352	1.33000	1.33003			6
2025.10.10	01:49:35.529	1.33001	1.33004			6
2025.10.10	01:49:37.709	1.33000	1.33003			6
2025.10.10	01:49:38.330	1.33001	1.33004			6
2025.10.10	01:49:39.575	1.33000	1.33003			6
2025.10.10	01:49:42.362	1.33001	1.33004			6
2025.10.10	01:49:42.672	1.33000	1.33003			6
2025.10.10	01:49:44.213	1.33001	1.33004			6
2025.10.10	01:49:46.687	1.33000	1.33003			6
2025.10.10	01:49:48.547	1.33001	1.33004			6
2025.10.10	01:49:48.861	1.33000	1.33003			6
2025.10.10	01:49:51.650	1.33001	1.33004			6
2025.10.10	01:49:51.956	1.33000	1.33003			6
2025.10.10	01:49:54.740	1.33001	1.33004			6
2025.10.10	01:49:55.045	1.33000	1.33003			6
2025.10.10	01:49:58.753	1.33001	1.33004			6
2025.10.10	01:49:59.063	1.33000	1.33003			6
2025.10.10	01:50:00.296	1.33000				2
2025.10.10	01:50:00.911	1.33001	1.33004			6
2025.10.10	01:50:01.227	1.33000	1.33003			6
2025.10.10	01:50:01.849	1.33001	1.33004			6
2025.10.10	01:50:02.156	1.33000	1.33003			6
2025.10.10	01:50:02.788	1.33001	1.33004			6
2025.10.10	01:50:03.095	1.33002	1.33005			6
2025.10.10	01:50:04.334	1.33001	1.33004			6
2025.10.10	01:50:22.572	1.33002	1.33005			6
2025.10.10	01:50:24.122	1.33001	1.33004			6
2025.10.10	01:50:34.313	1.33000	1.33003			6
2025.10.10	01:50:41.701	1.32996	1.32999			6
2025.10.10	01:50:42.004	1.32990	1.32993			6
2025.10.10	01:50:43.243		1.32995			4
2025.10.10	01:50:53.708	1.32991	1.32996			6
2025.10.10	01:50:54.641		1.32997			4
2025.10.10	01:50:55.285		1.32996			4
2025.10.10	01:50:55.586	1.32989				2
2025.10.10	01:50:56.205	1.32990				2
2025.10.10	01:50:56.514	1.32989				2
2025.10.10	01:50:58.054	1.32996	1.33000			6
2025.10.10	01:50:58.362		1.33002			4
2025.10.10	01:50:59.595		1.33001			4
2025.10.10	01:50:59.904		1.33002			4
2025.10.10	01:51:00.209	1.32996				2
2025.10.10	01:51:02.669		1.33003			4
2025.10.10	01:51:02.976		1.33002			4
2025.10.10	01:51:04.525		1.33003			4
2025.10.10	01:51:05.136		1.33002			4
2025.10.10	01:51:05.753		1.33003			4
2025.10.10	01:51:06.060		1.33002			4
2025.10.10	01:51:06.365		1.33003			4
2025.10.10	01:51:06.668		1.33002			4
2025.10.10	01:51:07.287	1.32997	1.33004			6
2025.10.10	01:51:07.604	1.32998	1.33003			6
2025.10.10	01:51:08.223		1.33004			4
2025.10.10	01:51:09.769	1.32999	1.33005			6
2025.10.10	01:51:12.241	1.32997	1.33004			6
2025.10.10	01:51:13.483		1.33003			4
2025.10.10	01:51:14.094		1.33005			4
2025.10.10	01:51:15.634	1.32999	1.33004			6
2025.10.10	01:51:15.940	1.32998				2
2025.10.10	01:51:17.179		1.33003			4
2025.10.10	01:51:17.496		1.33004			4
2025.10.10	01:51:20.585		1.33003			4
2025.10.10	01:51:21.818		1.33004			4
2025.10.10	01:51:22.747	1.32999				2
2025.10.10	01:51:23.667	1.32998				2
2025.10.10	01:51:28.585	1.33000	1.33005			6
2025.10.10	01:51:28.889	1.32999				2
2025.10.10	01:51:33.524	1.33000				2
2025.10.10	01:51:53.607	1.32997	1.33002			6
2025.10.10	01:51:55.468	1.32996				2
2025.10.10	01:51:56.416	1.32997				2
2025.10.10	01:51:56.724	1.32996				2
2025.10.10	01:51:57.349	1.32997				2
2025.10.10	01:51:58.278	1.32998	1.33001			6
2025.10.10	01:51:58.578		1.33002			4
2025.10.10	01:51:58.881	1.32997				2
2025.10.10	01:52:00.117	1.32997				2
2025.10.10	01:52:00.748	1.32996				2
2025.10.10	01:52:01.066	1.32997				2
2025.10.10	01:52:01.373		1.33003			4
2025.10.10	01:52:01.686	1.32998	1.33002			6
2025.10.10	01:52:01.991	1.32997	1.33003			6
2025.10.10	01:52:02.320		1.33002			4
2025.10.10	01:52:02.629		1.33003			4
2025.10.10	01:52:02.936		1.33002			4
2025.10.10	01:52:03.247		1.33003			4
2025.10.10	01:52:04.495		1.33002			4
2025.10.10	01:52:04.812	1.32998	1.33003			6
2025.10.10	01:52:05.119	1.32997	1.33002			6
2025.10.10	01:52:05.436	1.32998	1.33003			6
2025.10.10	01:52:05.743	1.32997	1.33002			6
2025.10.10	01:52:06.061	1.32998	1.33003			6
2025.10.10	01:52:06.377	1.32997	1.33002			6
2025.10.10	01:52:06.689	1.32998	1.33003			6
2025.10.10	01:52:06.991		1.33002			4
2025.10.10	01:52:07.306		1.33003			4
2025.10.10	01:52:07.612	1.32997	1.33002			6
2025.10.10	01:52:07.936	1.32998				2
2025.10.10	01:52:08.251	1.32997				2
2025.10.10	01:52:08.558	1.32998				2
2025.10.10	01:52:08.872	1.32997				2
2025.10.10	01:52:09.194	1.32996	1.33001			6
2025.10.10	01:52:09.499	1.32997	1.33002			6
2025.10.10	01:52:09.805		1.33003			4
2025.10.10	01:52:10.121	1.32996	1.33002			6
2025.10.10	01:52:10.424	1.32997				2
2025.10.10	01:52:13.825		1.33004			4
2025.10.10	01:52:14.132	1.32998	1.33003			6
2025.10.10	01:52:14.739		1.33002			4
2025.10.10	01:52:15.665		1.33003			4
2025.10.10	01:52:15.975		1.33002			4
2025.10.10	01:52:16.887		1.33003			4
2025.10.10	01:52:17.190		1.33002			4
2025.10.10	01:52:17.502	1.32999	1.33003			6
2025.10.10	01:52:17.811	1.32998	1.33002			6
2025.10.10	01:52:18.125	1.32999				2
2025.10.10	01:52:18.428		1.33003			4
2025.10.10	01:52:18.732	1.32998	1.33002			6
2025.10.10	01:52:19.651	1.32997	1.33001			6
2025.10.10	01:52:19.958	1.32998	1.33003			6
2025.10.10	01:52:20.258		1.33002			4
2025.10.10	01:52:20.570	1.32999				2
2025.10.10	01:52:21.182	1.32998	1.33003			6
2025.10.10	01:52:21.490	1.32997	1.33002			6
2025.10.10	01:52:21.802	1.32999				2
2025.10.10	01:52:22.118	1.32997				2
2025.10.10	01:52:22.425	1.32998	1.33003			6
2025.10.10	01:52:22.739	1.32997	1.33002			6
2025.10.10	01:52:23.043	1.32998				2
2025.10.10	01:52:23.349	1.32997				2
2025.10.10	01:52:23.657	1.33000	1.33004			6
2025.10.10	01:52:23.966		1.33003			4
2025.10.10	01:52:24.272		1.33004			4
2025.10.10	01:52:24.587		1.33003			4
2025.10.10	01:52:24.891		1.33004			4
2025.10.10	01:52:25.207		1.33003			4
2025.10.10	01:52:25.508		1.33004			4
2025.10.10	01:52:26.734		1.33005			4
2025.10.10	01:52:27.652	1.32999				2
2025.10.10	01:52:28.891		1.33002			4
2025.10.10	01:52:29.201		1.33003			4
2025.10.10	01:52:29.508		1.33004			4
2025.10.10	01:52:29.815	1.32998	1.33002			6
2025.10.10	01:52:30.426	1.32999	1.33003			6
2025.10.10	01:52:31.045	1.32998				2
2025.10.10	01:52:31.354	1.32999				2
2025.10.10	01:52:31.656	1.32998				2
2025.10.10	01:52:32.573	1.32999				2
2025.10.10	01:52:33.789	1.33000				2
2025.10.10	01:52:34.402	1.32999				2
2025.10.10	01:52:35.016	1.33000				2
2025.10.10	01:52:35.319	1.32999				2
2025.10.10	01:52:37.461	1.33000				2
2025.10.10	01:52:37.763	1.32999				2
2025.10.10	01:52:38.073	1.33000				2
2025.10.10	01:52:38.379	1.32999				2
2025.10.10	01:52:39.306	1.32998	1.33001			6
2025.10.10	01:52:39.615		1.33000			4
2025.10.10	01:52:39.927		1.33001			4
2025.10.10	01:52:40.532	1.32997				2
2025.10.10	01:52:40.836		1.33000			4
2025.10.10	01:52:41.138	1.32999	1.33001			6
2025.10.10	01:52:41.751	1.32998				2
2025.10.10	01:52:42.055	1.32997	1.33000			6
2025.10.10	01:52:42.356	1.32998	1.33001			6
2025.10.10	01:52:42.664	1.32997				2
2025.10.10	01:52:42.964	1.32998				2
2025.10.10	01:52:43.274	1.32997				2
2025.10.10	01:52:43.577	1.32998				2
2025.10.10	01:52:43.881	1.32997				2
2025.10.10	01:52:44.185	1.32998				2
2025.10.10	01:52:44.491	1.32997				2
2025.10.10	01:52:44.797	1.32998				2
2025.10.10	01:52:46.642		1.33000			4
2025.10.10	01:52:47.256		1.33001			4
2025.10.10	01:52:47.871		1.33000			4
2025.10.10	01:52:48.175		1.33001			4
2025.10.10	01:52:50.323	1.32999	1.33002			6
2025.10.10	01:52:50.933		1.33001			4
2025.10.10	01:52:51.238		1.33002			4
2025.10.10	01:52:51.851	1.33001	1.33004			6
2025.10.10	01:52:52.152	1.33000	1.33002			6
2025.10.10	01:52:52.763	1.32999				2
2025.10.10	01:52:53.069	1.33000				2
2025.10.10	01:52:53.671	1.32999				2
2025.10.10	01:52:54.891	1.33000	1.33003			6
2025.10.10	01:52:55.201		1.33002			4
2025.10.10	01:52:55.502		1.33003			4
2025.10.10	01:52:55.817	1.32999	1.33002			6
2025.10.10	01:52:56.120		1.33003			4
2025.10.10	01:52:56.425	1.33000				2
2025.10.10	01:52:56.728	1.32999	1.33002			6
2025.10.10	01:52:57.041	1.33001	1.33004			6
2025.10.10	01:52:57.347	1.33000	1.33003			6
2025.10.10	01:52:57.657	1.33001	1.33004			6
2025.10.10	01:52:58.874	1.33000	1.33003			6
2025.10.10	01:52:59.177		1.33002			4
2025.10.10	01:52:59.484	1.32999				2
2025.10.10	01:53:00.105	1.33000				2
2025.10.10	01:53:00.406	1.32999	1.33003			6
2025.10.10	01:53:00.716		1.33002			4
2025.10.10	01:53:06.848	1.33000				2
2025.10.10	01:53:07.160	1.32999	1.33003			6
2025.10.10	01:53:07.462	1.33000				2
2025.10.10	01:53:11.459	1.32999	1.33002			6
2025.10.10	01:53:14.836	1.33000				2
2025.10.10	01:53:15.140	1.32999				2
2025.10.10	01:53:16.368	1.33000				2
2025.10.10	01:53:18.824	1.33001				2
2025.10.10	01:53:35.434	1.33002	1.33004			6
2025.10.10	01:53:40.637		1.33003			4
2025.10.10	01:53:40.947	1.33001	1.33004			6
2025.10.10	01:53:41.250		1.33003			4
2025.10.10	01:53:41.556		1.33002			4
2025.10.10	01:53:41.864	1.33006	1.33007			6
2025.10.10	01:53:42.175	1.33004	1.33006			6
2025.10.10	01:53:42.478	1.33005				2
2025.10.10	01:53:42.780	1.33004	1.33005			6
2025.10.10	01:53:43.087	1.33005	1.33006			6
2025.10.10	01:53:43.399	1.33004				2
2025.10.10	01:53:44.017	1.33003				2
2025.10.10	01:53:44.320	1.33004				2
2025.10.10	01:53:44.624		1.33005			4
2025.10.10	01:53:44.939		1.33006			4
2025.10.10	01:53:45.240		1.33005			4
2025.10.10	01:53:45.544	1.33003				2
2025.10.10	01:53:45.855	1.33002				2
2025.10.10	01:53:46.768	1.33003				2
2025.10.10	01:53:51.045	1.33002				2
2025.10.10	01:53:51.963	1.33003				2
2025.10.10	01:54:00.249	1.33003				2
2025.10.10	01:54:04.548	1.33004				2
2025.10.10	01:54:04.854	1.33003				2
2025.10.10	01:54:06.692	1.33004				2
2025.10.10	01:54:06.994	1.33003				2
2025.10.10	01:54:09.755	1.33004				2
2025.10.10	01:54:10.064	1.33003				2
2025.10.10	01:54:11.905	1.33004				2
2025.10.10	01:54:12.209	1.33003				2
2025.10.10	01:54:12.823	1.33004				2
2025.10.10	01:54:13.127	1.33003				2
2025.10.10	01:54:14.974	1.33004				2
2025.10.10	01:54:15.277	1.33003				2
2025.10.10	01:54:16.491	1.33002				2
2025.10.10	01:54:18.027	1.33000	1.33001			6
2025.10.10	01:54:24.453		1.33002			4
2025.10.10	01:54:29.655	1.33001				2
2025.10.10	01:54:30.887	1.33002	1.33004			6
2025.10.10	01:54:32.123		1.33003			4
2025.10.10	01:54:48.995		1.33004			4
2025.10.10	01:54:49.617		1.33005			4
2025.10.10	01:54:50.239		1.33004			4
2025.10.10	01:54:50.552		1.33005			4
2025.10.10	01:54:50.862	1.33003				2
2025.10.10	01:54:51.163	1.33002				2
2025.10.10	01:54:51.467	1.33003				2
2025.10.10	01:54:53.633	1.33002				2
2025.10.10	01:54:55.502	1.33003				2
2025.10.10	01:54:55.814	1.33002				2
2025.10.10	01:54:56.440	1.33003				2
2025.10.10	01:54:56.751	1.33002				2
2025.10.10	01:54:58.607	1.33003				2
2025.10.10	01:54:58.920	1.33002				2
2025.10.10	01:55:00.161	1.33002				2
2025.10.10	01:55:00.476	1.33003				2
2025.10.10	01:55:00.783	1.33002				2
2025.10.10	01:55:02.345	1.33003				2
2025.10.10	01:55:02.647	1.33002				2
2025.10.10	01:55:05.432	1.33003				2
2025.10.10	01:55:05.741	1.33002				2
2025.10.10	01:55:11.326	1.33003	1.33006			6
2025.10.10	01:55:14.438		1.33005			4
2025.10.10	01:55:17.217	1.33004	1.33007			6
2025.10.10	01:55:18.784	1.33006				2
2025.10.10	01:55:19.085	1.33009	1.33010			6
2025.10.10	01:55:19.403	1.33008	1.33009			6
2025.10.10	01:55:21.285	1.33009	1.33011			6
2025.10.10	01:55:21.591		1.33012			4
2025.10.10	01:55:22.530	1.33010				2
2025.10.10	01:55:24.719	1.33009				2
2025.10.10	01:55:25.344	1.33008	1.33009			6
2025.10.10	01:55:25.650		1.33010			4
2025.10.10	01:55:25.960	1.33006	1.33009			6
2025.10.10	01:55:26.263		1.33007			4
2025.10.10	01:55:29.061	1.33005				2
2025.10.10	01:55:31.531	1.33006				2
2025.10.10	01:55:32.151	1.33007	1.33008			6
2025.10.10	01:55:38.372	1.33006	1.33007			6
2025.10.10	01:55:49.223	1.33005				2
2025.10.10	01:55:54.535	1.33006				2
2025.10.10	01:55:58.859		1.33008			4
2025.10.10	01:56:00.114	1.33006				2
2025.10.10	01:56:00.418	1.33005				2
2025.10.10	01:56:01.663	1.33007				2
2025.10.10	01:56:04.462	1.33006				2
2025.10.10	01:56:11.928	1.33005				2
2025.10.10	01:56:32.480		1.33007			4
2025.10.10	01:56:40.929	1.33006	1.33009			6
2025.10.10	01:56:41.234	1.33007	1.33010			6
2025.10.10	01:56:44.040	1.33008				2
2025.10.10	01:56:46.212		1.33011			4
2025.10.10	01:56:47.143		1.33010			4
2025.10.10	01:56:51.193		1.33009			4
2025.10.10	01:56:54.908	1.33006				2
2025.10.10	01:56:56.466	1.33005	1.33008			6
2025.10.10	01:56:57.393	1.33007	1.33010			6
2025.10.10	01:56:59.247	1.33008	1.33011			6
2025.10.10	01:57:00.185	1.33008				2
2025.10.10	01:57:00.815	1.33006	1.33009			6
2025.10.10	01:57:02.361	1.33007				2
2025.10.10	01:57:06.395		1.33010			4
2025.10.10	01:57:06.711	1.33006	1.33009			6
2025.10.10	01:57:07.642	1.33007	1.33008			6
2025.10.10	01:57:07.946		1.33010			4
2025.10.10	01:57:08.897		1.33009			4
2025.10.10	01:57:09.216	1.33008	1.33011			6
2025.10.10	01:57:09.524	1.33007	1.33010			6
2025.10.10	01:57:10.162	1.33006	1.33009			6
2025.10.10	01:57:12.326	1.33007	1.33010			6
2025.10.10	01:57:12.633	1.33008	1.33011			6
2025.10.10	01:57:14.819	1.33007	1.33010			6
2025.10.10	01:57:22.274	1.33001	1.33003			6
2025.10.10	01:57:23.206		1.33005			4
2025.10.10	01:57:25.356		1.33006			4
2025.10.10	01:57:26.602		1.33005			4
2025.10.10	01:57:28.145		1.33006			4
2025.10.10	01:57:33.420		1.33005			4
2025.10.10	01:57:33.730		1.33006			4
2025.10.10	01:57:36.200	1.33000				2
2025.10.10	01:57:36.510		1.33005			4
2025.10.10	01:57:40.205	1.33001				2
2025.10.10	01:57:41.461	1.32999	1.33003			6
2025.10.10	01:57:42.394	1.33000	1.33004			6
2025.10.10	01:57:43.314		1.33005			4
2025.10.10	01:57:43.626		1.33004			4
2025.10.10	01:57:45.477		1.33003			4
2025.10.10	01:57:46.410		1.33004			4
2025.10.10	01:57:47.353	1.32999	1.33003			6
2025.10.10	01:57:50.766	1.33000				2
2025.10.10	01:57:51.074	1.32999				2
2025.10.10	01:57:52.002		1.33004			4
2025.10.10	01:57:52.946		1.33005			4
2025.10.10	01:57:54.185		1.33004			4
2025.10.10	01:57:55.111		1.33002			4
2025.10.10	01:57:55.730	1.33001	1.33005			6
2025.10.10	01:58:00.075	1.33001				2
2025.10.10	01:58:04.126		1.33006			4
2025.10.10	01:58:07.218		1.33005			4
2025.10.10	01:58:07.538	1.33000	1.33004			6
2025.10.10	01:58:08.145		1.33005			4
2025.10.10	01:58:08.783		1.33004			4
2025.10.10	01:58:09.710		1.33005			4
2025.10.10	01:58:11.584	1.33001				2
2025.10.10	01:58:15.323	1.33000				2
2025.10.10	01:58:15.641		1.33004			4
2025.10.10	01:58:18.724	1.33001	1.33005			6
2025.10.10	01:58:19.038	1.33000	1.33004			6
2025.10.10	01:58:19.983		1.33005			4
2025.10.10	01:58:23.067	1.32999				2
2025.10.10	01:58:23.997	1.33000				2
2025.10.10	01:58:24.306		1.33004			4
2025.10.10	01:58:24.610		1.33005			4
2025.10.10	01:58:25.552	1.33001	1.33006			6
2025.10.10	01:58:30.242	1.33002	1.33007			6
2025.10.10	01:58:30.551		1.33006			4
2025.10.10	01:58:32.419	1.33001				2
2025.10.10	01:58:37.051	1.33002				2
2025.10.10	01:58:39.536	1.33001				2
2025.10.10	01:58:40.157		1.33005			4
2025.10.10	01:58:48.443		1.33004			4
2025.10.10	01:58:49.669	1.33000				2
2025.10.10	01:58:49.976	1.33001	1.33005			6
2025.10.10	01:58:52.126	1.33002				2
2025.10.10	01:58:57.340	1.33001	1.33004			6
2025.10.10	01:58:58.268	1.33002	1.33005			6
2025.10.10	01:58:59.190	1.33000	1.33003			6
2025.10.10	01:59:00.113	1.33000				2
2025.10.10	01:59:00.416	1.33002	1.33005			6
2025.10.10	01:59:01.343	1.33001				2
2025.10.10	01:59:02.583		1.33003			4
2025.10.10	01:59:03.817		1.33004			4
2025.10.10	01:59:14.022	1.33002	1.33005			6
2025.10.10	01:59:15.567	1.33001	1.33004			6
2025.10.10	01:59:20.154	1.33002	1.33005			6
2025.10.10	01:59:23.235	1.33001	1.33004			6
2025.10.10	01:59:29.360		1.33003			4
2025.10.10	01:59:30.279		1.33004			4
2025.10.10	01:59:33.334	1.32999	1.33002			6
2025.10.10	01:59:34.248	1.33003	1.33004			6
2025.10.10	01:59:34.861	1.33002				2
2025.10.10	01:59:35.162	1.33001				2
2025.10.10	01:59:37.329	1.33002				2
2025.10.10	01:59:41.921	1.33003				2
2025.10.10	01:59:44.985	1.33002				2
2025.10.10	01:59:48.346	1.33001				2
2025.10.10	01:59:49.262	1.33002	1.33005			6
2025.10.10	01:59:50.484	1.33003				2
2025.10.10	01:59:51.713	1.33001	1.33004			6
2025.10.10	01:59:53.243	1.33003	1.33005			6
2025.10.10	01:59:58.445	1.33002				2
2025.10.10	02:00:00.295	1.33003				2
2025.10.10	02:00:00.907	1.33002				2
2025.10.10	02:00:01.211		1.33004			4
2025.10.10	02:00:01.518	1.33001				2
2025.10.10	02:00:04.298	1.33002	1.33005			6
2025.10.10	02:00:06.161	1.33001	1.33004			6
2025.10.10	02:00:07.394	1.33000	1.33003			6
2025.10.10	02:00:08.329	1.33002	1.33005			6
2025.10.10	02:00:09.867	1.33001	1.33004			6
2025.10.10	02:00:12.340	1.33002				2
2025.10.10	02:00:14.829	1.33001				2
2025.10.10	02:00:16.061	1.33002	1.33005			6
2025.10.10	02:00:22.563	1.33003				2
2025.10.10	02:00:23.483	1.33002				2
2025.10.10	02:00:27.476		1.33004			4
2025.10.10	02:00:28.399	1.33001				2
2025.10.10	02:00:37.014	1.33002				2
2025.10.10	02:00:37.329	1.33001	1.33003			6
2025.10.10	02:00:46.257	1.33000	1.33001			6
2025.10.10	02:00:46.558		1.33003			4
2025.10.10	02:00:47.177	1.33001	1.33004			6
2025.10.10	02:00:47.497	1.33002	1.33005			6
2025.10.10	02:00:50.883	1.32998	1.33000			6
2025.10.10	02:00:51.193	1.32999	1.33001			6
2025.10.10	02:00:53.971		1.33002			4
2025.10.10	02:00:56.125		1.33001			4
2025.10.10	02:00:56.427		1.33002			4
2025.10.10	02:00:58.894	1.33000	1.33003			6
2025.10.10	02:01:00.135	1.33000				2
2025.10.10	02:01:02.940	1.32999	1.33002			6
2025.10.10	02:01:06.654		1.33001			4
2025.10.10	02:01:30.657	1.32982	1.32985			6
2025.10.10	02:01:30.960	1.32983	1.32986			6
2025.10.10	02:01:32.184		1.32988			4
2025.10.10	02:01:32.489	1.32979	1.32986			6
2025.10.10	02:01:32.803	1.32980				2
2025.10.10	02:01:33.109	1.32981				2
2025.10.10	02:01:33.413	1.32980				2
2025.10.10	02:01:33.727	1.32981				2
2025.10.10	02:01:34.030	1.32987	1.32990			6
2025.10.10	02:01:38.055	1.32989	1.32992			6
2025.10.10	02:01:38.363		1.32993			4
2025.10.10	02:01:38.984		1.32994			4
2025.10.10	02:01:40.821		1.32993			4
2025.10.10	02:01:41.142		1.32994			4
2025.10.10	02:01:41.451		1.32993			4
2025.10.10	02:01:41.759	1.32990	1.32994			6
2025.10.10	02:01:42.066		1.32993			4
2025.10.10	02:01:42.379		1.32994			4
2025.10.10	02:01:46.082		1.32993			4
2025.10.10	02:01:46.394		1.32994			4
2025.10.10	02:01:48.243		1.32993			4
2025.10.10	02:01:48.548		1.32994			4
2025.10.10	02:01:55.317	1.32989				2
2025.10.10	02:01:55.935	1.32990				2
2025.10.10	02:01:57.472	1.32989				2
2025.10.10	02:01:58.084	1.32990				2
2025.10.10	02:02:00.243	1.32989	1.32993			6
2025.10.10	02:02:01.175		1.32992			4
2025.10.10	02:02:01.481		1.32993			4
2025.10.10	02:02:02.411	1.32990	1.32994			6
2025.10.10	02:02:03.640	1.32989				2
2025.10.10	02:02:04.563	1.32990				2
2025.10.10	02:02:04.871	1.32989				2
2025.10.10	02:02:06.094	1.32990				2
2025.10.10	02:02:13.204	1.32989				2
2025.10.10	02:02:13.521	1.32990	1.32993			6
2025.10.10	02:02:13.839		1.32994			4
2025.10.10	02:02:16.327	1.32989	1.32993			6
2025.10.10	02:02:20.341		1.32991			4
2025.10.10	02:02:20.655	1.32988				2
2025.10.10	02:02:25.301	1.32989				2
2025.10.10	02:02:25.606	1.32988	1.32992			6
2025.10.10	02:02:25.925	1.32989				2
2025.10.10	02:02:26.546	1.32985	1.32996			6
2025.10.10	02:02:27.162	1.32984	1.32995			6
2025.10.10	02:02:28.091	1.32980	1.32991			6
2025.10.10	02:02:28.395	1.32976	1.32987			6
2025.10.10	02:02:29.339	1.32975				2
2025.10.10	02:02:29.961	1.32974	1.32986			6
2025.10.10	02:02:30.269	1.32982	1.32985			6
2025.10.10	02:02:30.579	1.32981	1.32984			6
2025.10.10	02:02:30.896	1.32982	1.32985			6
2025.10.10	02:02:33.395	1.32981				2
2025.10.10	02:02:35.263	1.32980				2
2025.10.10	02:02:35.882	1.32981				2
2025.10.10	02:02:37.114	1.32978				2
2025.10.10	02:02:38.368	1.32982				2
2025.10.10	02:02:40.824		1.32986			4
2025.10.10	02:02:46.400		1.32987			4
2025.10.10	02:02:46.703	1.32985	1.32989			6
2025.10.10	02:02:47.319	1.32986	1.32990			6
2025.10.10	02:02:47.626	1.32985				2
2025.10.10	02:02:47.932	1.32986				2
2025.10.10	02:02:48.249	1.32987				2
2025.10.10	02:02:48.553	1.32985				2
2025.10.10	02:02:49.166	1.32987	1.32991			6
2025.10.10	02:02:49.472	1.32985	1.32990			6
2025.10.10	02:02:49.778	1.32987				2
2025.10.10	02:02:51.022	1.32986				2
2025.10.10	02:02:51.334	1.32987				2
2025.10.10	02:02:52.263	1.32985				2
2025.10.10	02:02:52.569	1.32986	1.32991			6
2025.10.10	02:02:56.574	1.32985				2
2025.10.10	02:03:00.273	1.32985				2
2025.10.10	02:03:00.578	1.32984	1.32989			6
2025.10.10	02:03:04.899		1.32988			4
2025.10.10	02:03:05.208	1.32983				2
2025.10.10	02:03:06.134	1.32984				2
2025.10.10	02:03:07.680	1.32982	1.32985			6
2025.10.10	02:03:08.297	1.32981				2
2025.10.10	02:03:10.465	1.32980				2
2025.10.10	02:03:10.772	1.32982	1.32986			6
2025.10.10	02:03:12.014	1.32981				2
2025.10.10	02:03:12.331	1.32982				2
2025.10.10	02:03:15.403		1.32985			4
2025.10.10	02:03:20.310		1.32984			4
2025.10.10	02:03:20.922	1.32980				2
2025.10.10	02:03:23.355	1.32981				2
2025.10.10	02:03:23.666	1.32982				2
2025.10.10	02:03:23.972	1.32981				2
2025.10.10	02:03:24.278	1.32982				2
2025.10.10	02:03:24.895	1.32981				2
2025.10.10	02:03:25.199	1.32980				2
2025.10.10	02:03:25.814	1.32981				2
2025.10.10	02:03:26.423	1.32980				2
2025.10.10	02:03:27.655	1.32981				2
2025.10.10	02:03:29.797		1.32985			4
2025.10.10	02:03:32.864	1.32979	1.32984			6
2025.10.10	02:03:33.788		1.32983			4
2025.10.10	02:03:34.097		1.32984			4
2025.10.10	02:03:34.408		1.32983			4
2025.10.10	02:03:35.327		1.32982			4
2025.10.10	02:03:37.794	1.32980	1.32981			6
2025.10.10	02:03:38.096	1.32979	1.32982			6
2025.10.10	02:03:42.074		1.32983			4
2025.10.10	02:03:44.228	1.32980	1.32982			6
2025.10.10	02:03:44.533	1.32979				2
2025.10.10	02:03:46.377		1.32983			4
2025.10.10	02:03:47.289		1.32982			4
2025.10.10	02:03:53.722	1.32980	1.32983			6
2025.10.10	02:03:54.334	1.32979	1.32982			6
2025.10.10	02:03:57.408	1.32981				2
2025.10.10	02:03:57.711	1.32979				2
2025.10.10	02:03:58.012	1.32981				2
2025.10.10	02:03:58.324	1.32980				2
2025.10.10	02:03:58.629		1.32981			4
2025.10.10	02:03:58.932	1.32979	1.32980			6
2025.10.10	02:03:59.236	1.32981	1.32982			6
2025.10.10	02:03:59.544	1.32979	1.32981			6
2025.10.10	02:03:59.858	1.32981	1.32982			6
2025.10.10	02:04:00.163	1.32979	1.32981			6
2025.10.10	02:04:00.471	1.32980				2
2025.10.10	02:04:00.782	1.32979	1.32980			6
2025.10.10	02:04:02.625		1.32981			4
2025.10.10	02:04:04.471		1.32982			4
2025.10.10	02:04:09.377		1.32981			4
2025.10.10	02:04:18.543	1.32978				2
2025.10.10	02:04:23.428	1.32979	1.32982			6
2025.10.10	02:04:25.273	1.32978	1.32981			6
2025.10.10	02:04:25.903	1.32979				2
2025.10.10	02:04:27.433		1.32982			4
2025.10.10	02:04:28.046		1.32981			4
2025.10.10	02:04:30.506		1.32982			4
2025.10.10	02:04:33.274	1.32978	1.32981			6
2025.10.10	02:04:33.585	1.32979				2
2025.10.10	02:04:35.120		1.32982			4
2025.10.10	02:04:35.724		1.32980			4
2025.10.10	02:04:36.030		1.32981			4
2025.10.10	02:04:36.332	1.32974	1.32977			6
2025.10.10	02:04:36.636	1.32970	1.32972			6
2025.10.10	02:04:37.251	1.32969	1.32973			6
2025.10.10	02:04:37.555	1.32967	1.32971			6
2025.10.10	02:04:38.178	1.32966	1.32970			6
2025.10.10	02:04:38.797	1.32967	1.32971			6
2025.10.10	02:04:39.720		1.32970			4
2025.10.10	02:04:40.027		1.32972			4
2025.10.10	02:04:40.332		1.32970			4
2025.10.10	02:04:41.264		1.32971			4
2025.10.10	02:04:41.879		1.32970			4
2025.10.10	02:04:42.498		1.32971			4
2025.10.10	02:04:42.808		1.32970			4
2025.10.10	02:04:46.848		1.32969			4
2025.10.10	02:04:47.156		1.32970			4
2025.10.10	02:04:47.476	1.32959	1.32963			6
2025.10.10	02:04:47.793	1.32960	1.32962			6
2025.10.10	02:04:48.100	1.32959	1.32964			6
2025.10.10	02:04:49.345	1.32960				2
2025.10.10	02:04:54.888	1.32959				2
2025.10.10	02:04:55.841	1.32962	1.32966			6
2025.10.10	02:04:56.786	1.32960	1.32965			6
2025.10.10	02:04:57.092	1.32961				2
2025.10.10	02:04:57.716	1.32962				2
2025.10.10	02:04:58.024	1.32960				2
2025.10.10	02:04:58.335	1.32961	1.32966			6
2025.10.10	02:04:59.273	1.32960				2
2025.10.10	02:04:59.580	1.32961				2
2025.10.10	02:05:00.206	1.32961				2
2025.10.10	02:05:05.540	1.32962				2
2025.10.10	02:05:07.384		1.32965			4
2025.10.10	02:05:08.008	1.32960	1.32963			6
2025.10.10	02:05:08.313	1.32961	1.32965			6
2025.10.10	02:05:08.614	1.32960				2
2025.10.10	02:05:08.933	1.32962				2
2025.10.10	02:05:09.242	1.32961	1.32966			6
2025.10.10	02:05:09.558		1.32965			4
2025.10.10	02:05:09.861	1.32962	1.32966			6
2025.10.10	02:05:10.174		1.32964			4
2025.10.10	02:05:10.481	1.32961				2
2025.10.10	02:05:10.786		1.32965			4
2025.10.10	02:05:11.089	1.32962				2
2025.10.10	02:05:11.409	1.32960				2
2025.10.10	02:05:12.330	1.32961				2
2025.10.10	02:05:12.644	1.32960	1.32964			6
2025.10.10	02:05:12.951	1.32961				2
2025.10.10	02:05:13.560		1.32965			4
2025.10.10	02:05:13.876	1.32960	1.32964			6
2025.10.10	02:05:14.496		1.32963			4
2025.10.10	02:05:14.802		1.32964			4
2025.10.10	02:05:15.115	1.32961				2
2025.10.10	02:05:15.720	1.32960				2
2025.10.10	02:05:16.345	1.32961				2
2025.10.10	02:05:16.661	1.32960				2
2025.10.10	02:05:19.746		1.32965			4
2025.10.10	02:05:20.054		1.32964			4
