<DATE>	<TIME>	<BID>	<ASK>	<LAST>	<VOLUME>	<FLAGS>
2025.05.30	00:03:30.648	1.34806	1.34996			6
2025.05.30	00:04:00.201	1.34806				2
2025.05.30	00:04:30.687		1.34996			4
2025.05.30	00:05:00.257	1.34806				2
2025.05.30	00:05:05.798	1.34808				2
2025.05.30	00:05:06.409	1.34809				2
2025.05.30	00:05:24.729	1.34806				2
2025.05.30	00:05:30.843		1.34996			4
2025.05.30	00:06:00.157	1.34806				2
2025.05.30	00:06:30.958		1.34996			4
2025.05.30	00:07:00.275	1.34806				2
2025.05.30	00:07:20.134	1.34803	1.34982			6
2025.05.30	00:07:30.216	1.34805				2
2025.05.30	00:07:33.269		1.34983			4
2025.05.30	00:07:34.188		1.34984			4
2025.05.30	00:07:42.478		1.34985			4
2025.05.30	00:07:52.009		1.34986			4
2025.05.30	00:08:00.294	1.34805				2
2025.05.30	00:08:00.598	1.34808	1.34996			6
2025.05.30	00:08:55.263	1.34807	1.34994			6
2025.05.30	00:09:00.208	1.34805	1.34986			6
2025.05.30	00:09:00.518	1.34807	1.34994			6
2025.05.30	00:09:02.987	1.34805				2
2025.05.30	00:09:04.538	1.34806	1.34995			6
2025.05.30	00:09:08.847	1.34810	1.34996			6
2025.05.30	00:09:57.270	1.34817				2
2025.05.30	00:10:00.048	1.34817				2
2025.05.30	00:10:00.359	1.34839				2
2025.05.30	00:10:01.560	1.34817				2
2025.05.30	00:10:08.949		1.34996			4
2025.05.30	00:10:12.033		1.35003			4
2025.05.30	00:10:33.871	1.34818	1.35004			6
2025.05.30	00:10:34.176	1.34817	1.35003			6
2025.05.30	00:10:34.488	1.34818	1.35004			6
2025.05.30	00:10:34.797	1.34817	1.35003			6
2025.05.30	00:10:35.412	1.34818	1.35004			6
2025.05.30	00:10:35.721	1.34817	1.35003			6
2025.05.30	00:10:36.035	1.34818	1.35004			6
2025.05.30	00:10:36.344	1.34817	1.35003			6
2025.05.30	00:10:47.428	1.34818	1.35004			6
2025.05.30	00:10:47.734	1.34815	1.35003			6
2025.05.30	00:10:50.806	1.34816	1.35004			6
2025.05.30	00:10:51.117	1.34815	1.35003			6
2025.05.30	00:10:52.969		1.34996			4
2025.05.30	00:10:57.280	1.34816				2
2025.05.30	00:10:57.592	1.34815				2
2025.05.30	00:10:58.519		1.35003			4
2025.05.30	00:10:59.447	1.34818	1.34996			6
2025.05.30	00:11:00.066	1.34818				2
2025.05.30	00:11:00.679	1.34811				2
2025.05.30	00:11:01.527	1.34812				2
2025.05.30	00:11:05.845	1.34811	1.34998			6
2025.05.30	00:11:06.446	1.34812	1.34996			6
2025.05.30	00:11:12.750	1.34811	1.34997			6
2025.05.30	00:11:13.371	1.34812	1.34996			6
2025.05.30	00:11:19.851	1.34811	1.34997			6
2025.05.30	00:11:20.455	1.34812	1.34996			6
2025.05.30	00:11:26.816	1.34811	1.34997			6
2025.05.30	00:11:27.427	1.34812	1.34996			6
2025.05.30	00:11:29.853	1.34811				2
2025.05.30	00:11:30.361	1.34812				2
2025.05.30	00:11:41.550	1.34813				2
2025.05.30	00:12:00.744	1.34813				2
2025.05.30	00:12:30.455		1.34996			4
2025.05.30	00:12:40.851	1.34814				2
2025.05.30	00:12:44.853	1.34865	1.35002			6
2025.05.30	00:12:45.155	1.34864	1.34995			6
2025.05.30	00:12:47.310		1.34994			4
2025.05.30	00:12:50.681		1.34995			4
2025.05.30	00:12:51.291		1.34994			4
2025.05.30	00:12:56.187	1.34843	1.34996			6
2025.05.30	00:12:58.227	1.34844				2
2025.05.30	00:12:59.145	1.34843				2
2025.05.30	00:13:00.824	1.34843				2
2025.05.30	00:13:14.848	1.34844				2
2025.05.30	00:13:56.265		1.34994			4
2025.05.30	00:14:00.261	1.34844				2
2025.05.30	00:14:01.792		1.34996			4
2025.05.30	00:14:50.735	1.34831				2
2025.05.30	00:14:51.971	1.34844				2
2025.05.30	00:14:57.028	1.34831				2
2025.05.30	00:14:57.346	1.34844				2
2025.05.30	00:15:00.447	1.34844				2
2025.05.30	00:15:00.809	1.34831				2
2025.05.30	00:15:01.433	1.34844				2
2025.05.30	00:15:01.905	1.34831	1.34996			6
2025.05.30	00:15:03.141	1.34844				2
2025.05.30	00:15:05.552	1.34831				2
2025.05.30	00:15:06.478	1.34844				2
2025.05.30	00:15:07.695	1.34831				2
2025.05.30	00:15:08.302	1.34844				2
2025.05.30	00:15:08.727	1.34831				2
2025.05.30	00:15:09.663	1.34844				2
2025.05.30	00:15:10.632	1.34831				2
2025.05.30	00:15:12.161	1.34841				2
2025.05.30	00:15:12.627	1.34831				2
2025.05.30	00:15:15.097	1.34841				2
2025.05.30	00:15:15.633	1.34832				2
2025.05.30	00:15:15.936	1.34841				2
2025.05.30	00:15:16.257	1.34832				2
2025.05.30	00:15:17.802	1.34841				2
2025.05.30	00:15:18.328	1.34832				2
2025.05.30	00:15:18.635	1.34841				2
2025.05.30	00:15:19.232	1.34832				2
2025.05.30	00:16:23.619	1.34811	1.34996			6
2025.05.30	00:16:24.044	1.34851				2
2025.05.30	00:16:30.510	1.34852				2
2025.05.30	00:16:40.605	1.34851				2
2025.05.30	00:16:44.007	1.34853				2
2025.05.30	00:17:00.267	1.34853				2
2025.05.30	00:17:16.210	1.34863				2
2025.05.30	00:17:17.137	1.34862				2
2025.05.30	00:17:23.629		1.34996			4
2025.05.30	00:17:25.165	1.34857				2
2025.05.30	00:17:25.470	1.34858				2
2025.05.30	00:17:28.843	1.34862				2
2025.05.30	00:17:35.026	1.34852				2
2025.05.30	00:17:36.874	1.34853				2
2025.05.30	00:17:37.229	1.34852				2
2025.05.30	00:17:38.150	1.34853				2
2025.05.30	00:17:38.614	1.34850				2
2025.05.30	00:17:39.552	1.34853				2
2025.05.30	00:17:40.233	1.34850				2
2025.05.30	00:17:42.699	1.34853				2
2025.05.30	00:17:43.233	1.34850				2
2025.05.30	00:17:45.074	1.34861				2
2025.05.30	00:18:00.168	1.34861				2
2025.05.30	00:18:23.909		1.34996			4
2025.05.30	00:18:25.146	1.34854				2
2025.05.30	00:18:25.447	1.34851				2
2025.05.30	00:18:26.072	1.34852				2
2025.05.30	00:18:27.312	1.34855				2
2025.05.30	00:18:27.628	1.34852				2
2025.05.30	00:18:27.947	1.34862				2
2025.05.30	00:18:35.055	1.34871				2
2025.05.30	00:18:35.983	1.34863				2
2025.05.30	00:18:43.692	1.34871				2
2025.05.30	00:18:55.410	1.34874				2
2025.05.30	00:18:55.718	1.34875				2
2025.05.30	00:19:00.050	1.34875				2
2025.05.30	00:19:13.603	1.34865				2
2025.05.30	00:19:24.040		1.34996			4
2025.05.30	00:19:35.075	1.34876				2
2025.05.30	00:19:39.977	1.34867	1.34999			6
2025.05.30	00:19:40.593	1.34869				2
2025.05.30	00:19:44.266	1.34880	1.34994			6
2025.05.30	00:19:44.573	1.34879				2
2025.05.30	00:19:55.301	1.34869				2
2025.05.30	00:20:00.210	1.34869				2
2025.05.30	00:20:34.554	1.34868				2
2025.05.30	00:20:44.343		1.34994			4
2025.05.30	00:20:45.265	1.34878				2
2025.05.30	00:21:00.277	1.34878				2
2025.05.30	00:21:15.277	1.34869				2
2025.05.30	00:21:35.782	1.34863				2
2025.05.30	00:21:44.367		1.34994			4
2025.05.30	00:21:44.983	1.34864				2
2025.05.30	00:21:55.462	1.34863				2
2025.05.30	00:21:58.544	1.34865				2
2025.05.30	00:21:59.162	1.34864				2
2025.05.30	00:21:59.469	1.34867				2
2025.05.30	00:21:59.778	1.34864				2
2025.05.30	00:22:00.088	1.34865				2
2025.05.30	00:22:01.004	1.34866				2
2025.05.30	00:22:01.305	1.34863				2
2025.05.30	00:22:01.609	1.34869				2
2025.05.30	00:22:01.920	1.34866				2
2025.05.30	00:22:04.077		1.34998			4
2025.05.30	00:22:07.775		1.34999			4
2025.05.30	00:22:08.083		1.34998			4
2025.05.30	00:22:09.934	1.34868	1.34999			6
2025.05.30	00:22:10.242	1.34867				2
2025.05.30	00:22:15.483	1.34840				2
2025.05.30	00:22:15.789	1.34852				2
2025.05.30	00:22:17.007	1.34863				2
2025.05.30	00:22:17.318	1.34857				2
2025.05.30	00:22:18.236	1.34866				2
2025.05.30	00:22:18.547	1.34859				2
2025.05.30	00:22:19.155	1.34845				2
2025.05.30	00:22:19.459	1.34846				2
2025.05.30	00:22:19.772	1.34865				2
2025.05.30	00:22:23.131	1.34864				2
2025.05.30	00:22:23.436	1.34867				2
2025.05.30	00:22:23.747	1.34864				2
2025.05.30	00:22:24.664	1.34866				2
2025.05.30	00:22:24.969	1.34860				2
2025.05.30	00:22:25.271	1.34862				2
2025.05.30	00:22:25.584	1.34863				2
2025.05.30	00:22:26.197	1.34862				2
2025.05.30	00:22:26.812	1.34861				2
2025.05.30	00:22:27.426	1.34862				2
2025.05.30	00:22:28.037	1.34863				2
2025.05.30	00:22:28.342	1.34862				2
2025.05.30	00:22:28.647	1.34864				2
2025.05.30	00:22:28.955	1.34865				2
2025.05.30	00:22:29.256	1.34868				2
2025.05.30	00:22:29.570	1.34864				2
2025.05.30	00:22:29.872	1.34865				2
2025.05.30	00:22:30.180	1.34863				2
2025.05.30	00:22:31.410	1.34862				2
2025.05.30	00:22:31.715	1.34859				2
2025.05.30	00:22:32.336	1.34862				2
2025.05.30	00:22:32.643	1.34859				2
2025.05.30	00:22:32.954	1.34862				2
2025.05.30	00:22:33.258	1.34854				2
2025.05.30	00:22:33.569	1.34863				2
2025.05.30	00:22:35.416	1.34864				2
2025.05.30	00:22:36.650	1.34867				2
2025.05.30	00:22:37.869	1.34868				2
2025.05.30	00:22:38.787	1.34869				2
2025.05.30	00:22:40.617	1.34866				2
2025.05.30	00:22:41.538	1.34868				2
2025.05.30	00:22:42.454	1.34869				2
2025.05.30	00:22:42.759	1.34870				2
2025.05.30	00:22:47.344	1.34871				2
2025.05.30	00:22:48.263	1.34872				2
2025.05.30	00:23:00.174	1.34872				2
2025.05.30	00:23:01.403	1.34874				2
2025.05.30	00:23:03.237	1.34875				2
2025.05.30	00:23:05.690	1.34876				2
2025.05.30	00:23:07.827	1.34877				2
2025.05.30	00:23:09.970		1.34999			4
2025.05.30	00:23:14.251	1.34878				2
2025.05.30	00:23:20.976	1.34879				2
2025.05.30	00:23:33.562	1.34883				2
2025.05.30	00:23:34.176	1.34871				2
2025.05.30	00:23:34.486	1.34872				2
2025.05.30	00:23:35.102	1.34871				2
2025.05.30	00:23:35.407	1.34872				2
2025.05.30	00:23:38.171	1.34869				2
2025.05.30	00:23:38.777	1.34872				2
2025.05.30	00:23:41.243	1.34869				2
2025.05.30	00:23:42.164	1.34871				2
2025.05.30	00:23:43.084	1.34872				2
2025.05.30	00:23:45.240	1.34881				2
2025.05.30	00:23:47.090	1.34878				2
2025.05.30	00:23:47.398	1.34881				2
2025.05.30	00:23:48.626	1.34880				2
2025.05.30	00:23:55.085	1.34863				2
2025.05.30	00:23:57.544	1.34864				2
2025.05.30	00:24:00.005	1.34864				2
2025.05.30	00:24:01.237	1.34865				2
2025.05.30	00:24:01.854	1.34866				2
2025.05.30	00:24:02.158	1.34867				2
2025.05.30	00:24:05.235	1.34875				2
2025.05.30	00:24:10.154	1.34876	1.34999			6
2025.05.30	00:24:13.227	1.34877				2
2025.05.30	00:24:14.146	1.34878				2
2025.05.30	00:24:14.455	1.34880				2
2025.05.30	00:24:15.067	1.34872				2
2025.05.30	00:24:35.079	1.34874				2
2025.05.30	00:24:35.696	1.34875				2
2025.05.30	00:24:37.539	1.34876				2
2025.05.30	00:24:40.313	1.34877				2
2025.05.30	00:24:40.929	1.34878				2
2025.05.30	00:24:44.940	1.34880				2
2025.05.30	00:24:45.250	1.34871				2
2025.05.30	00:24:46.175	1.34870				2
2025.05.30	00:24:46.781	1.34871				2
2025.05.30	00:24:49.256	1.34872				2
2025.05.30	00:24:52.038	1.34874				2
2025.05.30	00:24:52.959	1.34875				2
2025.05.30	00:24:53.578	1.34876				2
2025.05.30	00:24:55.118	1.34879				2
2025.05.30	00:25:00.045	1.34879				2
2025.05.30	00:25:04.973	1.34873				2
2025.05.30	00:25:05.282	1.34871				2
2025.05.30	00:25:10.221		1.34999			4
2025.05.30	00:25:22.236	1.34877				2
2025.05.30	00:25:54.231	1.34875				2
2025.05.30	00:25:55.154	1.34872				2
2025.05.30	00:25:55.462	1.34873				2
2025.05.30	00:25:58.537	1.34874				2
2025.05.30	00:25:59.150	1.34875				2
2025.05.30	00:25:59.457	1.34876				2
2025.05.30	00:26:00.072	1.34876				2
2025.05.30	00:26:01.615	1.34877				2
2025.05.30	00:26:02.230	1.34878				2
2025.05.30	00:26:03.463	1.34879				2
2025.05.30	00:26:04.997	1.34870				2
2025.05.30	00:26:05.302	1.34876				2
2025.05.30	00:26:05.617	1.34878				2
2025.05.30	00:26:06.232	1.34871				2
2025.05.30	00:26:06.536	1.34875				2
2025.05.30	00:26:07.154	1.34869				2
2025.05.30	00:26:07.763	1.34875				2
2025.05.30	00:26:08.076	1.34874				2
2025.05.30	00:26:08.383	1.34875				2
2025.05.30	00:26:10.230	1.34873	1.34999			6
2025.05.30	00:26:10.539	1.34875				2
2025.05.30	00:26:13.305	1.34876				2
2025.05.30	00:26:13.617	1.34875				2
2025.05.30	00:26:13.919	1.34876				2
2025.05.30	00:26:14.230	1.34877				2
2025.05.30	00:26:15.159	1.34881				2
2025.05.30	00:26:15.770	1.34876				2
2025.05.30	00:26:18.248	1.34881				2
2025.05.30	00:26:18.562	1.34876				2
2025.05.30	00:26:19.175	1.34881				2
2025.05.30	00:26:20.102	1.34874				2
2025.05.30	00:26:20.714	1.34881				2
2025.05.30	00:26:23.183	1.34871				2
2025.05.30	00:26:23.796	1.34880				2
2025.05.30	00:26:24.103	1.34881				2
2025.05.30	00:26:24.415	1.34880				2
2025.05.30	00:26:26.263	1.34873				2
2025.05.30	00:26:26.575	1.34879				2
2025.05.30	00:26:27.187	1.34878				2
2025.05.30	00:26:27.496	1.34879				2
2025.05.30	00:26:29.648	1.34873				2
2025.05.30	00:26:30.264	1.34879				2
2025.05.30	00:26:30.574	1.34878				2
2025.05.30	00:26:30.882	1.34879				2
2025.05.30	00:26:35.193	1.34873				2
2025.05.30	00:26:36.116	1.34876				2
2025.05.30	00:26:36.732	1.34865				2
2025.05.30	00:26:37.042	1.34864				2
2025.05.30	00:26:46.431	1.34876				2
2025.05.30	00:26:47.043	1.34868				2
2025.05.30	00:26:47.662	1.34876				2
2025.05.30	00:26:47.968	1.34877				2
2025.05.30	00:26:48.276	1.34876				2
2025.05.30	00:26:48.893	1.34870				2
2025.05.30	00:26:49.202	1.34876				2
2025.05.30	00:26:58.403	1.34872				2
2025.05.30	00:26:59.629	1.34867				2
2025.05.30	00:27:00.236	1.34873				2
2025.05.30	00:27:01.162	1.34870				2
2025.05.30	00:27:03.000	1.34872				2
2025.05.30	00:27:03.304	1.34865				2
2025.05.30	00:27:03.614	1.34866				2
2025.05.30	00:27:04.229	1.34865				2
2025.05.30	00:27:05.143	1.34871				2
2025.05.30	00:27:05.453	1.34872				2
2025.05.30	00:27:06.060	1.34873				2
2025.05.30	00:27:06.681	1.34872				2
2025.05.30	00:27:08.526	1.34871				2
2025.05.30	00:27:10.383		1.34999			4
2025.05.30	00:27:14.070	1.34872				2
2025.05.30	00:27:14.377	1.34871				2
2025.05.30	00:27:15.301	1.34872				2
2025.05.30	00:27:15.603	1.34870				2
2025.05.30	00:27:16.214	1.34872				2
2025.05.30	00:27:16.518	1.34873				2
2025.05.30	00:27:16.823	1.34871				2
2025.05.30	00:27:17.129	1.34872				2
2025.05.30	00:27:18.054	1.34871				2
2025.05.30	00:27:24.204	1.34872				2
2025.05.30	00:27:25.133	1.34864				2
2025.05.30	00:27:26.605	1.34861				2
2025.05.30	00:27:27.531	1.34863				2
2025.05.30	00:27:29.007	1.34861				2
2025.05.30	00:27:29.924	1.34863				2
2025.05.30	00:27:32.113	1.34858				2
2025.05.30	00:27:32.728	1.34863				2
2025.05.30	00:27:35.216	1.34865				2
2025.05.30	00:27:35.833		1.34998			4
2025.05.30	00:27:37.372	1.34863				2
2025.05.30	00:27:38.276	1.34864				2
2025.05.30	00:27:38.798	1.34865				2
2025.05.30	00:27:39.110	1.34863				2
2025.05.30	00:27:42.204	1.34864				2
2025.05.30	00:27:44.129	1.34858				2
2025.05.30	00:27:45.692	1.34864				2
2025.05.30	00:27:50.085	1.34861				2
2025.05.30	00:27:50.708	1.34864				2
2025.05.30	00:27:51.204	1.34861				2
2025.05.30	00:27:51.524	1.34864				2
2025.05.30	00:27:52.079	1.34861				2
2025.05.30	00:27:55.155	1.34859				2
2025.05.30	00:27:57.554	1.34863				2
2025.05.30	00:27:59.388	1.34862				2
2025.05.30	00:28:00.306	1.34862				2
2025.05.30	00:28:05.190	1.34859				2
2025.05.30	00:28:17.759	1.34863				2
2025.05.30	00:28:18.067	1.34862				2
2025.05.30	00:28:18.379	1.34866				2
2025.05.30	00:28:30.696		1.34999			4
2025.05.30	00:28:32.238	1.34859				2
2025.05.30	00:28:34.266	1.34863				2
2025.05.30	00:28:41.340	1.34859				2
2025.05.30	00:28:45.244	1.34861				2
2025.05.30	00:28:46.169	1.34863				2
2025.05.30	00:28:47.401	1.34859				2
2025.05.30	00:29:01.103	1.34859				2
2025.05.30	00:29:05.304	1.34860				2
2025.05.30	00:29:32.543		1.34999			4
2025.05.30	00:30:00.378	1.34865				2
2025.05.30	00:30:20.979		1.35003			4
2025.05.30	00:30:39.993		1.35002			4
2025.05.30	00:31:00.262	1.34865				2
2025.05.30	00:31:00.875	1.34862				2
2025.05.30	00:31:01.182	1.34863				2
2025.05.30	00:31:01.796	1.34862				2
2025.05.30	00:31:02.099	1.34861				2
2025.05.30	00:31:04.840	1.34860				2
2025.05.30	00:31:06.066	1.34859				2
2025.05.30	00:31:07.293	1.34860				2
2025.05.30	00:31:08.209	1.34859				2
2025.05.30	00:31:10.351	1.34858				2
2025.05.30	00:31:10.963	1.34859				2
2025.05.30	00:31:12.195	1.34858				2
2025.05.30	00:31:13.404	1.34859				2
2025.05.30	00:31:13.706	1.34858				2
2025.05.30	00:31:14.009	1.34859				2
2025.05.30	00:31:14.316	1.34858				2
2025.05.30	00:31:15.237	1.34859				2
2025.05.30	00:31:15.852		1.35000			4
2025.05.30	00:31:16.599	1.34858				2
2025.05.30	00:31:16.901	1.34859				2
2025.05.30	00:31:18.285	1.34858				2
2025.05.30	00:31:19.202	1.34859				2
2025.05.30	00:31:19.546	1.34852				2
2025.05.30	00:31:20.289	1.34851				2
2025.05.30	00:31:32.791	1.34847				2
2025.05.30	00:31:34.017	1.34848				2
2025.05.30	00:31:34.325	1.34847				2
2025.05.30	00:31:38.216	1.34846				2
2025.05.30	00:31:38.580	1.34849				2
2025.05.30	00:31:39.115	1.34848				2
2025.05.30	00:31:49.878	1.34855				2
2025.05.30	00:31:50.186	1.34852				2
2025.05.30	00:31:52.293	1.34853				2
2025.05.30	00:32:00.641	1.34853				2
2025.05.30	00:32:02.792	1.34850				2
2025.05.30	00:32:03.202	1.34854				2
2025.05.30	00:32:10.983		1.35002			4
2025.05.30	00:32:13.435	1.34853				2
2025.05.30	00:32:14.977	1.34862				2
2025.05.30	00:32:39.921		1.35001			4
2025.05.30	00:33:00.229	1.34862				2
2025.05.30	00:33:01.459	1.34863				2
2025.05.30	00:33:13.566	1.34862				2
2025.05.30	00:33:16.033	1.34863				2
2025.05.30	00:33:18.789	1.34862				2
2025.05.30	00:33:19.098	1.34861				2
2025.05.30	00:33:24.917	1.34862				2
2025.05.30	00:33:25.230	1.34859				2
2025.05.30	00:33:25.843	1.34863				2
2025.05.30	00:33:39.942		1.35001			4
2025.05.30	00:34:00.167	1.34863				2
2025.05.30	00:34:40.021		1.35001			4
2025.05.30	00:34:51.071	1.34864				2
2025.05.30	00:34:59.381	1.34858				2
2025.05.30	00:35:00.096	1.34859				2
2025.05.30	00:35:15.094	1.34858				2
2025.05.30	00:35:16.415	1.34859				2
2025.05.30	00:35:17.904	1.34858				2
2025.05.30	00:35:20.003	1.34859				2
2025.05.30	00:35:26.005	1.34858				2
2025.05.30	00:35:34.016	1.34856				2
2025.05.30	00:35:39.387	1.34854				2
2025.05.30	00:35:40.307	1.34853	1.35001			6
2025.05.30	00:35:50.996		1.34998			4
2025.05.30	00:36:00.096	1.34853				2
2025.05.30	00:36:01.705	1.34852				2
2025.05.30	00:36:05.004	1.34851				2
2025.05.30	00:36:05.318	1.34850				2
2025.05.30	00:36:05.620	1.34849				2
2025.05.30	00:36:20.222	1.34847				2
2025.05.30	00:36:27.367	1.34852				2
2025.05.30	00:36:37.314	1.34853				2
2025.05.30	00:36:45.306	1.34854				2
2025.05.30	00:36:45.986		1.35001			4
2025.05.30	00:36:53.657		1.34998			4
2025.05.30	00:36:55.189		1.35001			4
2025.05.30	00:36:55.493		1.34996			4
2025.05.30	00:36:56.110		1.35001			4
2025.05.30	00:36:58.256	1.34853	1.34998			6
2025.05.30	00:37:00.095	1.34853				2
2025.05.30	00:37:06.210	1.34856				2
2025.05.30	00:37:06.518	1.34850				2
2025.05.30	00:37:12.635	1.34848				2
2025.05.30	00:37:13.249	1.34856				2
2025.05.30	00:37:14.170		1.34994			4
2025.05.30	00:37:16.921	1.34857				2
2025.05.30	00:37:19.684	1.34856				2
2025.05.30	00:37:23.958	1.34853				2
2025.05.30	00:37:24.876	1.34851	1.34993			6
2025.05.30	00:37:25.791		1.34999			4
2025.05.30	00:37:27.326	1.34852				2
2025.05.30	00:37:28.545		1.35000			4
2025.05.30	00:37:31.611		1.34997			4
2025.05.30	00:37:34.980		1.35001			4
2025.05.30	00:37:35.287	1.34846				2
2025.05.30	00:37:36.208	1.34845				2
2025.05.30	00:37:37.127	1.34846				2
2025.05.30	00:37:38.352	1.34845				2
2025.05.30	00:37:42.339		1.35000			4
2025.05.30	00:37:44.180	1.34852	1.34999			6
2025.05.30	00:37:44.485		1.34998			4
2025.05.30	00:37:45.106		1.34997			4
2025.05.30	00:37:46.639	1.34844				2
2025.05.30	00:37:47.247	1.34849	1.35000			6
2025.05.30	00:37:47.549		1.35001			4
2025.05.30	00:37:48.160	1.34845				2
2025.05.30	00:37:49.080	1.34846				2
2025.05.30	00:37:53.364	1.34854				2
2025.05.30	00:37:54.281		1.34999			4
2025.05.30	00:37:54.888		1.34998			4
2025.05.30	00:37:55.194	1.34852	1.34994			6
2025.05.30	00:37:56.112		1.34992			4
2025.05.30	00:37:57.638	1.34853				2
2025.05.30	00:38:00.084	1.34853				2
2025.05.30	00:38:03.136		1.34991			4
2025.05.30	00:38:04.964	1.34854	1.35001			6
2025.05.30	00:38:06.193		1.34995			4
2025.05.30	00:38:09.248	1.34855				2
2025.05.30	00:38:12.001	1.34854				2
2025.05.30	00:38:12.302		1.35001			4
2025.05.30	00:38:18.116		1.34995			4
2025.05.30	00:38:18.422		1.34996			4
2025.05.30	00:38:18.731		1.34995			4
2025.05.30	00:38:19.647	1.34827				2
2025.05.30	00:38:22.092	1.34835				2
2025.05.30	00:38:29.904	1.34836	1.34994			6
2025.05.30	00:38:34.268	1.34835	1.34995			6
2025.05.30	00:38:35.616	1.34836	1.34994			6
2025.05.30	00:39:01.417	1.34836				2
2025.05.30	00:39:02.954	1.34835				2
2025.05.30	00:39:06.383	1.34836				2
2025.05.30	00:39:10.433	1.34840				2
2025.05.30	00:39:11.966	1.34841				2
2025.05.30	00:39:12.585	1.34836				2
2025.05.30	00:39:23.604	1.34849	1.35001			6
2025.05.30	00:39:24.236		1.34996			4
2025.05.30	00:39:35.015		1.35001			4
2025.05.30	00:39:37.781	1.34848				2
2025.05.30	00:39:43.631		1.35000			4
2025.05.30	00:39:44.551	1.34849	1.34998			6
2025.05.30	00:39:45.473		1.34997			4
2025.05.30	00:39:47.021		1.34996			4
2025.05.30	00:39:47.322	1.34848				2
2025.05.30	00:39:47.936		1.34984			4
2025.05.30	00:39:48.540	1.34851				2
2025.05.30	00:39:48.857	1.34852				2
2025.05.30	00:40:00.460	1.34851				2
2025.05.30	00:40:17.004	1.34852				2
2025.05.30	00:40:27.503	1.34853				2
2025.05.30	00:40:37.901	1.34854				2
2025.05.30	00:40:48.665		1.34984			4
2025.05.30	00:40:57.895	1.34852				2
2025.05.30	00:41:02.590	1.34852				2
2025.05.30	00:41:04.411	1.34853				2
2025.05.30	00:41:05.082	1.34854				2
2025.05.30	00:41:48.508	1.34856				2
2025.05.30	00:41:49.585		1.34984			4
2025.05.30	00:41:50.908	1.34855				2
2025.05.30	00:41:56.905	1.34854				2
2025.05.30	00:42:01.538	1.34855				2
2025.05.30	00:42:04.269	1.34854				2
2025.05.30	00:42:14.153	1.34855				2
2025.05.30	00:42:44.897	1.34853				2
2025.05.30	00:42:48.669	1.34854				2
2025.05.30	00:42:49.179	1.34853				2
2025.05.30	00:42:49.593	1.34855	1.34984			6
2025.05.30	00:42:50.340	1.34856				2
2025.05.30	00:42:55.935	1.34854				2
2025.05.30	00:43:02.597	1.34854				2
2025.05.30	00:43:33.661	1.34855				2
2025.05.30	00:43:49.955		1.34984			4
2025.05.30	00:43:55.251	1.34856				2
2025.05.30	00:44:02.586	1.34856				2
2025.05.30	00:44:20.303	1.34855				2
2025.05.30	00:44:23.923	1.34856				2
2025.05.30	00:44:28.408	1.34855				2
2025.05.30	00:44:35.387	1.34856				2
2025.05.30	00:44:36.816	1.34857				2
2025.05.30	00:44:41.452	1.34859				2
2025.05.30	00:44:42.290	1.34858				2
2025.05.30	00:44:42.997	1.34856				2
2025.05.30	00:44:43.997	1.34858				2
2025.05.30	00:44:48.379	1.34856				2
2025.05.30	00:44:49.383	1.34858				2
2025.05.30	00:44:50.016		1.34984			4
2025.05.30	00:44:52.569	1.34856				2
2025.05.30	00:44:53.568	1.34858				2
2025.05.30	00:45:02.207	1.34843	1.35001			6
2025.05.30	00:45:02.506	1.34839				2
2025.05.30	00:45:04.648	1.34858	1.34984			6
2025.05.30	00:45:08.823	1.34874	1.34968			6
2025.05.30	00:45:09.699	1.34875				2
2025.05.30	00:45:51.885	1.34876				2
2025.05.30	00:46:00.216	1.34876				2
2025.05.30	00:46:02.673	1.34877				2
2025.05.30	00:46:08.847		1.34968			4
2025.05.30	00:46:13.465	1.34878				2
2025.05.30	00:46:22.107	1.34874				2
2025.05.30	00:46:22.409	1.34876				2
2025.05.30	00:46:27.353	1.34875				2
2025.05.30	00:46:28.278	1.34876				2
2025.05.30	00:46:59.405	1.34875				2
2025.05.30	00:47:00.026	1.34875				2
2025.05.30	00:47:02.188	1.34853	1.34985			6
2025.05.30	00:47:03.107	1.34852				2
2025.05.30	00:47:03.416	1.34851				2
2025.05.30	00:47:04.338	1.34852				2
2025.05.30	00:47:04.644	1.34875				2
2025.05.30	00:47:09.569	1.34879				2
2025.05.30	00:47:10.804	1.34880				2
2025.05.30	00:47:12.041	1.34879				2
2025.05.30	00:47:13.575	1.34878				2
2025.05.30	00:47:16.344	1.34877				2
2025.05.30	00:47:25.900	1.34876				2
2025.05.30	00:47:27.747	1.34877				2
2025.05.30	00:47:30.816	1.34876				2
2025.05.30	00:47:34.213	1.34877				2
2025.05.30	00:47:35.442	1.34878				2
2025.05.30	00:47:35.751	1.34877				2
2025.05.30	00:47:47.760	1.34866				2
2025.05.30	00:47:48.374	1.34870				2
2025.05.30	00:47:48.681	1.34860				2
2025.05.30	00:47:50.225	1.34868				2
2025.05.30	00:47:51.763	1.34869				2
2025.05.30	00:47:52.379	1.34868				2
2025.05.30	00:47:53.295	1.34860				2
2025.05.30	00:47:55.760	1.34859	1.34979			6
2025.05.30	00:47:56.068	1.34861				2
2025.05.30	00:48:00.072	1.34861				2
2025.05.30	00:48:20.413	1.34862				2
2025.05.30	00:48:22.263	1.34860				2
2025.05.30	00:48:24.424	1.34861				2
2025.05.30	00:48:25.647	1.34862				2
2025.05.30	00:48:26.265	1.34861				2
2025.05.30	00:48:26.573	1.34862				2
2025.05.30	00:48:26.882	1.34860	1.34969			6
2025.05.30	00:48:27.190	1.34867				2
2025.05.30	00:48:27.498	1.34869				2
2025.05.30	00:48:27.809	1.34863				2
2025.05.30	00:48:38.600	1.34865				2
2025.05.30	00:48:40.435	1.34866				2
2025.05.30	00:48:43.839	1.34865				2
2025.05.30	00:48:45.993	1.34863				2
2025.05.30	00:48:50.312	1.34864				2
2025.05.30	00:48:53.392	1.34866				2
2025.05.30	00:48:54.009	1.34867				2
2025.05.30	00:48:54.927	1.34868				2
2025.05.30	00:48:57.097	1.34869				2
2025.05.30	00:48:57.400	1.34870				2
2025.05.30	00:48:59.247	1.34871				2
2025.05.30	00:49:00.168	1.34871				2
2025.05.30	00:49:01.096	1.34864				2
2025.05.30	00:49:20.524	1.34867				2
2025.05.30	00:49:20.827	1.34864				2
2025.05.30	00:49:26.989		1.34969			4
2025.05.30	00:49:32.218	1.34867				2
2025.05.30	00:49:32.841	1.34868				2
2025.05.30	00:49:33.143	1.34869				2
2025.05.30	00:49:34.685	1.34864				2
2025.05.30	00:49:48.532	1.34866				2
2025.05.30	00:49:56.828	1.34863				2
2025.05.30	00:50:00.196	1.34863				2
2025.05.30	00:50:06.654	1.34864				2
2025.05.30	00:50:09.426	1.34860				2
2025.05.30	00:50:17.413	1.34864				2
2025.05.30	00:50:17.719	1.34862				2
2025.05.30	00:50:22.346	1.34864				2
2025.05.30	00:50:26.347	1.34862				2
2025.05.30	00:50:27.272		1.34969			4
2025.05.30	00:50:52.192	1.34863				2
2025.05.30	00:50:54.339	1.34862				2
2025.05.30	00:51:00.193	1.34862				2
2025.05.30	00:51:24.520	1.34860				2
2025.05.30	00:51:26.362	1.34862				2
2025.05.30	00:51:26.665	1.34863				2
2025.05.30	00:51:26.970	1.34864				2
2025.05.30	00:51:27.278		1.34969			4
2025.05.30	00:51:27.902	1.34861				2
2025.05.30	00:51:32.213	1.34864				2
2025.05.30	00:51:36.208	1.34865				2
2025.05.30	00:51:38.367	1.34866				2
2025.05.30	00:51:38.984	1.34867				2
2025.05.30	00:51:44.221	1.34868				2
2025.05.30	00:51:45.139		1.34968			4
2025.05.30	00:51:46.679	1.34869				2
2025.05.30	00:51:47.299	1.34861				2
2025.05.30	00:51:47.605	1.34868				2
2025.05.30	00:51:47.909	1.34861				2
2025.05.30	00:51:57.144	1.34867				2
2025.05.30	00:51:58.076	1.34868				2
2025.05.30	00:51:59.611	1.34861				2
2025.05.30	00:52:00.226	1.34861				2
2025.05.30	00:52:08.532	1.34860				2
2025.05.30	00:52:26.388	1.34865				2
2025.05.30	00:52:31.313	1.34866				2
2025.05.30	00:52:34.080	1.34867				2
2025.05.30	00:52:35.000	1.34865				2
2025.05.30	00:52:39.912	1.34866				2
2025.05.30	00:52:41.139	1.34865				2
2025.05.30	00:52:42.366	1.34857				2
2025.05.30	00:52:45.435		1.34968			4
2025.05.30	00:52:46.975	1.34860	1.34959			6
2025.05.30	00:53:00.179	1.34860				2
2025.05.30	00:53:10.941	1.34862				2
2025.05.30	00:53:19.239	1.34860				2
2025.05.30	00:53:35.522		1.34957			4
2025.05.30	00:53:39.511		1.34959			4
2025.05.30	00:53:42.276		1.34957			4
2025.05.30	00:53:42.890		1.34959			4
2025.05.30	00:53:46.892		1.34957			4
2025.05.30	00:53:47.507		1.34956			4
2025.05.30	00:53:57.336		1.34957			4
2025.05.30	00:54:00.096	1.34860				2
2025.05.30	00:54:00.411		1.34959			4
2025.05.30	00:54:02.252		1.34958			4
2025.05.30	00:54:04.402		1.34957			4
2025.05.30	00:54:08.395		1.34956			4
2025.05.30	00:54:13.922		1.34957			4
2025.05.30	00:54:20.685		1.34955			4
2025.05.30	00:54:22.215		1.34954			4
2025.05.30	00:54:26.525	1.34863	1.34959			6
2025.05.30	00:54:41.247	1.34861				2
2025.05.30	00:54:46.463	1.34862				2
2025.05.30	00:54:56.852	1.34860				2
2025.05.30	00:55:00.212	1.34865	1.34949			6
2025.05.30	00:55:17.064	1.34869	1.34939			6
2025.05.30	00:55:18.283		1.34936			4
2025.05.30	00:55:19.198		1.34932			4
2025.05.30	00:55:24.695	1.34871				2
2025.05.30	00:55:26.527	1.34869				2
2025.05.30	00:55:26.838	1.34870				2
2025.05.30	00:55:27.139	1.34869				2
2025.05.30	00:55:27.445	1.34870				2
2025.05.30	00:55:29.259	1.34871				2
2025.05.30	00:55:31.987	1.34869				2
2025.05.30	00:55:34.130	1.34873				2
2025.05.30	00:55:35.645	1.34874				2
2025.05.30	00:55:37.167	1.34870				2
2025.05.30	00:55:39.623	1.34871				2
2025.05.30	00:55:40.835	1.34874				2
2025.05.30	00:55:42.361		1.34928			4
2025.05.30	00:55:43.278	1.34871				2
2025.05.30	00:55:44.186	1.34869	1.34927			6
2025.05.30	00:55:46.914	1.34870	1.34928			6
2025.05.30	00:55:47.217	1.34871				2
2025.05.30	00:55:50.851	1.34872				2
2025.05.30	00:55:51.755	1.34871				2
2025.05.30	00:55:54.507	1.34872	1.34930			6
2025.05.30	00:55:55.415	1.34871	1.34929			6
2025.05.30	00:55:56.031	1.34872	1.34930			6
2025.05.30	00:55:57.553	1.34873	1.34931			6
2025.05.30	00:55:59.396	1.34872	1.34930			6
2025.05.30	00:56:00.000	1.34872				2
2025.05.30	00:56:02.443	1.34875	1.34933			6
2025.05.30	00:56:14.302	1.34874	1.34932			6
2025.05.30	00:56:16.122	1.34872	1.34930			6
2025.05.30	00:56:18.870	1.34873	1.34931			6
2025.05.30	00:56:22.200	1.34872	1.34930			6
2025.05.30	00:56:24.346	1.34873	1.34931			6
2025.05.30	00:56:26.483	1.34872	1.34930			6
2025.05.30	00:56:26.783	1.34873	1.34931			6
2025.05.30	00:56:32.565	1.34872	1.34930			6
2025.05.30	00:56:33.492	1.34873	1.34931			6
2025.05.30	00:56:40.240	1.34874	1.34932			6
2025.05.30	00:56:43.302	1.34873	1.34931			6
2025.05.30	00:56:47.599		1.34929			4
2025.05.30	00:56:47.904	1.34874	1.34924			6
2025.05.30	00:56:48.210	1.34872				2
2025.05.30	00:56:48.823	1.34873				2
2025.05.30	00:56:52.507		1.34930			4
2025.05.30	00:56:52.816	1.34876				2
2025.05.30	00:56:55.902	1.34874				2
2025.05.30	00:56:57.132	1.34875				2
2025.05.30	00:57:00.183	1.34875				2
2025.05.30	00:57:04.470	1.34874				2
2025.05.30	00:57:12.139	1.34875				2
2025.05.30	00:57:19.207	1.34872	1.34920			6
2025.05.30	00:57:19.516	1.34873				2
2025.05.30	00:57:21.356	1.34874				2
2025.05.30	00:57:33.964	1.34875	1.34911			6
2025.05.30	00:57:34.273	1.34876	1.34934			6
2025.05.30	00:57:35.200	1.34873	1.34931			6
2025.05.30	00:57:40.110	1.34876	1.34934			6
2025.05.30	00:57:43.191	1.34875	1.34923			6
2025.05.30	00:57:44.121	1.34876	1.34934			6
2025.05.30	00:57:44.423	1.34877	1.34935			6
2025.05.30	00:57:45.347	1.34875	1.34933			6
2025.05.30	00:57:46.577	1.34877	1.34935			6
2025.05.30	00:57:55.524	1.34878	1.34936			6
2025.05.30	00:57:59.836	1.34875	1.34933			6
2025.05.30	00:58:00.141	1.34875				2
2025.05.30	00:58:03.222	1.34877	1.34935			6
2025.05.30	00:58:07.212	1.34879	1.34937			6
2025.05.30	00:58:12.128	1.34877	1.34935			6
2025.05.30	00:58:12.743	1.34880	1.34964			6
2025.05.30	00:58:15.206	1.34886				2
2025.05.30	00:58:17.050	1.34881				2
2025.05.30	00:58:18.273	1.34882				2
2025.05.30	00:58:22.259	1.34877				2
2025.05.30	00:58:24.714	1.34878				2
2025.05.30	00:58:25.939	1.34880				2
2025.05.30	00:58:26.550	1.34876				2
2025.05.30	00:58:27.786	1.34875				2
2025.05.30	00:58:28.393	1.34883				2
2025.05.30	00:58:33.007	1.34884				2
2025.05.30	00:58:33.309	1.34881				2
2025.05.30	00:58:33.925	1.34882				2
2025.05.30	00:58:34.234	1.34883				2
2025.05.30	00:58:36.692	1.34884				2
2025.05.30	00:58:43.141	1.34885				2
2025.05.30	00:58:43.449	1.34886				2
2025.05.30	00:58:49.290	1.34887				2
2025.05.30	00:58:53.892	1.34888				2
2025.05.30	00:58:55.123	1.34929	1.34985			6
2025.05.30	00:59:00.039	1.34929				2
2025.05.30	00:59:03.423	1.34945				2
2025.05.30	00:59:03.731		1.34992			4
2025.05.30	00:59:04.963	1.34938				2
2025.05.30	00:59:06.507	1.34920	1.34985			6
2025.05.30	00:59:08.652	1.34889	1.34995			6
2025.05.30	00:59:09.263	1.34890	1.34994			6
2025.05.30	00:59:10.496	1.34891				2
2025.05.30	00:59:12.031	1.34890				2
2025.05.30	00:59:13.879	1.34892				2
2025.05.30	00:59:14.190	1.34893				2
2025.05.30	00:59:16.343	1.34890				2
2025.05.30	00:59:16.649	1.34892				2
2025.05.30	00:59:19.102	1.34889				2
2025.05.30	00:59:19.717	1.34891				2
2025.05.30	00:59:22.175	1.34890				2
2025.05.30	00:59:25.551	1.34889				2
2025.05.30	00:59:27.090	1.34890				2
2025.05.30	00:59:28.314	1.34889				2
2025.05.30	00:59:35.375	1.34890				2
2025.05.30	00:59:37.537	1.34889				2
2025.05.30	00:59:47.691	1.34885	1.34993			6
2025.05.30	00:59:47.999	1.34878				2
2025.05.30	00:59:48.305		1.34994			4
2025.05.30	00:59:50.152	1.34882				2
2025.05.30	00:59:54.156	1.34884				2
2025.05.30	00:59:55.395	1.34885				2
2025.05.30	01:00:00.007	1.34885				2
2025.05.30	01:00:00.313	1.34887	1.34982			6
2025.05.30	01:00:00.630	1.34889				2
2025.05.30	01:00:00.935	1.34891				2
2025.05.30	01:00:01.241	1.34890	1.34984			6
2025.05.30	01:00:01.852	1.34894				2
2025.05.30	01:00:02.170	1.34892				2
2025.05.30	01:00:02.479		1.34975			4
2025.05.30	01:00:02.790	1.34896				2
2025.05.30	01:00:03.097		1.34984			4
2025.05.30	01:00:03.401	1.34898	1.34979			6
2025.05.30	01:00:04.018	1.34894	1.34984			6
2025.05.30	01:00:04.326	1.34896	1.34983			6
2025.05.30	01:00:04.632	1.34897	1.34978			6
2025.05.30	01:00:04.942	1.34895	1.34974			6
2025.05.30	01:00:05.245	1.34890	1.34984			6
2025.05.30	01:00:05.559		1.34979			4
2025.05.30	01:00:05.863	1.34893				2
2025.05.30	01:00:06.171	1.34894	1.34977			6
2025.05.30	01:00:06.475	1.34897	1.34979			6
2025.05.30	01:00:06.781	1.34898				2
2025.05.30	01:00:07.400	1.34897	1.34978			6
2025.05.30	01:00:07.709	1.34903	1.34972			6
2025.05.30	01:00:08.016	1.34904	1.34970			6
2025.05.30	01:00:08.323	1.34895	1.34977			6
2025.05.30	01:00:08.630	1.34898	1.34970			6
2025.05.30	01:00:09.240	1.34900	1.34971			6
2025.05.30	01:00:09.551		1.34968			4
2025.05.30	01:00:09.858	1.34898				2
2025.05.30	01:00:10.165	1.34897	1.34969			6
2025.05.30	01:00:10.467		1.34967			4
2025.05.30	01:00:10.774	1.34899	1.34964			6
2025.05.30	01:00:11.079	1.34900				2
2025.05.30	01:00:11.388	1.34889	1.34975			6
2025.05.30	01:00:11.703	1.34894	1.34970			6
2025.05.30	01:00:12.008	1.34892	1.34969			6
2025.05.30	01:00:12.312	1.34896	1.34932			6
2025.05.30	01:00:12.620	1.34898				2
2025.05.30	01:00:13.232		1.34934			4
2025.05.30	01:00:13.544		1.34932			4
2025.05.30	01:00:13.852	1.34899	1.34931			6
2025.05.30	01:00:16.323	1.34901	1.34929			6
2025.05.30	01:00:23.083	1.34905				2
2025.05.30	01:00:23.387	1.34909	1.34939			6
2025.05.30	01:00:23.691	1.34911				2
2025.05.30	01:00:27.038	1.34908	1.34938			6
2025.05.30	01:00:27.962	1.34907	1.34937			6
2025.05.30	01:00:28.274		1.34936			4
2025.05.30	01:00:28.579	1.34904				2
2025.05.30	01:00:28.881	1.34903	1.34933			6
2025.05.30	01:00:29.189	1.34909	1.34937			6
2025.05.30	01:00:30.108	1.34908	1.34938			6
2025.05.30	01:00:30.415	1.34907	1.34937			6
2025.05.30	01:00:31.018	1.34906	1.34938			6
2025.05.30	01:00:31.321	1.34907	1.34937			6
2025.05.30	01:00:31.623	1.34905	1.34935			6
2025.05.30	01:00:31.930	1.34904	1.34934			6
2025.05.30	01:00:32.231	1.34900	1.34930			6
2025.05.30	01:00:32.538	1.34901	1.34929			6
2025.05.30	01:00:32.842	1.34899				2
2025.05.30	01:00:33.146	1.34900	1.34930			6
2025.05.30	01:00:34.057	1.34902	1.34929			6
2025.05.30	01:00:34.660	1.34901				2
2025.05.30	01:00:34.962	1.34902				2
2025.05.30	01:00:35.277	1.34901				2
2025.05.30	01:00:35.577	1.34900	1.34930			6
2025.05.30	01:00:35.885	1.34901	1.34929			6
2025.05.30	01:00:36.193	1.34940	1.34951			6
2025.05.30	01:00:36.500	1.34925	1.34937			6
2025.05.30	01:00:37.117	1.34926	1.34935			6
2025.05.30	01:00:40.175		1.34936			4
2025.05.30	01:00:42.295	1.34931	1.34939			6
2025.05.30	01:00:42.900		1.34938			4
2025.05.30	01:00:47.485	1.34930				2
2025.05.30	01:00:47.787	1.34933	1.34940			6
2025.05.30	01:00:50.237		1.34939			4
2025.05.30	01:00:55.125		1.34940			4
2025.05.30	01:00:55.732		1.34939			4
2025.05.30	01:00:59.409	1.34923	1.34936			6
2025.05.30	01:00:59.715	1.34921	1.34937			6
2025.05.30	01:01:00.019	1.34921				2
2025.05.30	01:01:00.331	1.34923	1.34929			6
2025.05.30	01:01:00.637	1.34922				2
2025.05.30	01:01:02.171	1.34921	1.34928			6
2025.05.30	01:01:03.090		1.34927			4
2025.05.30	01:01:03.392	1.34919	1.34926			6
2025.05.30	01:01:06.141	1.34920	1.34927			6
2025.05.30	01:01:07.070	1.34919	1.34926			6
2025.05.30	01:01:07.374	1.34913	1.34920			6
2025.05.30	01:01:07.680	1.34912	1.34919			6
2025.05.30	01:01:08.302	1.34915	1.34922			6
2025.05.30	01:01:08.607	1.34916	1.34923			6
2025.05.30	01:01:09.212	1.34915	1.34922			6
2025.05.30	01:01:15.013	1.34918	1.34924			6
2025.05.30	01:01:15.316		1.34925			4
2025.05.30	01:01:16.841		1.34924			4
2025.05.30	01:01:48.339		1.34923			4
2025.05.30	01:01:51.702		1.34922			4
2025.05.30	01:01:52.612		1.34923			4
2025.05.30	01:01:53.227		1.34924			4
2025.05.30	01:01:54.761		1.34923			4
2025.05.30	01:02:00.257	1.34918	1.34922			6
2025.05.30	01:02:06.375		1.34923			4
2025.05.30	01:02:08.221		1.34922			4
2025.05.30	01:02:08.525		1.34923			4
2025.05.30	01:02:09.437		1.34922			4
2025.05.30	01:02:09.750		1.34923			4
2025.05.30	01:02:11.878		1.34922			4
2025.05.30	01:02:12.179		1.34923			4
2025.05.30	01:02:12.796		1.34922			4
2025.05.30	01:02:15.553		1.34923			4
2025.05.30	01:02:17.391	1.34922	1.34929			6
2025.05.30	01:02:19.836	1.34921	1.34928			6
2025.05.30	01:02:25.008	1.34920	1.34927			6
2025.05.30	01:02:34.159	1.34922	1.34929			6
2025.05.30	01:02:50.366	1.34919	1.34925			6
2025.05.30	01:02:50.670	1.34918	1.34924			6
2025.05.30	01:02:51.282		1.34925			4
2025.05.30	01:02:52.811		1.34924			4
2025.05.30	01:03:00.090	1.34918				2
2025.05.30	01:03:00.396		1.34920			4
2025.05.30	01:03:02.213	1.34915				2
2025.05.30	01:03:05.581	1.34913	1.34919			6
2025.05.30	01:03:08.336	1.34914	1.34920			6
2025.05.30	01:03:23.273		1.34919			4
2025.05.30	01:03:37.014	1.34913	1.34918			6
2025.05.30	01:03:41.293	1.34914				2
2025.05.30	01:04:00.225	1.34914				2
2025.05.30	01:04:01.148	1.34913	1.34917			6
2025.05.30	01:04:03.276	1.34912	1.34916			6
2025.05.30	01:04:04.825	1.34911	1.34915			6
2025.05.30	01:04:05.137	1.34912	1.34916			6
2025.05.30	01:04:08.188		1.34915			4
2025.05.30	01:04:13.384	1.34911	1.34914			6
2025.05.30	01:04:19.749	1.34914	1.34917			6
2025.05.30	01:04:21.587	1.34912	1.34915			6
2025.05.30	01:04:22.199	1.34913	1.34916			6
2025.05.30	01:04:28.175	1.34912	1.34915			6
2025.05.30	01:04:29.082	1.34914	1.34917			6
2025.05.30	01:04:37.027	1.34913	1.34916			6
2025.05.30	01:04:38.249	1.34914	1.34917			6
2025.05.30	01:04:42.231	1.34913	1.34916			6
2025.05.30	01:04:44.379	1.34914	1.34917			6
2025.05.30	01:04:47.450	1.34913	1.34916			6
2025.05.30	01:04:48.986	1.34914	1.34917			6
2025.05.30	01:04:57.821	1.34913	1.34916			6
2025.05.30	01:05:00.250	1.34914	1.34917			6
2025.05.30	01:05:00.555	1.34915	1.34918			6
2025.05.30	01:05:00.866	1.34917	1.34920			6
2025.05.30	01:05:03.315	1.34916	1.34919			6
2025.05.30	01:05:09.090	1.34915	1.34918			6
2025.05.30	01:05:15.516	1.34916	1.34919			6
2025.05.30	01:05:20.705	1.34917	1.34920			6
2025.05.30	01:05:24.083	1.34918	1.34921			6
2025.05.30	01:05:24.386	1.34917	1.34920			6
2025.05.30	01:05:29.591	1.34915	1.34918			6
2025.05.30	01:05:31.108	1.34917	1.34920			6
2025.05.30	01:05:31.415	1.34916	1.34919			6
2025.05.30	01:05:32.036	1.34917	1.34920			6
2025.05.30	01:05:33.574	1.34920	1.34923			6
2025.05.30	01:05:33.875	1.34922	1.34925			6
2025.05.30	01:05:35.091	1.34921	1.34924			6
2025.05.30	01:05:35.699	1.34922	1.34925			6
2025.05.30	01:05:36.919	1.34921	1.34924			6
2025.05.30	01:05:38.145	1.34922	1.34925			6
2025.05.30	01:05:39.980	1.34923	1.34926			6
2025.05.30	01:05:41.207	1.34922	1.34925			6
2025.05.30	01:05:48.231	1.34921	1.34924			6
2025.05.30	01:05:49.140	1.34922	1.34925			6
2025.05.30	01:05:55.253	1.34923	1.34926			6
2025.05.30	01:05:56.169	1.34922	1.34925			6
2025.05.30	01:05:56.471	1.34923	1.34926			6
2025.05.30	01:06:00.129	1.34923				2
2025.05.30	01:06:00.436	1.34922	1.34925			6
2025.05.30	01:06:02.573	1.34921	1.34924			6
2025.05.30	01:06:07.495	1.34922	1.34925			6
2025.05.30	01:06:10.264	1.34921	1.34924			6
2025.05.30	01:06:10.892	1.34922	1.34925			6
2025.05.30	01:06:11.198	1.34923	1.34926			6
2025.05.30	01:06:12.433	1.34921	1.34924			6
2025.05.30	01:06:13.055	1.34922	1.34925			6
2025.05.30	01:06:14.290	1.34921	1.34924			6
2025.05.30	01:06:18.598	1.34922	1.34925			6
2025.05.30	01:06:19.216	1.34921	1.34924			6
2025.05.30	01:06:19.832	1.34922	1.34925			6
2025.05.30	01:06:29.083	1.34923	1.34926			6
2025.05.30	01:06:30.009	1.34924	1.34927			6
2025.05.30	01:06:30.937	1.34923	1.34926			6
2025.05.30	01:06:31.244	1.34924	1.34927			6
2025.05.30	01:06:33.714	1.34923	1.34926			6
2025.05.30	01:06:41.724	1.34925	1.34928			6
2025.05.30	01:06:42.346	1.34919	1.34922			6
2025.05.30	01:06:42.654	1.34917	1.34920			6
2025.05.30	01:06:46.351	1.34918	1.34921			6
2025.05.30	01:06:48.199	1.34925	1.34928			6
2025.05.30	01:06:49.130	1.34924	1.34927			6
2025.05.30	01:06:50.361	1.34925	1.34928			6
2025.05.30	01:06:50.988	1.34923	1.34926			6
2025.05.30	01:06:51.296	1.34924	1.34927			6
2025.05.30	01:06:55.927	1.34923	1.34926			6
2025.05.30	01:06:56.849	1.34924	1.34927			6
2025.05.30	01:06:57.159	1.34923	1.34926			6
2025.05.30	01:06:58.392	1.34924	1.34927			6
2025.05.30	01:06:58.692	1.34925	1.34928			6
2025.05.30	01:06:59.009	1.34924	1.34927			6
2025.05.30	01:07:00.235	1.34924				2
2025.05.30	01:07:01.164	1.34923	1.34926			6
2025.05.30	01:07:01.781	1.34924	1.34927			6
2025.05.30	01:07:02.392	1.34923	1.34926			6
2025.05.30	01:07:07.954	1.34922	1.34925			6
2025.05.30	01:07:10.746	1.34921	1.34924			6
2025.05.30	01:07:11.356	1.34922	1.34925			6
2025.05.30	01:07:12.281	1.34923	1.34926			6
2025.05.30	01:07:14.745	1.34924	1.34927			6
2025.05.30	01:07:22.748	1.34923	1.34926			6
2025.05.30	01:07:23.365	1.34924	1.34927			6
2025.05.30	01:07:23.676	1.34923	1.34926			6
2025.05.30	01:07:25.212	1.34922	1.34925			6
2025.05.30	01:07:25.525	1.34923	1.34926			6
2025.05.30	01:07:26.754	1.34922	1.34925			6
2025.05.30	01:07:30.461	1.34923	1.34926			6
2025.05.30	01:07:30.763	1.34924	1.34927			6
2025.05.30	01:07:31.692	1.34923	1.34926			6
2025.05.30	01:07:32.619	1.34924	1.34927			6
2025.05.30	01:07:33.237	1.34923	1.34926			6
2025.05.30	01:07:33.542	1.34924	1.34927			6
2025.05.30	01:07:34.774	1.34923	1.34926			6
2025.05.30	01:07:35.086	1.34922	1.34925			6
2025.05.30	01:07:43.098	1.34923	1.34926			6
2025.05.30	01:07:44.327	1.34922	1.34925			6
2025.05.30	01:07:45.549	1.34923	1.34926			6
2025.05.30	01:07:46.170	1.34922	1.34925			6
2025.05.30	01:07:46.779	1.34921	1.34924			6
2025.05.30	01:07:47.703	1.34922	1.34925			6
2025.05.30	01:07:48.631	1.34923	1.34926			6
2025.05.30	01:07:49.552	1.34922	1.34925			6
2025.05.30	01:07:50.172	1.34923	1.34926			6
2025.05.30	01:07:50.780	1.34922	1.34925			6
2025.05.30	01:07:51.714	1.34923	1.34926			6
2025.05.30	01:07:52.329	1.34922	1.34925			6
2025.05.30	01:07:53.256	1.34923	1.34926			6
2025.05.30	01:07:57.570	1.34922	1.34925			6
2025.05.30	01:07:58.799	1.34923	1.34926			6
2025.05.30	01:07:59.732	1.34922	1.34925			6
2025.05.30	01:08:00.035	1.34922				2
2025.05.30	01:08:02.801	1.34923	1.34926			6
2025.05.30	01:08:04.641	1.34924	1.34927			6
2025.05.30	01:08:05.256	1.34923	1.34926			6
2025.05.30	01:08:07.398	1.34924	1.34927			6
2025.05.30	01:08:08.316	1.34923	1.34926			6
2025.05.30	01:08:09.844	1.34922	1.34925			6
2025.05.30	01:08:10.760	1.34923	1.34926			6
2025.05.30	01:08:11.064	1.34924	1.34927			6
2025.05.30	01:08:11.372	1.34923	1.34926			6
2025.05.30	01:08:12.294	1.34924	1.34927			6
2025.05.30	01:08:15.048	1.34923	1.34926			6
2025.05.30	01:08:15.356	1.34924	1.34927			6
2025.05.30	01:08:20.573	1.34923	1.34926			6
2025.05.30	01:08:20.880	1.34924	1.34927			6
2025.05.30	01:08:23.350	1.34923	1.34926			6
2025.05.30	01:08:23.972	1.34924	1.34927			6
2025.05.30	01:08:24.279	1.34923	1.34926			6
2025.05.30	01:08:24.891	1.34924	1.34927			6
2025.05.30	01:08:25.817	1.34923	1.34926			6
2025.05.30	01:08:27.356	1.34924	1.34927			6
2025.05.30	01:08:32.285	1.34923	1.34926			6
2025.05.30	01:08:35.680	1.34924	1.34927			6
2025.05.30	01:08:43.067	1.34923	1.34926			6
2025.05.30	01:08:45.209	1.34924	1.34927			6
2025.05.30	01:08:58.064	1.34923	1.34926			6
2025.05.30	01:08:59.287	1.34916	1.34919			6
2025.05.30	01:09:00.212	1.34916				2
2025.05.30	01:09:00.825	1.34915	1.34918			6
2025.05.30	01:09:03.881	1.34916	1.34919			6
2025.05.30	01:09:12.201	1.34915	1.34918			6
2025.05.30	01:09:12.513	1.34914	1.34917			6
2025.05.30	01:09:12.817	1.34916	1.34919			6
2025.05.30	01:09:18.060		1.34918			4
2025.05.30	01:09:18.368	1.34913	1.34916			6
2025.05.30	01:09:19.295	1.34912	1.34915			6
2025.05.30	01:09:23.601	1.34913	1.34916			6
2025.05.30	01:09:24.530	1.34912	1.34915			6
2025.05.30	01:09:24.835	1.34913	1.34916			6
2025.05.30	01:09:26.683	1.34911	1.34914			6
2025.05.30	01:09:27.609	1.34912	1.34915			6
2025.05.30	01:09:27.915	1.34911	1.34914			6
2025.05.30	01:09:28.227	1.34913	1.34916			6
2025.05.30	01:09:29.148	1.34912	1.34915			6
2025.05.30	01:09:30.381	1.34913	1.34916			6
2025.05.30	01:09:30.685	1.34914	1.34917			6
2025.05.30	01:09:38.096	1.34913	1.34916			6
2025.05.30	01:09:39.947	1.34914	1.34917			6
2025.05.30	01:09:41.187	1.34913	1.34916			6
2025.05.30	01:09:41.489	1.34915	1.34918			6
2025.05.30	01:09:44.257	1.34914	1.34917			6
2025.05.30	01:09:46.412	1.34915	1.34918			6
2025.05.30	01:09:47.953	1.34914	1.34917			6
2025.05.30	01:09:48.260	1.34913	1.34916			6
2025.05.30	01:09:51.038	1.34914	1.34917			6
2025.05.30	01:09:53.192	1.34913	1.34916			6
2025.05.30	01:09:53.503	1.34914	1.34917			6
2025.05.30	01:10:00.288	1.34914				2
2025.05.30	01:10:02.138	1.34913				2
2025.05.30	01:10:03.368	1.34914	1.34918			6
2025.05.30	01:10:06.759	1.34913	1.34917			6
2025.05.30	01:10:08.298	1.34914	1.34918			6
2025.05.30	01:10:14.477	1.34915				2
2025.05.30	01:10:14.786		1.34919			4
2025.05.30	01:10:16.335	1.34920	1.34921			6
2025.05.30	01:10:16.646	1.34917	1.34920			6
2025.05.30	01:10:16.961	1.34916	1.34919			6
2025.05.30	01:10:17.888	1.34915	1.34918			6
2025.05.30	01:10:21.584	1.34916	1.34919			6
2025.05.30	01:10:33.290	1.34925	1.34927			6
2025.05.30	01:10:33.599		1.34928			4
2025.05.30	01:10:33.904	1.34926				2
2025.05.30	01:10:34.520	1.34925				2
2025.05.30	01:10:35.132	1.34924				2
2025.05.30	01:10:36.677	1.34923	1.34927			6
2025.05.30	01:10:36.979		1.34929			4
2025.05.30	01:10:37.605	1.34924				2
2025.05.30	01:10:38.528	1.34923				2
2025.05.30	01:10:39.456	1.34924				2
2025.05.30	01:10:41.922	1.34925				2
2025.05.30	01:10:43.465	1.34926				2
2025.05.30	01:10:44.389	1.34925				2
2025.05.30	01:10:48.390	1.34929	1.34934			6
2025.05.30	01:10:52.067	1.34930	1.34935			6
2025.05.30	01:10:55.473	1.34931	1.34936			6
2025.05.30	01:10:56.400	1.34930	1.34935			6
2025.05.30	01:10:58.242	1.34931	1.34936			6
2025.05.30	01:11:00.091	1.34931				2
2025.05.30	01:11:01.946	1.34932	1.34937			6
2025.05.30	01:11:02.255	1.34931	1.34936			6
2025.05.30	01:11:03.487	1.34932	1.34937			6
2025.05.30	01:11:04.712	1.34937	1.34941			6
2025.05.30	01:11:05.015		1.34942			4
2025.05.30	01:11:07.485	1.34938				2
2025.05.30	01:11:09.645	1.34939				2
2025.05.30	01:11:10.265	1.34938				2
2025.05.30	01:11:20.414	1.34939				2
2025.05.30	01:11:21.329	1.34940				2
2025.05.30	01:11:25.011	1.34941				2
2025.05.30	01:11:25.316	1.34940				2
2025.05.30	01:11:25.622	1.34941				2
2025.05.30	01:11:31.472	1.34939	1.34940			6
2025.05.30	01:11:31.776	1.34940	1.34941			6
2025.05.30	01:11:39.126	1.34941	1.34942			6
2025.05.30	01:11:49.852		1.34943			4
2025.05.30	01:11:50.159		1.34942			4
2025.05.30	01:12:00.230	1.34941				2
2025.05.30	01:12:00.532	1.34942	1.34943			6
2025.05.30	01:12:00.837	1.34941	1.34942			6
2025.05.30	01:12:01.756	1.34940	1.34941			6
2025.05.30	01:12:02.063	1.34939	1.34940			6
2025.05.30	01:12:02.976	1.34937				2
2025.05.30	01:12:03.283	1.34944	1.34947			6
2025.05.30	01:12:04.207	1.34943				2
2025.05.30	01:12:07.601	1.34944	1.34948			6
2025.05.30	01:12:08.528	1.34943	1.34947			6
2025.05.30	01:12:12.223	1.34944				2
2025.05.30	01:12:19.530	1.34945	1.34948			6
2025.05.30	01:12:21.672	1.34944	1.34947			6
2025.05.30	01:12:22.289	1.34945	1.34948			6
2025.05.30	01:12:25.683	1.34943	1.34944			6
2025.05.30	01:12:25.988	1.34944	1.34947			6
2025.05.30	01:12:26.926	1.34943	1.34946			6
2025.05.30	01:12:36.172	1.34942	1.34945			6
2025.05.30	01:12:36.479	1.34943	1.34946			6
2025.05.30	01:12:45.116	1.34942	1.34945			6
2025.05.30	01:12:51.569	1.34943	1.34946			6
2025.05.30	01:12:55.269	1.34942	1.34945			6
2025.05.30	01:13:00.206	1.34942				2
2025.05.30	01:13:00.511	1.34943	1.34946			6
2025.05.30	01:13:01.128	1.34942	1.34945			6
2025.05.30	01:13:02.364	1.34943	1.34946			6
2025.05.30	01:13:11.979	1.34944	1.34947			6
2025.05.30	01:13:14.182	1.34943	1.34946			6
2025.05.30	01:13:17.878	1.34944	1.34947			6
2025.05.30	01:13:25.593	1.34943	1.34946			6
2025.05.30	01:13:27.136	1.34942	1.34945			6
2025.05.30	01:13:31.138	1.34943	1.34946			6
2025.05.30	01:14:00.027	1.34943				2
2025.05.30	01:14:03.729	1.34942	1.34945			6
2025.05.30	01:14:04.043	1.34943	1.34946			6
2025.05.30	01:14:10.809	1.34941	1.34943			6
2025.05.30	01:14:12.966	1.34940				2
2025.05.30	01:14:15.128	1.34942	1.34945			6
2025.05.30	01:14:15.738	1.34943	1.34946			6
2025.05.30	01:14:21.578	1.34942	1.34945			6
2025.05.30	01:14:21.893	1.34943	1.34946			6
2025.05.30	01:14:25.597	1.34942	1.34945			6
2025.05.30	01:14:25.904	1.34943	1.34946			6
2025.05.30	01:14:40.978	1.34942	1.34945			6
2025.05.30	01:14:41.283	1.34943	1.34946			6
2025.05.30	01:14:55.422	1.34942	1.34945			6
2025.05.30	01:15:00.043	1.34942				2
2025.05.30	01:15:00.348	1.34945	1.34948			6
2025.05.30	01:15:00.960	1.34946				2
2025.05.30	01:15:04.345	1.34945				2
2025.05.30	01:15:05.872	1.34946				2
2025.05.30	01:15:11.383	1.34945				2
2025.05.30	01:15:12.916	1.34946				2
2025.05.30	01:15:19.037	1.34945	1.34947			6
2025.05.30	01:15:19.341		1.34948			4
2025.05.30	01:15:21.485	1.34946	1.34949			6
2025.05.30	01:15:28.260	1.34947				2
2025.05.30	01:15:28.876	1.34946				2
2025.05.30	01:15:35.014	1.34947				2
2025.05.30	01:15:35.319	1.34946				2
2025.05.30	01:15:35.930	1.34947				2
2025.05.30	01:15:36.234	1.34946				2
2025.05.30	01:15:36.547	1.34947				2
2025.05.30	01:15:38.387	1.34946				2
2025.05.30	01:15:40.526	1.34947				2
2025.05.30	01:15:40.836	1.34946				2
2025.05.30	01:15:41.751	1.34947				2
2025.05.30	01:15:42.058	1.34946				2
2025.05.30	01:15:42.363	1.34947				2
2025.05.30	01:15:42.679	1.34946	1.34948			6
2025.05.30	01:15:45.169		1.34949			4
2025.05.30	01:15:47.014	1.34947				2
2025.05.30	01:15:52.534	1.34946				2
2025.05.30	01:15:55.023	1.34947				2
2025.05.30	01:15:56.585	1.34952	1.34955			6
2025.05.30	01:15:57.202	1.34950	1.34953			6
2025.05.30	01:15:57.510	1.34951	1.34954			6
2025.05.30	01:15:57.826	1.34950	1.34953			6
2025.05.30	01:15:58.435	1.34949	1.34952			6
2025.05.30	01:15:59.362	1.34950	1.34953			6
2025.05.30	01:16:00.286	1.34950				2
2025.05.30	01:16:01.225	1.34951	1.34954			6
2025.05.30	01:16:01.529	1.34950	1.34953			6
2025.05.30	01:16:02.463	1.34951	1.34954			6
2025.05.30	01:16:03.381	1.34953	1.34956			6
2025.05.30	01:16:05.227	1.34954	1.34957			6
2025.05.30	01:16:08.303		1.34956			4
2025.05.30	01:16:09.226		1.34957			4
2025.05.30	01:16:09.845	1.34955				2
2025.05.30	01:16:11.385	1.34954				2
2025.05.30	01:16:13.552		1.34956			4
2025.05.30	01:16:23.351	1.34955				2
2025.05.30	01:16:26.106	1.34954	1.34955			6
2025.05.30	01:16:26.412	1.34955	1.34956			6
2025.05.30	01:16:27.329	1.34952	1.34955			6
2025.05.30	01:16:27.935		1.34954			4
2025.05.30	01:16:28.241		1.34955			4
2025.05.30	01:16:32.528		1.34954			4
2025.05.30	01:16:35.311	1.34954	1.34955			6
2025.05.30	01:16:40.216	1.34955	1.34956			6
2025.05.30	01:16:43.271	1.34954	1.34955			6
2025.05.30	01:16:44.505		1.34957			4
2025.05.30	01:16:54.684	1.34955				2
2025.05.30	01:16:56.533		1.34956			4
2025.05.30	01:16:57.145		1.34957			4
2025.05.30	01:16:57.455		1.34956			4
2025.05.30	01:16:57.765		1.34957			4
2025.05.30	01:16:59.615		1.34956			4
2025.05.30	01:17:00.230	1.34955				2
2025.05.30	01:17:00.539	1.34954				2
2025.05.30	01:17:00.841		1.34955			4
2025.05.30	01:17:01.147		1.34956			4
2025.05.30	01:17:03.917	1.34955	1.34957			6
2025.05.30	01:17:05.147		1.34956			4
2025.05.30	01:17:06.069	1.34954				2
2025.05.30	01:17:07.907		1.34955			4
2025.05.30	01:17:09.142		1.34956			4
2025.05.30	01:17:09.445		1.34955			4
2025.05.30	01:17:16.821	1.34947	1.34948			6
2025.05.30	01:17:17.129	1.34946				2
2025.05.30	01:17:21.405	1.34947				2
2025.05.30	01:17:27.222	1.34946				2
2025.05.30	01:17:35.175	1.34947				2
2025.05.30	01:17:39.754	1.34946				2
2025.05.30	01:17:45.880	1.34947				2
2025.05.30	01:17:49.883	1.34946				2
2025.05.30	01:18:00.001	1.34946				2
2025.05.30	01:18:02.142	1.34947				2
2025.05.30	01:18:02.449	1.34946				2
2025.05.30	01:18:02.758	1.34947				2
2025.05.30	01:18:04.288		1.34949			4
2025.05.30	01:18:37.052	1.34948				2
2025.05.30	01:19:00.084	1.34948				2
2025.05.30	01:19:04.403		1.34949			4
2025.05.30	01:19:08.099	1.34954	1.34956			6
2025.05.30	01:19:08.711		1.34955			4
2025.05.30	01:19:09.635		1.34956			4
2025.05.30	01:19:09.941	1.34953				2
2025.05.30	01:19:10.248		1.34955			4
2025.05.30	01:19:14.557	1.34954				2
2025.05.30	01:19:15.177	1.34953				2
2025.05.30	01:19:15.485	1.34954				2
2025.05.30	01:19:16.109		1.34956			4
2025.05.30	01:19:21.662	1.34955				2
2025.05.30	01:19:25.668	1.34954				2
2025.05.30	01:19:25.975	1.34955				2
2025.05.30	01:19:27.827		1.34957			4
2025.05.30	01:19:28.132	1.34954	1.34955			6
2025.05.30	01:19:29.363		1.34956			4
2025.05.30	01:19:29.669	1.34955				2
2025.05.30	01:19:33.376	1.34954	1.34955			6
2025.05.30	01:19:33.683		1.34956			4
2025.05.30	01:19:33.995		1.34955			4
2025.05.30	01:19:46.320	1.34955	1.34956			6
2025.05.30	01:19:49.108	1.34954	1.34955			6
2025.05.30	01:20:00.168	1.34954				2
2025.05.30	01:20:02.006	1.34955	1.34956			6
2025.05.30	01:20:02.922	1.34956	1.34957			6
2025.05.30	01:20:05.694	1.34958	1.34961			6
2025.05.30	01:20:05.997		1.34959			4
2025.05.30	01:20:11.541	1.34957				2
2025.05.30	01:20:12.153	1.34958				2
2025.05.30	01:20:19.188	1.34957				2
2025.05.30	01:20:21.643	1.34959	1.34962			6
2025.05.30	01:20:21.947	1.34958	1.34959			6
2025.05.30	01:20:23.186	1.34957				2
2025.05.30	01:20:58.882		1.34958			4
2025.05.30	01:20:59.182	1.34954	1.34955			6
2025.05.30	01:20:59.484	1.34955	1.34956			6
2025.05.30	01:21:00.101	1.34954	1.34955			6
2025.05.30	01:21:01.961	1.34955	1.34956			6
2025.05.30	01:21:02.886		1.34957			4
2025.05.30	01:21:04.737	1.34956				2
2025.05.30	01:21:08.136	1.34955				2
2025.05.30	01:21:11.532	1.34956				2
2025.05.30	01:21:29.301	1.34955				2
2025.05.30	01:21:29.909	1.34956				2
2025.05.30	01:21:41.311	1.34955				2
2025.05.30	01:21:41.916	1.34956				2
2025.05.30	01:21:46.233	1.34955				2
2025.05.30	01:21:46.540	1.34956				2
2025.05.30	01:21:49.623	1.34955	1.34956			6
2025.05.30	01:21:50.544		1.34957			4
2025.05.30	01:21:55.180	1.34956				2
2025.05.30	01:22:00.129	1.34956				2
2025.05.30	01:22:01.359	1.34955				2
2025.05.30	01:22:09.383	1.34956				2
2025.05.30	01:22:18.348	1.34955				2
2025.05.30	01:22:23.903		1.34958			4
2025.05.30	01:22:24.206	1.34956	1.34957			6
2025.05.30	01:22:24.523	1.34957	1.34958			6
2025.05.30	01:22:25.448	1.34956	1.34957			6
2025.05.30	01:22:29.151		1.34958			4
2025.05.30	01:22:32.225	1.34955				2
2025.05.30	01:22:35.015	1.34957	1.34959			6
2025.05.30	01:22:42.743	1.34958				2
2025.05.30	01:22:43.051	1.34957	1.34958			6
2025.05.30	01:22:46.745	1.34956	1.34959			6
2025.05.30	01:22:48.601		1.34958			4
2025.05.30	01:22:56.006	1.34955				2
2025.05.30	01:22:56.927	1.34956				2
2025.05.30	01:22:59.087		1.34957			4
2025.05.30	01:22:59.394	1.34955				2
2025.05.30	01:22:59.700	1.34956	1.34958			6
2025.05.30	01:23:00.012	1.34956				2
2025.05.30	01:23:01.860		1.34959			4
2025.05.30	01:23:15.065		1.34958			4
2025.05.30	01:23:15.372		1.34959			4
2025.05.30	01:23:18.124	1.34966	1.34967			6
2025.05.30	01:23:18.437	1.34965				2
2025.05.30	01:23:20.596		1.34968			4
2025.05.30	01:23:20.908		1.34967			4
2025.05.30	01:23:21.517		1.34966			4
2025.05.30	01:23:29.214		1.34967			4
2025.05.30	01:23:30.762		1.34968			4
2025.05.30	01:23:31.071		1.34967			4
2025.05.30	01:23:35.708		1.34966			4
2025.05.30	01:23:41.233	1.34966	1.34967			6
2025.05.30	01:23:41.539	1.34965	1.34966			6
2025.05.30	01:23:45.233	1.34975	1.34977			6
2025.05.30	01:23:45.537	1.34974				2
2025.05.30	01:23:46.159	1.34973				2
2025.05.30	01:23:54.494	1.34975	1.34979			6
2025.05.30	01:23:54.802	1.34976	1.34980			6
2025.05.30	01:23:55.423	1.34978				2
2025.05.30	01:23:56.040	1.34977				2
2025.05.30	01:23:56.973	1.34976				2
2025.05.30	01:24:00.054	1.34982	1.34984			6
2025.05.30	01:24:00.361		1.34983			4
2025.05.30	01:24:01.284	1.34980				2
2025.05.30	01:24:01.597		1.34984			4
2025.05.30	01:24:07.128	1.34983	1.34986			6
2025.05.30	01:24:07.434		1.34987			4
2025.05.30	01:24:07.737		1.34986			4
2025.05.30	01:24:10.189	1.34985	1.34989			6
2025.05.30	01:24:18.153		1.34988			4
2025.05.30	01:24:18.461		1.34989			4
2025.05.30	01:24:39.656		1.34991			4
2025.05.30	01:24:40.582	1.34986				2
2025.05.30	01:24:41.200		1.34992			4
2025.05.30	01:24:41.508		1.34989			4
2025.05.30	01:24:41.819		1.34991			4
2025.05.30	01:24:43.351		1.34990			4
2025.05.30	01:24:44.582	1.34991	1.34996			6
2025.05.30	01:24:45.509		1.34994			4
2025.05.30	01:24:45.812	1.34987	1.34990			6
2025.05.30	01:24:46.116	1.34986				2
2025.05.30	01:24:47.966	1.34989	1.34995			6
2025.05.30	01:24:48.280	1.34991	1.34997			6
2025.05.30	01:24:49.213		1.34998			4
2025.05.30	01:24:50.135	1.34990	1.34997			6
2025.05.30	01:24:50.444		1.34994			4
2025.05.30	01:24:50.757	1.34988				2
2025.05.30	01:24:51.060	1.34987				2
2025.05.30	01:24:52.295	1.34988	1.34995			6
2025.05.30	01:24:52.600		1.34994			4
2025.05.30	01:24:53.214	1.34991	1.34998			6
2025.05.30	01:24:54.758		1.34996			4
2025.05.30	01:24:56.604		1.34995			4
2025.05.30	01:24:56.917		1.34996			4
2025.05.30	01:24:58.767	1.34990	1.34995			6
2025.05.30	01:25:00.003	1.34990				2
2025.05.30	01:25:01.548		1.34996			4
2025.05.30	01:25:01.851	1.34991	1.34998			6
2025.05.30	01:25:02.780		1.34997			4
2025.05.30	01:25:03.084	1.34990				2
2025.05.30	01:25:03.708		1.34996			4
2025.05.30	01:25:04.015	1.34991				2
2025.05.30	01:25:04.942		1.34995			4
2025.05.30	01:25:05.254		1.34996			4
2025.05.30	01:25:07.404	1.34992	1.34999			6
2025.05.30	01:25:07.710		1.34998			4
2025.05.30	01:25:08.335		1.34999			4
2025.05.30	01:25:08.956		1.34998			4
2025.05.30	01:25:09.259		1.34999			4
2025.05.30	01:25:09.876		1.34998			4
2025.05.30	01:25:10.806		1.34997			4
2025.05.30	01:25:11.118		1.34999			4
2025.05.30	01:25:11.419	1.34991	1.34997			6
2025.05.30	01:25:12.045		1.34998			4
2025.05.30	01:25:12.355	1.34992				2
2025.05.30	01:25:13.283		1.34997			4
2025.05.30	01:25:14.515	1.34991				2
2025.05.30	01:25:14.820		1.34996			4
2025.05.30	01:25:15.124	1.34992	1.34995			6
2025.05.30	01:25:15.444	1.34993				2
2025.05.30	01:25:17.303	1.34984	1.34985			6
2025.05.30	01:25:17.606	1.34982	1.34984			6
2025.05.30	01:25:18.231	1.34981				2
2025.05.30	01:25:19.463	1.34975	1.34982			6
2025.05.30	01:25:20.391	1.34974	1.34980			6
2025.05.30	01:25:20.698		1.34979			4
2025.05.30	01:25:21.624		1.34976			4
2025.05.30	01:25:21.928	1.34972	1.34978			6
2025.05.30	01:25:22.237		1.34977			4
2025.05.30	01:25:22.552	1.34971				2
2025.05.30	01:25:22.859	1.34972	1.34978			6
2025.05.30	01:25:23.161	1.34970	1.34975			6
2025.05.30	01:25:23.463	1.34971	1.34976			6
2025.05.30	01:25:23.765		1.34977			4
2025.05.30	01:25:24.381	1.34970	1.34976			6
2025.05.30	01:25:24.692	1.34971	1.34977			6
2025.05.30	01:25:27.156	1.34972				2
2025.05.30	01:25:28.086	1.34971				2
2025.05.30	01:25:30.239	1.34970	1.34972			6
2025.05.30	01:25:30.554		1.34977			4
2025.05.30	01:25:31.169		1.34975			4
2025.05.30	01:25:31.473	1.34971				2
2025.05.30	01:25:31.792	1.34970	1.34976			6
2025.05.30	01:25:32.096	1.34971				2
2025.05.30	01:25:32.400	1.34970				2
2025.05.30	01:25:33.327	1.34969				2
2025.05.30	01:25:35.179		1.34975			4
2025.05.30	01:25:35.489	1.34965	1.34971			6
2025.05.30	01:25:36.724	1.34968	1.34974			6
2025.05.30	01:25:41.949	1.34965	1.34970			6
2025.05.30	01:25:42.873	1.34964				2
2025.05.30	01:25:45.321	1.34963	1.34967			6
2025.05.30	01:25:46.239		1.34968			4
2025.05.30	01:25:47.475	1.34964	1.34970			6
2025.05.30	01:25:48.395		1.34968			4
2025.05.30	01:25:48.701		1.34969			4
2025.05.30	01:25:49.626		1.34970			4
2025.05.30	01:25:50.550		1.34969			4
2025.05.30	01:25:52.374		1.34970			4
2025.05.30	01:25:52.678		1.34969			4
2025.05.30	01:25:52.987		1.34970			4
2025.05.30	01:25:54.512	1.34965				2
2025.05.30	01:25:55.120	1.34964	1.34968			6
2025.05.30	01:25:55.426		1.34970			4
2025.05.30	01:25:55.731	1.34973	1.34978			6
2025.05.30	01:25:56.344	1.34972				2
2025.05.30	01:25:56.651	1.34973				2
2025.05.30	01:25:58.795	1.34974	1.34979			6
2025.05.30	01:25:59.399	1.34973	1.34977			6
2025.05.30	01:26:00.016	1.34973				2
2025.05.30	01:26:00.325	1.34972				2
2025.05.30	01:26:00.633		1.34978			4
2025.05.30	01:26:00.941		1.34977			4
2025.05.30	01:26:02.168	1.34973	1.34974			6
2025.05.30	01:26:02.470	1.34968	1.34970			6
2025.05.30	01:26:03.084	1.34966				2
2025.05.30	01:26:06.167		1.34969			4
2025.05.30	01:26:06.470	1.34964				2
2025.05.30	01:26:06.788		1.34968			4
2025.05.30	01:26:07.099		1.34969			4
2025.05.30	01:26:08.330	1.34965	1.34970			6
2025.05.30	01:26:10.798		1.34971			4
2025.05.30	01:26:13.264		1.34970			4
2025.05.30	01:26:20.323		1.34969			4
2025.05.30	01:26:20.933		1.34970			4
2025.05.30	01:26:28.298	1.34961	1.34962			6
2025.05.30	01:26:28.600	1.34962	1.34966			6
2025.05.30	01:26:28.911	1.34961	1.34965			6
2025.05.30	01:26:29.518	1.34962	1.34967			6
2025.05.30	01:26:31.975	1.34963	1.34968			6
2025.05.30	01:26:32.288	1.34964	1.34969			6
2025.05.30	01:26:32.590		1.34970			4
2025.05.30	01:26:33.205		1.34969			4
2025.05.30	01:26:36.289		1.34970			4
2025.05.30	01:26:39.045	1.34965				2
2025.05.30	01:26:43.026	1.34964	1.34969			6
2025.05.30	01:26:43.332		1.34970			4
2025.05.30	01:26:43.639	1.34965				2
2025.05.30	01:26:44.250		1.34971			4
2025.05.30	01:26:44.554		1.34970			4
2025.05.30	01:26:46.693	1.34964	1.34969			6
2025.05.30	01:26:48.227		1.34970			4
2025.05.30	01:26:50.692		1.34968			4
2025.05.30	01:26:51.307		1.34969			4
2025.05.30	01:27:00.229	1.34964				2
2025.05.30	01:27:01.157	1.34955	1.34961			6
2025.05.30	01:27:01.463	1.34954	1.34960			6
2025.05.30	01:27:01.775		1.34961			4
2025.05.30	01:27:04.869		1.34960			4
2025.05.30	01:27:05.487		1.34959			4
2025.05.30	01:27:06.108	1.34953				2
2025.05.30	01:27:07.029	1.34954				2
2025.05.30	01:27:08.260	1.34953				2
2025.05.30	01:27:08.875		1.34960			4
2025.05.30	01:27:10.730	1.34957	1.34963			6
2025.05.30	01:27:11.037	1.34955	1.34960			6
2025.05.30	01:27:12.267	1.34954				2
2025.05.30	01:27:12.885	1.34955				2
2025.05.30	01:27:13.196	1.34954				2
2025.05.30	01:27:15.054	1.34955				2
2025.05.30	01:27:16.897		1.34961			4
2025.05.30	01:27:19.366		1.34962			4
2025.05.30	01:27:19.677		1.34961			4
2025.05.30	01:27:21.221	1.34956				2
2025.05.30	01:27:22.453	1.34955				2
2025.05.30	01:27:22.761	1.34956				2
2025.05.30	01:27:24.310	1.34955				2
2025.05.30	01:27:24.920	1.34956				2
2025.05.30	01:27:25.242	1.34955				2
2025.05.30	01:27:26.468		1.34962			4
2025.05.30	01:27:26.776	1.34957	1.34963			6
2025.05.30	01:27:28.631	1.34956	1.34962			6
2025.05.30	01:27:29.559	1.34957				2
2025.05.30	01:27:38.817	1.34961	1.34967			6
2025.05.30	01:27:39.121	1.34962	1.34966			6
2025.05.30	01:27:41.292	1.34961	1.34965			6
2025.05.30	01:27:48.686	1.34962	1.34968			6
2025.05.30	01:27:48.987	1.34970	1.34975			6
2025.05.30	01:27:49.305	1.34971				2
2025.05.30	01:27:49.612		1.34976			4
2025.05.30	01:27:49.921	1.34972				2
2025.05.30	01:27:50.844		1.34979			4
2025.05.30	01:27:51.148	1.34974				2
2025.05.30	01:27:52.389		1.34980			4
2025.05.30	01:27:56.096	1.34973	1.34979			6
2025.05.30	01:27:56.408	1.34974	1.34980			6
2025.05.30	01:28:00.114	1.34974				2
2025.05.30	01:28:00.422	1.34977	1.34983			6
2025.05.30	01:28:00.723		1.34984			4
2025.05.30	01:28:01.348	1.34982	1.34987			6
2025.05.30	01:28:03.515	1.34980	1.34985			6
2025.05.30	01:28:03.825	1.34979	1.34986			6
2025.05.30	01:28:05.066	1.34977	1.34984			6
2025.05.30	01:28:06.290	1.34976	1.34983			6
2025.05.30	01:28:07.210	1.34975	1.34980			6
2025.05.30	01:28:07.523	1.34974				2
2025.05.30	01:28:07.826	1.34975				2
2025.05.30	01:28:22.559	1.34976	1.34981			6
2025.05.30	01:28:23.176	1.34975				2
2025.05.30	01:28:23.485		1.34980			4
2025.05.30	01:28:24.709		1.34979			4
2025.05.30	01:28:33.978		1.34980			4
2025.05.30	01:28:36.758		1.34979			4
2025.05.30	01:28:37.059		1.34980			4
2025.05.30	01:28:37.377		1.34979			4
2025.05.30	01:28:38.304		1.34980			4
2025.05.30	01:28:42.944	1.34978	1.34982			6
2025.05.30	01:28:43.566	1.34976				2
2025.05.30	01:28:43.875	1.34975	1.34980			6
2025.05.30	01:28:45.126	1.34982	1.34986			6
2025.05.30	01:28:45.431	1.34983				2
2025.05.30	01:28:46.354	1.34982	1.34987			6
2025.05.30	01:28:46.661		1.34986			4
2025.05.30	01:28:47.284	1.34981	1.34985			6
2025.05.30	01:28:47.591	1.34982	1.34986			6
2025.05.30	01:28:47.901		1.34985			4
2025.05.30	01:28:48.206	1.34981				2
2025.05.30	01:28:48.517	1.34982				2
2025.05.30	01:28:48.818	1.34983	1.34987			6
2025.05.30	01:28:49.124	1.34982	1.34985			6
2025.05.30	01:28:52.819	1.34980				2
2025.05.30	01:28:53.127	1.34982				2
2025.05.30	01:29:00.208	1.34982				2
2025.05.30	01:29:02.365	1.34983				2
2025.05.30	01:29:04.528	1.34981	1.34984			6
2025.05.30	01:29:04.835	1.34982	1.34986			6
2025.05.30	01:29:08.840	1.34981				2
2025.05.30	01:29:09.459	1.34984	1.34989			6
2025.05.30	01:29:10.691	1.34980	1.34984			6
2025.05.30	01:29:10.996	1.34979	1.34983			6
2025.05.30	01:29:11.923		1.34984			4
2025.05.30	01:29:17.769	1.34980	1.34985			6
2025.05.30	01:29:18.074		1.34984			4
2025.05.30	01:29:21.793	1.34981				2
2025.05.30	01:29:22.710	1.34980				2
2025.05.30	01:29:24.871		1.34985			4
2025.05.30	01:29:26.412		1.34984			4
2025.05.30	01:29:37.800		1.34983			4
2025.05.30	01:29:42.739		1.34984			4
2025.05.30	01:29:45.210	1.34979				2
2025.05.30	01:29:47.671	1.34980	1.34983			6
2025.05.30	01:29:47.980	1.34979				2
2025.05.30	01:29:50.144	1.34978				2
2025.05.30	01:29:50.453	1.34980	1.34985			6
2025.05.30	01:29:55.383	1.34979	1.34984			6
2025.05.30	01:29:55.694	1.34980				2
2025.05.30	01:29:59.399	1.34981				2
2025.05.30	01:30:00.018	1.34981				2
2025.05.30	01:30:00.319	1.34980	1.34985			6
2025.05.30	01:30:01.568	1.34979				2
2025.05.30	01:30:03.417	1.34980	1.34986			6
2025.05.30	01:30:04.345	1.34975	1.34981			6
2025.05.30	01:30:04.646		1.34978			4
2025.05.30	01:30:04.950	1.34974				2
2025.05.30	01:30:08.343	1.34971	1.34977			6
2025.05.30	01:30:10.502		1.34976			4
2025.05.30	01:30:12.355	1.34972				2
2025.05.30	01:30:13.277	1.34973	1.34977			6
2025.05.30	01:30:16.357	1.34972				2
2025.05.30	01:30:21.277	1.34973				2
2025.05.30	01:30:23.741	1.34972				2
2025.05.30	01:30:26.511	1.34967	1.34970			6
2025.05.30	01:30:27.131	1.34966				2
2025.05.30	01:30:31.445		1.34969			4
2025.05.30	01:30:38.801	1.34965				2
2025.05.30	01:30:45.576	1.34966	1.34970			6
2025.05.30	01:30:45.885		1.34971			4
2025.05.30	01:30:46.507		1.34970			4
2025.05.30	01:30:46.810		1.34971			4
2025.05.30	01:30:52.979	1.34967				2
2025.05.30	01:30:53.589		1.34970			4
2025.05.30	01:30:53.900	1.34965	1.34969			6
2025.05.30	01:30:54.206		1.34970			4
2025.05.30	01:30:54.510	1.34970	1.34974			6
2025.05.30	01:30:54.825	1.34969				2
2025.05.30	01:30:55.135	1.34970				2
2025.05.30	01:31:00.060	1.34970				2
2025.05.30	01:31:00.366		1.34975			4
2025.05.30	01:31:01.603		1.34974			4
2025.05.30	01:31:02.223		1.34975			4
2025.05.30	01:31:03.451	1.34971	1.34976			6
2025.05.30	01:31:04.678	1.34970	1.34974			6
2025.05.30	01:31:04.984	1.34975	1.34980			6
2025.05.30	01:31:13.144		1.34979			4
2025.05.30	01:31:19.926	1.34974	1.34978			6
2025.05.30	01:31:20.229	1.34971	1.34976			6
2025.05.30	01:31:22.086		1.34977			4
2025.05.30	01:31:26.070	1.34974	1.34979			6
2025.05.30	01:31:26.997		1.34978			4
2025.05.30	01:31:33.157	1.34975				2
2025.05.30	01:31:34.996	1.34974				2
2025.05.30	01:31:38.651	1.34973	1.34977			6
2025.05.30	01:31:42.632	1.34967	1.34970			6
2025.05.30	01:31:42.943	1.34969	1.34973			6
2025.05.30	01:31:48.175	1.34967	1.34971			6
2025.05.30	01:31:56.494	1.34966	1.34969			6
2025.05.30	01:31:57.110		1.34968			4
2025.05.30	01:31:57.424	1.34964	1.34966			6
2025.05.30	01:31:57.731	1.34963				2
2025.05.30	01:32:00.191	1.34963				2
2025.05.30	01:32:11.290	1.34964				2
2025.05.30	01:32:26.224	1.34966	1.34968			6
2025.05.30	01:32:26.531	1.34967				2
2025.05.30	01:32:26.836	1.34966				2
2025.05.30	01:32:30.811	1.34965	1.34967			6
2025.05.30	01:32:31.117	1.34963	1.34964			6
2025.05.30	01:32:31.423		1.34965			4
2025.05.30	01:32:31.731	1.34964				2
2025.05.30	01:32:32.039	1.34963				2
2025.05.30	01:32:33.257	1.34958	1.34961			6
2025.05.30	01:32:35.711	1.34957				2
2025.05.30	01:32:39.105	1.34958				2
2025.05.30	01:32:45.525	1.34960	1.34962			6
2025.05.30	01:32:52.880	1.34961				2
2025.05.30	01:32:59.615	1.34964	1.34965			6
2025.05.30	01:33:00.229	1.34965	1.34966			6
2025.05.30	01:33:01.155	1.34966	1.34967			6
2025.05.30	01:33:04.551	1.34965	1.34966			6
2025.05.30	01:33:21.799	1.34964	1.34965			6
2025.05.30	01:33:25.798	1.34965	1.34966			6
2025.05.30	01:33:26.105	1.34964	1.34965			6
2025.05.30	01:33:26.406	1.34965	1.34966			6
2025.05.30	01:33:27.010	1.34964	1.34965			6
2025.05.30	01:33:28.827	1.34965	1.34966			6
2025.05.30	01:33:32.487	1.34964	1.34965			6
2025.05.30	01:33:37.677	1.34966	1.34967			6
2025.05.30	01:33:53.600	1.34964	1.34965			6
2025.05.30	01:34:00.003	1.34964				2
2025.05.30	01:34:04.577	1.34958	1.34959			6
2025.05.30	01:34:06.109	1.34957				2
2025.05.30	01:34:13.821	1.34961	1.34962			6
2025.05.30	01:34:14.125	1.34962	1.34963			6
2025.05.30	01:34:16.902	1.34961	1.34962			6
2025.05.30	01:34:21.528	1.34962	1.34963			6
2025.05.30	01:34:22.151		1.34964			4
2025.05.30	01:34:25.856	1.34963				2
2025.05.30	01:34:26.159	1.34961	1.34963			6
2025.05.30	01:34:31.385	1.34962	1.34964			6
2025.05.30	01:34:32.918	1.34961				2
2025.05.30	01:34:33.219	1.34962				2
2025.05.30	01:34:38.135	1.34963				2
2025.05.30	01:34:39.051	1.34962				2
2025.05.30	01:34:39.971	1.34963				2
2025.05.30	01:34:44.574	1.34962				2
2025.05.30	01:34:46.122	1.34963				2
2025.05.30	01:34:59.594	1.34964	1.34965			6
2025.05.30	01:35:00.211	1.34964				2
2025.05.30	01:35:01.752	1.34963	1.34964			6
2025.05.30	01:35:02.987	1.34958	1.34959			6
2025.05.30	01:35:03.920	1.34962	1.34963			6
2025.05.30	01:35:04.231	1.34961	1.34962			6
2025.05.30	01:35:06.396	1.34958	1.34960			6
2025.05.30	01:35:06.699		1.34959			4
2025.05.30	01:35:11.949	1.34957				2
2025.05.30	01:35:14.427	1.34958				2
2025.05.30	01:35:15.347	1.34957				2
2025.05.30	01:35:17.509	1.34958				2
2025.05.30	01:35:18.117	1.34957				2
2025.05.30	01:35:21.205	1.34960	1.34962			6
2025.05.30	01:35:23.361	1.34958	1.34959			6
2025.05.30	01:35:25.219	1.34957	1.34958			6
2025.05.30	01:35:28.607		1.34959			4
2025.05.30	01:35:41.228	1.34958				2
2025.05.30	01:35:42.753	1.34959	1.34960			6
2025.05.30	01:35:46.104	1.34958	1.34959			6
2025.05.30	01:35:48.558	1.34959	1.34960			6
2025.05.30	01:35:57.171	1.34958	1.34959			6
2025.05.30	01:35:57.481	1.34961	1.34962			6
2025.05.30	01:35:59.643	1.34960				2
2025.05.30	01:36:00.262	1.34960				2
2025.05.30	01:36:02.109	1.34958	1.34959			6
2025.05.30	01:36:03.026	1.34960	1.34961			6
2025.05.30	01:36:07.648	1.34961	1.34962			6
2025.05.30	01:36:07.956	1.34960	1.34961			6
2025.05.30	01:36:08.263	1.34961	1.34962			6
2025.05.30	01:36:14.118	1.34960	1.34961			6
2025.05.30	01:36:20.891	1.34961	1.34962			6
2025.05.30	01:36:21.193	1.34960	1.34961			6
2025.05.30	01:36:25.816	1.34961	1.34962			6
2025.05.30	01:36:26.127	1.34960	1.34961			6
2025.05.30	01:36:26.744	1.34959	1.34960			6
2025.05.30	01:36:27.045	1.34960	1.34962			6
2025.05.30	01:36:31.978	1.34961				2
2025.05.30	01:36:35.057	1.34966	1.34968			6
2025.05.30	01:36:50.755	1.34967				2
2025.05.30	01:36:54.762	1.34964	1.34965			6
2025.05.30	01:36:55.072	1.34963	1.34964			6
2025.05.30	01:36:55.692	1.34962				2
2025.05.30	01:36:59.696		1.34963			4
2025.05.30	01:36:59.999	1.34959	1.34962			6
2025.05.30	01:37:00.316	1.34959				2
2025.05.30	01:37:00.625	1.34964	1.34965			6
2025.05.30	01:37:15.088	1.34958	1.34960			6
2025.05.30	01:37:18.475	1.34957				2
2025.05.30	01:37:19.408	1.34958				2
2025.05.30	01:37:20.021	1.34957				2
2025.05.30	01:37:21.254	1.34958				2
2025.05.30	01:37:22.168	1.34957	1.34958			6
2025.05.30	01:37:24.016	1.34958	1.34959			6
2025.05.30	01:37:25.869	1.34957	1.34958			6
2025.05.30	01:37:43.441	1.34958	1.34959			6
2025.05.30	01:37:44.677	1.34966	1.34967			6
2025.05.30	01:37:44.979	1.34967	1.34968			6
2025.05.30	01:37:45.292	1.34965				2
2025.05.30	01:37:47.144	1.34963	1.34964			6
2025.05.30	01:37:47.449	1.34961	1.34963			6
2025.05.30	01:37:47.762	1.34960				2
2025.05.30	01:37:48.384	1.34959				2
2025.05.30	01:37:54.527	1.34956	1.34959			6
2025.05.30	01:38:00.068	1.34956				2
2025.05.30	01:38:15.140	1.34957				2
2025.05.30	01:38:17.281	1.34956				2
2025.05.30	01:38:32.983	1.34957				2
2025.05.30	01:38:53.657	1.34956				2
2025.05.30	01:38:54.580		1.34959			4
2025.05.30	01:39:00.140	1.34956				2
2025.05.30	01:39:02.294	1.34957	1.34958			6
2025.05.30	01:39:02.604	1.34954	1.34957			6
2025.05.30	01:39:03.842	1.34953				2
2025.05.30	01:39:04.148	1.34954				2
2025.05.30	01:39:07.839	1.34953				2
2025.05.30	01:39:08.140	1.34954				2
2025.05.30	01:39:13.939	1.34958	1.34960			6
2025.05.30	01:39:42.149	1.34959				2
2025.05.30	01:39:50.707	1.34957	1.34959			6
2025.05.30	01:40:00.220	1.34957				2
2025.05.30	01:40:01.145	1.34955	1.34957			6
2025.05.30	01:40:02.387	1.34954				2
2025.05.30	01:40:03.621	1.34955	1.34958			6
2025.05.30	01:40:03.930	1.34954	1.34957			6
2025.05.30	01:40:07.328	1.34955	1.34958			6
2025.05.30	01:40:09.790	1.34954	1.34957			6
2025.05.30	01:40:10.710	1.34953	1.34956			6
2025.05.30	01:40:17.170	1.34954	1.34957			6
2025.05.30	01:40:17.474	1.34955	1.34958			6
2025.05.30	01:40:18.402	1.34956	1.34959			6
2025.05.30	01:40:20.251	1.34955	1.34958			6
2025.05.30	01:40:23.633	1.34959	1.34962			6
2025.05.30	01:40:25.176	1.34960	1.34963			6
2025.05.30	01:40:33.807	1.34961	1.34964			6
2025.05.30	01:40:53.829	1.34964	1.34967			6
2025.05.30	01:40:54.756	1.34965	1.34968			6
2025.05.30	01:40:55.376	1.34964	1.34967			6
2025.05.30	01:40:59.067	1.34965	1.34968			6
2025.05.30	01:41:00.305	1.34965				2
2025.05.30	01:41:06.489	1.34968	1.34971			6
2025.05.30	01:41:07.407	1.34967	1.34970			6
2025.05.30	01:41:07.714	1.34966	1.34969			6
2025.05.30	01:41:08.643	1.34965	1.34968			6
2025.05.30	01:41:11.108	1.34963	1.34964			6
2025.05.30	01:41:11.421	1.34957	1.34960			6
2025.05.30	01:41:11.731	1.34956	1.34959			6
2025.05.30	01:41:12.036	1.34957	1.34960			6
2025.05.30	01:41:12.345	1.34956				2
2025.05.30	01:41:13.273	1.34957	1.34961			6
2025.05.30	01:41:24.076	1.34955	1.34959			6
2025.05.30	01:41:24.384	1.34961	1.34964			6
2025.05.30	01:41:25.000		1.34965			4
2025.05.30	01:41:25.313		1.34964			4
2025.05.30	01:41:28.996	1.34958	1.34962			6
2025.05.30	01:41:31.448	1.34959	1.34963			6
2025.05.30	01:41:32.985	1.34958	1.34962			6
2025.05.30	01:41:34.207	1.34959	1.34963			6
2025.05.30	01:41:36.051	1.34958	1.34962			6
2025.05.30	01:41:37.899	1.34959	1.34963			6
2025.05.30	01:41:38.513	1.34958	1.34962			6
2025.05.30	01:41:41.595	1.34955	1.34959			6
2025.05.30	01:41:42.208	1.34956	1.34960			6
2025.05.30	01:41:43.740	1.34955	1.34959			6
2025.05.30	01:41:47.754	1.34956	1.34960			6
2025.05.30	01:41:48.066	1.34955	1.34959			6
2025.05.30	01:41:49.292	1.34956				2
2025.05.30	01:41:51.133	1.34960	1.34963			6
2025.05.30	01:41:52.363	1.34959				2
2025.05.30	01:42:00.073	1.34959				2
2025.05.30	01:42:02.236	1.34958	1.34962			6
2025.05.30	01:42:03.471	1.34959	1.34963			6
2025.05.30	01:42:05.023	1.34958	1.34962			6
2025.05.30	01:42:09.334	1.34959				2
2025.05.30	01:42:19.748	1.34960	1.34963			6
2025.05.30	01:42:20.668	1.34961	1.34964			6
2025.05.30	01:42:21.897	1.34960	1.34963			6
2025.05.30	01:42:22.813	1.34961	1.34964			6
2025.05.30	01:42:25.570	1.34960	1.34963			6
2025.05.30	01:42:25.872	1.34962	1.34965			6
2025.05.30	01:42:31.400	1.34969	1.34972			6
2025.05.30	01:42:32.315	1.34968				2
2025.05.30	01:42:32.928	1.34965	1.34969			6
2025.05.30	01:42:33.859	1.34967	1.34971			6
2025.05.30	01:42:34.169		1.34972			4
2025.05.30	01:42:36.025	1.34966	1.34971			6
2025.05.30	01:42:37.566	1.34965	1.34970			6
2025.05.30	01:42:44.337	1.34966				2
2025.05.30	01:42:48.960	1.34967	1.34971			6
2025.05.30	01:42:50.202	1.34966	1.34970			6
2025.05.30	01:42:52.047	1.34967	1.34971			6
2025.05.30	01:42:54.810	1.34968	1.34972			6
2025.05.30	01:42:56.350	1.34969	1.34973			6
2025.05.30	01:43:00.030	1.34969				2
2025.05.30	01:43:00.947	1.34968	1.34972			6
2025.05.30	01:43:01.870	1.34967	1.34971			6
2025.05.30	01:43:06.468	1.34968	1.34972			6
2025.05.30	01:43:07.997	1.34967	1.34971			6
2025.05.30	01:43:08.303	1.34969	1.34973			6
2025.05.30	01:43:08.604	1.34968	1.34972			6
2025.05.30	01:43:09.220	1.34969	1.34973			6
2025.05.30	01:43:09.528	1.34968	1.34972			6
2025.05.30	01:43:09.837	1.34969	1.34973			6
2025.05.30	01:43:11.053	1.34971	1.34975			6
2025.05.30	01:43:24.275		1.34974			4
2025.05.30	01:43:28.830	1.34969	1.34972			6
2025.05.30	01:43:30.669	1.34968	1.34971			6
2025.05.30	01:43:31.900	1.34966	1.34969			6
2025.05.30	01:43:34.985	1.34970	1.34973			6
2025.05.30	01:43:36.213		1.34974			4
2025.05.30	01:43:36.519	1.34971	1.34975			6
2025.05.30	01:43:36.823	1.34970	1.34974			6
2025.05.30	01:43:40.849	1.34969	1.34973			6
2025.05.30	01:43:41.154	1.34970	1.34974			6
2025.05.30	01:43:42.692	1.34972	1.34976			6
2025.05.30	01:43:42.999	1.34973	1.34977			6
2025.05.30	01:43:43.925	1.34970	1.34974			6
2025.05.30	01:43:54.706	1.34971	1.34975			6
2025.05.30	01:43:56.248	1.34970	1.34974			6
2025.05.30	01:43:57.161	1.34971	1.34975			6
2025.05.30	01:43:57.467	1.34970	1.34974			6
2025.05.30	01:43:57.777	1.34971	1.34975			6
2025.05.30	01:43:58.085	1.34970	1.34974			6
2025.05.30	01:43:59.612	1.34971	1.34975			6
2025.05.30	01:44:00.224	1.34971				2
2025.05.30	01:44:02.987	1.34970	1.34974			6
2025.05.30	01:44:03.293	1.34971	1.34975			6
2025.05.30	01:44:04.225	1.34969	1.34973			6
2025.05.30	01:44:10.384		1.34972			4
2025.05.30	01:44:16.201	1.34968	1.34971			6
2025.05.30	01:44:19.290	1.34967	1.34970			6
2025.05.30	01:44:19.604	1.34968	1.34971			6
2025.05.30	01:44:36.557	1.34969	1.34972			6
2025.05.30	01:44:40.564	1.34970	1.34973			6
2025.05.30	01:44:44.887	1.34973	1.34976			6
2025.05.30	01:44:45.825	1.34974	1.34977			6
2025.05.30	01:45:00.013	1.34974				2
2025.05.30	01:45:01.246	1.34975	1.34978			6
2025.05.30	01:45:01.870	1.34974	1.34977			6
2025.05.30	01:45:08.646	1.34979	1.34982			6
2025.05.30	01:45:15.129	1.34978	1.34981			6
2025.05.30	01:45:18.211	1.34979	1.34982			6
2025.05.30	01:45:18.519	1.34978	1.34981			6
2025.05.30	01:45:19.755	1.34979	1.34982			6
2025.05.30	01:45:20.371	1.34976	1.34979			6
2025.05.30	01:45:22.845	1.34975	1.34978			6
2025.05.30	01:45:28.402	1.34978	1.34981			6
2025.05.30	01:45:28.708	1.34975	1.34978			6
2025.05.30	01:45:30.859	1.34974	1.34977			6
2025.05.30	01:45:31.170	1.34975	1.34978			6
2025.05.30	01:45:34.243	1.34974	1.34977			6
2025.05.30	01:45:35.165	1.34975	1.34978			6
2025.05.30	01:45:36.089	1.34974	1.34977			6
2025.05.30	01:45:36.409	1.34975	1.34978			6
2025.05.30	01:45:38.859	1.34974	1.34977			6
2025.05.30	01:46:00.030	1.34974				2
2025.05.30	01:46:14.807	1.34975	1.34978			6
2025.05.30	01:46:20.949	1.34974	1.34977			6
2025.05.30	01:46:52.049	1.34973	1.34976			6
2025.05.30	01:46:52.357	1.34974	1.34977			6
2025.05.30	01:47:00.007	1.34974				2
2025.05.30	01:47:03.059	1.34973	1.34976			6
2025.05.30	01:47:03.367	1.34974	1.34977			6
2025.05.30	01:47:05.515	1.34973	1.34976			6
2025.05.30	01:47:05.821	1.34974	1.34977			6
2025.05.30	01:47:08.268	1.34973	1.34976			6
2025.05.30	01:47:09.190	1.34970	1.34973			6
2025.05.30	01:47:10.723	1.34969	1.34972			6
2025.05.30	01:47:14.733	1.34970	1.34973			6
2025.05.30	01:47:19.461	1.34971	1.34974			6
2025.05.30	01:47:20.683	1.34970	1.34973			6
2025.05.30	01:47:30.852	1.34969	1.34972			6
2025.05.30	01:47:37.011	1.34970	1.34973			6
2025.05.30	01:47:37.938	1.34967	1.34970			6
2025.05.30	01:47:38.241	1.34970	1.34973			6
2025.05.30	01:47:39.177	1.34968	1.34971			6
2025.05.30	01:47:41.336	1.34967	1.34970			6
2025.05.30	01:47:42.259	1.34968	1.34971			6
2025.05.30	01:47:42.876	1.34966	1.34969			6
2025.05.30	01:47:43.492	1.34967	1.34970			6
2025.05.30	01:47:48.434	1.34968	1.34971			6
2025.05.30	01:47:49.351	1.34969	1.34972			6
2025.05.30	01:47:54.609	1.34970	1.34973			6
2025.05.30	01:48:00.163	1.34969	1.34972			6
2025.05.30	01:48:00.475	1.34970	1.34973			6
2025.05.30	01:48:05.422	1.34969	1.34972			6
2025.05.30	01:48:06.029	1.34970	1.34973			6
2025.05.30	01:48:13.140	1.34974	1.34977			6
2025.05.30	01:48:13.447	1.34975	1.34978			6
2025.05.30	01:48:14.374	1.34974	1.34977			6
2025.05.30	01:48:14.687	1.34975	1.34978			6
2025.05.30	01:48:15.917	1.34974	1.34977			6
2025.05.30	01:48:16.220	1.34975	1.34978			6
2025.05.30	01:48:16.836	1.34974	1.34977			6
2025.05.30	01:48:17.449	1.34975	1.34978			6
2025.05.30	01:48:24.517	1.34974	1.34977			6
2025.05.30	01:48:58.298	1.34971	1.34974			6
2025.05.30	01:48:58.604	1.34970	1.34973			6
2025.05.30	01:49:00.153	1.34970				2
2025.05.30	01:49:00.459	1.34971	1.34974			6
2025.05.30	01:49:28.785	1.34968	1.34971			6
2025.05.30	01:49:29.408	1.34969	1.34972			6
2025.05.30	01:49:32.493	1.34970	1.34973			6
2025.05.30	01:49:33.421	1.34969	1.34972			6
2025.05.30	01:49:34.033	1.34973	1.34976			6
2025.05.30	01:49:38.347	1.34977	1.34980			6
2025.05.30	01:49:38.658	1.34976	1.34979			6
2025.05.30	01:49:39.587	1.34974	1.34977			6
2025.05.30	01:50:00.286	1.34974				2
2025.05.30	01:50:34.772	1.34971	1.34974			6
2025.05.30	01:50:35.997	1.34972	1.34975			6
2025.05.30	01:50:38.448	1.34971	1.34974			6
2025.05.30	01:50:41.516	1.34972	1.34975			6
2025.05.30	01:51:00.193	1.34972				2
2025.05.30	01:51:01.411	1.34971	1.34974			6
2025.05.30	01:51:02.332	1.34970	1.34973			6
2025.05.30	01:51:05.094	1.34971	1.34974			6
2025.05.30	01:51:05.401	1.34970	1.34973			6
2025.05.30	01:51:13.995	1.34971	1.34974			6
2025.05.30	01:51:14.912	1.34970	1.34973			6
2025.05.30	01:51:27.837	1.34966	1.34969			6
2025.05.30	01:51:40.181	1.34963	1.34966			6
2025.05.30	01:51:42.350	1.34964	1.34967			6
2025.05.30	01:51:42.663	1.34963	1.34966			6
2025.05.30	01:51:42.969	1.34964	1.34967			6
2025.05.30	01:51:43.896	1.34963	1.34966			6
2025.05.30	01:51:44.822	1.34964	1.34967			6
2025.05.30	01:51:49.768	1.34963	1.34966			6
2025.05.30	01:52:00.230	1.34963				2
2025.05.30	01:52:04.821	1.34962	1.34965			6
2025.05.30	01:52:05.744	1.34961	1.34964			6
2025.05.30	01:52:06.052	1.34962	1.34965			6
2025.05.30	01:52:06.972	1.34961	1.34964			6
2025.05.30	01:52:15.882	1.34962	1.34965			6
2025.05.30	01:52:16.191	1.34961	1.34964			6
2025.05.30	01:52:26.678	1.34962	1.34965			6
2025.05.30	01:52:31.316	1.34961	1.34964			6
2025.05.30	01:52:49.220	1.34962	1.34965			6
2025.05.30	01:52:49.844	1.34961	1.34964			6
2025.05.30	01:52:56.632	1.34960	1.34963			6
2025.05.30	01:53:00.029	1.34960				2
2025.05.30	01:53:01.579	1.34959	1.34962			6
2025.05.30	01:53:04.972	1.34960	1.34963			6
2025.05.30	01:53:05.279	1.34962	1.34965			6
2025.05.30	01:53:05.902	1.34961	1.34964			6
2025.05.30	01:53:06.209	1.34960	1.34963			6
2025.05.30	01:53:15.165	1.34959	1.34962			6
2025.05.30	01:53:15.477	1.34960	1.34963			6
2025.05.30	01:53:16.721	1.34959	1.34962			6
2025.05.30	01:53:18.877	1.34960	1.34963			6
2025.05.30	01:53:19.182	1.34959	1.34962			6
2025.05.30	01:53:19.487	1.34960	1.34963			6
2025.05.30	01:53:19.795	1.34959	1.34962			6
2025.05.30	01:53:24.717	1.34960	1.34963			6
2025.05.30	01:53:26.573	1.34959	1.34962			6
2025.05.30	01:53:27.198	1.34960	1.34963			6
2025.05.30	01:53:28.116	1.34961	1.34964			6
2025.05.30	01:53:29.044	1.34960	1.34963			6
2025.05.30	01:53:29.351	1.34961	1.34964			6
2025.05.30	01:53:30.280	1.34960	1.34963			6
2025.05.30	01:53:32.149	1.34961	1.34964			6
2025.05.30	01:53:32.456	1.34960	1.34963			6
2025.05.30	01:53:32.763	1.34962	1.34965			6
2025.05.30	01:53:33.072	1.34964	1.34967			6
2025.05.30	01:53:33.997	1.34962	1.34965			6
2025.05.30	01:53:34.305	1.34961	1.34964			6
2025.05.30	01:53:37.393	1.34962	1.34965			6
2025.05.30	01:53:42.974	1.34961	1.34964			6
2025.05.30	01:53:45.151	1.34962	1.34965			6
2025.05.30	01:53:50.713	1.34961	1.34964			6
2025.05.30	01:53:55.013	1.34962	1.34965			6
2025.05.30	01:54:00.229	1.34962				2
2025.05.30	01:54:00.535	1.34961	1.34964			6
2025.05.30	01:54:01.452	1.34964	1.34967			6
2025.05.30	01:54:52.348	1.34963	1.34966			6
2025.05.30	01:54:53.265	1.34964	1.34967			6
2025.05.30	01:54:53.571	1.34963	1.34966			6
2025.05.30	01:54:59.098	1.34968	1.34971			6
2025.05.30	01:54:59.416	1.34967	1.34970			6
2025.05.30	01:55:00.040	1.34967				2
2025.05.30	01:55:16.364	1.34965	1.34968			6
2025.05.30	01:56:00.304	1.34965				2
2025.05.30	01:56:16.628		1.34968			4
2025.05.30	01:56:52.104	1.34960	1.34963			6
2025.05.30	01:56:52.412	1.34961	1.34964			6
2025.05.30	01:56:58.572	1.34960	1.34963			6
2025.05.30	01:57:00.112	1.34960				2
2025.05.30	01:57:00.425	1.34959	1.34962			6
2025.05.30	01:57:07.815	1.34960	1.34963			6
2025.05.30	01:57:08.121	1.34959	1.34962			6
2025.05.30	01:57:39.141	1.34958	1.34961			6
2025.05.30	01:57:46.844	1.34959	1.34962			6
2025.05.30	01:57:48.077	1.34957	1.34960			6
2025.05.30	01:57:51.780	1.34955	1.34958			6
2025.05.30	01:58:00.110	1.34955				2
2025.05.30	01:58:00.414	1.34954	1.34957			6
2025.05.30	01:58:01.964	1.34953	1.34956			6
2025.05.30	01:58:12.149	1.34954	1.34957			6
2025.05.30	01:58:15.230	1.34953	1.34956			6
2025.05.30	01:58:15.540	1.34954	1.34957			6
2025.05.30	01:58:43.566	1.34953	1.34956			6
2025.05.30	01:58:54.677	1.34954	1.34957			6
2025.05.30	01:58:56.530	1.34953	1.34956			6
2025.05.30	01:59:00.221	1.34953				2
2025.05.30	01:59:00.847	1.34954	1.34957			6
2025.05.30	01:59:06.702	1.34943	1.34945			6
2025.05.30	01:59:07.012	1.34942				2
2025.05.30	01:59:07.317	1.34940				2
2025.05.30	01:59:09.776	1.34938	1.34943			6
2025.05.30	01:59:11.317	1.34937				2
2025.05.30	01:59:11.627	1.34935	1.34942			6
2025.05.30	01:59:14.712	1.34936	1.34943			6
2025.05.30	01:59:15.322	1.34931	1.34936			6
2025.05.30	01:59:15.625	1.34932	1.34938			6
2025.05.30	01:59:15.943	1.34931				2
2025.05.30	01:59:16.249	1.34928	1.34934			6
2025.05.30	01:59:17.172	1.34925	1.34929			6
2025.05.30	01:59:18.415	1.34926	1.34933			6
2025.05.30	01:59:18.720	1.34927				2
2025.05.30	01:59:20.860	1.34928				2
2025.05.30	01:59:21.172	1.34927				2
2025.05.30	01:59:21.785	1.34928				2
2025.05.30	01:59:22.095	1.34927				2
2025.05.30	01:59:25.494	1.34928				2
2025.05.30	01:59:28.885	1.34930	1.34936			6
2025.05.30	01:59:29.186	1.34931				2
2025.05.30	01:59:29.794	1.34938	1.34943			6
2025.05.30	01:59:30.414	1.34937				2
2025.05.30	01:59:30.728	1.34938				2
2025.05.30	01:59:40.577	1.34937				2
2025.05.30	01:59:40.882	1.34942	1.34948			6
2025.05.30	01:59:41.193	1.34943				2
2025.05.30	01:59:49.510	1.34942				2
2025.05.30	01:59:51.041	1.34941	1.34947			6
2025.05.30	01:59:51.348	1.34939	1.34944			6
2025.05.30	01:59:51.657	1.34938				2
2025.05.30	01:59:52.886	1.34937				2
2025.05.30	01:59:58.415	1.34938				2
2025.05.30	01:59:58.727	1.34941	1.34947			6
2025.05.30	02:00:00.259	1.34947	1.34954			6
2025.05.30	02:00:00.567	1.34948	1.34953			6
2025.05.30	02:00:01.177	1.34947				2
2025.05.30	02:00:01.789	1.34946				2
2025.05.30	02:00:03.336	1.34947				2
2025.05.30	02:00:06.110	1.34946	1.34951			6
2025.05.30	02:00:06.415	1.34945	1.34952			6
2025.05.30	02:00:06.728	1.34947	1.34953			6
2025.05.30	02:00:07.038	1.34946				2
2025.05.30	02:00:09.507	1.34947				2
2025.05.30	02:00:09.810		1.34951			4
2025.05.30	02:00:10.117		1.34953			4
2025.05.30	02:00:11.356		1.34952			4
2025.05.30	02:00:12.587		1.34951			4
2025.05.30	02:00:12.899		1.34953			4
2025.05.30	02:00:15.049	1.34948				2
2025.05.30	02:00:15.662	1.34947				2
2025.05.30	02:00:16.903		1.34952			4
2025.05.30	02:00:17.515	1.34945	1.34951			6
2025.05.30	02:00:19.052		1.34950			4
2025.05.30	02:00:19.360		1.34951			4
2025.05.30	02:00:27.325	1.34946				2
2025.05.30	02:00:27.630		1.34952			4
2025.05.30	02:00:29.166	1.34947				2
2025.05.30	02:00:30.391	1.34948				2
2025.05.30	02:00:31.615	1.34947				2
2025.05.30	02:00:37.752		1.34953			4
2025.05.30	02:00:50.061	1.34948				2
2025.05.30	02:00:50.370	1.34947				2
2025.05.30	02:00:52.527	1.34948				2
2025.05.30	02:00:54.071	1.34947				2
2025.05.30	02:00:54.689	1.34948				2
2025.05.30	02:00:55.613	1.34947				2
2025.05.30	02:00:59.017	1.34948				2
2025.05.30	02:01:00.253	1.34948				2
2025.05.30	02:01:00.559	1.34949	1.34955			6
2025.05.30	02:01:04.579		1.34954			4
2025.05.30	02:01:04.886	1.34947	1.34953			6
2025.05.30	02:01:16.318	1.34948				2
2025.05.30	02:01:28.337	1.34949	1.34954			6
2025.05.30	02:01:30.486	1.34948				2
2025.05.30	02:01:51.187	1.34949				2
2025.05.30	02:01:52.435	1.34948				2
2025.05.30	02:01:54.297	1.34949				2
2025.05.30	02:01:54.599	1.34948				2
2025.05.30	02:01:54.909	1.34949				2
2025.05.30	02:01:56.758	1.34948				2
2025.05.30	02:01:57.680	1.34949				2
2025.05.30	02:02:00.162	1.34949				2
2025.05.30	02:02:01.396	1.34948				2
2025.05.30	02:02:02.323	1.34949				2
2025.05.30	02:02:02.938	1.34948				2
2025.05.30	02:02:03.242	1.34956	1.34961			6
2025.05.30	02:02:03.865	1.34955	1.34960			6
2025.05.30	02:02:04.172	1.34953	1.34959			6
2025.05.30	02:02:04.480	1.34951	1.34956			6
2025.05.30	02:02:04.791	1.34952				2
2025.05.30	02:02:07.253		1.34957			4
2025.05.30	02:02:13.119	1.34950	1.34956			6
2025.05.30	02:02:13.734		1.34954			4
2025.05.30	02:02:14.043		1.34956			4
2025.05.30	02:02:19.923		1.34955			4
2025.05.30	02:02:20.235		1.34956			4
2025.05.30	02:02:20.539		1.34955			4
2025.05.30	02:02:21.157		1.34956			4
2025.05.30	02:02:21.772	1.34952	1.34957			6
2025.05.30	02:02:25.474	1.34953	1.34959			6
2025.05.30	02:02:27.013	1.34952	1.34957			6
2025.05.30	02:02:29.485		1.34959			4
2025.05.30	02:02:31.958		1.34957			4
2025.05.30	02:02:56.064	1.34950	1.34956			6
2025.05.30	02:02:58.528		1.34954			4
2025.05.30	02:03:00.076	1.34950				2
2025.05.30	02:03:00.390	1.34948	1.34953			6
2025.05.30	02:03:01.626	1.34947				2
2025.05.30	02:03:01.929		1.34952			4
2025.05.30	02:03:05.943	1.34945	1.34951			6
2025.05.30	02:03:06.251		1.34950			4
2025.05.30	02:03:07.810		1.34951			4
2025.05.30	02:03:12.137		1.34950			4
2025.05.30	02:03:12.446		1.34951			4
2025.05.30	02:03:13.366		1.34950			4
2025.05.30	02:03:14.291	1.34946	1.34951			6
2025.05.30	02:03:20.780		1.34952			4
2025.05.30	02:03:21.093		1.34951			4
2025.05.30	02:03:24.185		1.34952			4
2025.05.30	02:03:27.883	1.34947				2
2025.05.30	02:03:38.402		1.34953			4
2025.05.30	02:03:38.706		1.34952			4
2025.05.30	02:03:39.630		1.34953			4
2025.05.30	02:03:39.931		1.34952			4
2025.05.30	02:03:40.250		1.34953			4
2025.05.30	02:03:41.483		1.34952			4
2025.05.30	02:03:46.118		1.34951			4
2025.05.30	02:03:46.742		1.34952			4
2025.05.30	02:03:47.360		1.34951			4
2025.05.30	02:03:55.378		1.34950			4
2025.05.30	02:03:55.682		1.34951			4
2025.05.30	02:03:55.988		1.34950			4
2025.05.30	02:03:59.033		1.34951			4
2025.05.30	02:04:00.255	1.34947				2
2025.05.30	02:04:00.559		1.34950			4
2025.05.30	02:04:06.090		1.34951			4
2025.05.30	02:04:10.417	1.34945	1.34949			6
2025.05.30	02:04:10.732	1.34946	1.34951			6
2025.05.30	02:04:11.041	1.34947	1.34952			6
2025.05.30	02:04:12.283		1.34953			4
2025.05.30	02:04:12.915		1.34952			4
2025.05.30	02:04:15.397		1.34951			4
2025.05.30	02:04:16.316		1.34952			4
2025.05.30	02:04:17.242	1.34951	1.34956			6
2025.05.30	02:04:23.723	1.34952	1.34957			6
2025.05.30	02:04:24.030	1.34951	1.34956			6
2025.05.30	02:04:24.965	1.34950	1.34955			6
2025.05.30	02:04:25.580	1.34951				2
2025.05.30	02:04:26.820	1.34949				2
2025.05.30	02:04:29.601	1.34950				2
2025.05.30	02:04:30.216		1.34954			4
2025.05.30	02:04:30.844	1.34948				2
2025.05.30	02:04:32.394	1.34951	1.34956			6
2025.05.30	02:04:33.318	1.34952				2
2025.05.30	02:05:00.045	1.34952	1.34957			6
2025.05.30	02:05:04.958	1.34951	1.34955			6
2025.05.30	02:05:06.192	1.34950				2
2025.05.30	02:05:07.119		1.34954			4
2025.05.30	02:05:07.432	1.34949				2
2025.05.30	02:05:16.071	1.34950				2
2025.05.30	02:05:16.381		1.34955			4
2025.05.30	02:05:17.614	1.34949	1.34954			6
2025.05.30	02:05:20.694	1.34950				2
2025.05.30	02:05:21.003		1.34955			4
2025.05.30	02:05:23.167		1.34954			4
2025.05.30	02:05:28.388	1.34951	1.34955			6
2025.05.30	02:05:31.743	1.34950	1.34954			6
2025.05.30	02:05:40.917	1.34949	1.34953			6
2025.05.30	02:05:41.224	1.34950	1.34954			6
2025.05.30	02:05:42.132	1.34951	1.34955			6
2025.05.30	02:05:42.439	1.34950	1.34954			6
2025.05.30	02:06:00.223	1.34950				2
2025.05.30	02:06:05.183	1.34953	1.34956			6
2025.05.30	02:06:10.425	1.34952				2
2025.05.30	02:06:11.343		1.34955			4
2025.05.30	02:06:12.560	1.34951				2
2025.05.30	02:06:16.242	1.34952				2
2025.05.30	02:06:16.555	1.34951				2
2025.05.30	02:06:16.863	1.34953	1.34956			6
2025.05.30	02:06:17.475	1.34954	1.34958			6
2025.05.30	02:06:20.869	1.34959	1.34963			6
2025.05.30	02:06:22.421		1.34964			4
2025.05.30	02:06:26.108		1.34963			4
2025.05.30	02:06:27.946	1.34960	1.34964			6
2025.05.30	02:06:30.096	1.34959	1.34963			6
2025.05.30	02:06:31.321	1.34958	1.34962			6
2025.05.30	02:06:35.914	1.34959	1.34963			6
2025.05.30	02:06:38.676	1.34960	1.34964			6
2025.05.30	02:06:39.898	1.34959	1.34963			6
2025.05.30	02:06:40.200	1.34960	1.34964			6
2025.05.30	02:06:40.515	1.34959	1.34963			6
2025.05.30	02:06:41.743	1.34956	1.34960			6
2025.05.30	02:06:43.902	1.34955				2
2025.05.30	02:06:44.208		1.34959			4
2025.05.30	02:06:49.140	1.34958	1.34963			6
2025.05.30	02:06:58.681	1.34959	1.34964			6
2025.05.30	02:07:00.217	1.34955	1.34960			6
2025.05.30	02:07:00.828	1.34959	1.34964			6
2025.05.30	02:07:02.367	1.34958				2
2025.05.30	02:07:07.920	1.34960	1.34966			6
2025.05.30	02:07:08.222	1.34967	1.34971			6
2025.05.30	02:07:08.527	1.34968	1.34973			6
2025.05.30	02:07:08.831		1.34974			4
2025.05.30	02:07:12.521	1.34963	1.34968			6
2025.05.30	02:07:13.446	1.34967	1.34972			6
2025.05.30	02:07:14.066	1.34968	1.34974			6
2025.05.30	02:07:16.848	1.34967	1.34973			6
2025.05.30	02:07:20.545	1.34968				2
2025.05.30	02:07:21.162	1.34967				2
2025.05.30	02:07:27.033	1.34963	1.34969			6
2025.05.30	02:07:28.881	1.34964	1.34970			6
2025.05.30	02:07:36.576		1.34969			4
2025.05.30	02:07:36.885		1.34970			4
2025.05.30	02:07:40.249		1.34969			4
2025.05.30	02:07:40.558		1.34970			4
2025.05.30	02:07:41.173		1.34969			4
2025.05.30	02:07:41.479		1.34970			4
2025.05.30	02:07:42.395		1.34969			4
2025.05.30	02:07:42.705		1.34970			4
2025.05.30	02:07:52.502		1.34969			4
2025.05.30	02:07:54.345		1.34970			4
2025.05.30	02:08:00.180	1.34964				2
2025.05.30	02:08:02.327		1.34969			4
2025.05.30	02:08:05.394	1.34961	1.34967			6
2025.05.30	02:08:24.749		1.34966			4
2025.05.30	02:08:26.286	1.34960				2
2025.05.30	02:08:27.514	1.34963	1.34968			6
2025.05.30	02:08:27.824	1.34967	1.34971			6
2025.05.30	02:08:28.127	1.34963	1.34969			6
2025.05.30	02:08:40.130	1.34964				2
2025.05.30	02:08:40.445		1.34970			4
2025.05.30	02:08:46.304		1.34969			4
2025.05.30	02:08:50.906	1.34966	1.34972			6
2025.05.30	02:08:54.269	1.34967				2
2025.05.30	02:08:54.576	1.34966				2
2025.05.30	02:09:00.092	1.34966				2
2025.05.30	02:09:00.396	1.34967				2
2025.05.30	02:09:01.317	1.34968	1.34973			6
2025.05.30	02:09:04.721		1.34974			4
2025.05.30	02:09:07.805		1.34973			4
2025.05.30	02:09:08.421		1.34974			4
2025.05.30	02:09:09.342	1.34964	1.34969			6
2025.05.30	02:09:30.616		1.34970			4
2025.05.30	02:09:47.279		1.34969			4
2025.05.30	02:10:00.247	1.34964				2
2025.05.30	02:10:13.201	1.34965				2
2025.05.30	02:10:15.942	1.34964	1.34967			6
2025.05.30	02:10:16.248	1.34963	1.34966			6
2025.05.30	02:10:17.783	1.34964				2
2025.05.30	02:10:18.996	1.34963				2
2025.05.30	02:10:19.301	1.34964				2
2025.05.30	02:10:19.615	1.34962				2
2025.05.30	02:10:21.457	1.34961	1.34965			6
2025.05.30	02:10:25.405	1.34962	1.34966			6
2025.05.30	02:10:26.620	1.34957	1.34961			6
2025.05.30	02:10:27.840	1.34956				2
2025.05.30	02:10:29.375		1.34960			4
2025.05.30	02:10:30.303	1.34964	1.34967			6
2025.05.30	02:10:30.613		1.34968			4
2025.05.30	02:10:34.619		1.34967			4
2025.05.30	02:10:41.091	1.34962	1.34966			6
2025.05.30	02:10:50.673	1.34961	1.34965			6
2025.05.30	02:10:56.246	1.34962				2
2025.05.30	02:10:56.551		1.34966			4
2025.05.30	02:10:56.859	1.34963				2
2025.05.30	02:10:57.485	1.34962				2
2025.05.30	02:10:58.724		1.34968			4
2025.05.30	02:10:59.344		1.34967			4
2025.05.30	02:10:59.651		1.34968			4
2025.05.30	02:11:00.262	1.34962				2
2025.05.30	02:11:00.572		1.34967			4
2025.05.30	02:11:00.881		1.34968			4
2025.05.30	02:11:02.730	1.34961	1.34967			6
2025.05.30	02:11:05.204	1.34962	1.34968			6
2025.05.30	02:11:06.438	1.34961	1.34967			6
2025.05.30	02:11:11.364	1.34962				2
2025.05.30	02:11:18.430	1.34961	1.34966			6
2025.05.30	02:11:18.747	1.34960	1.34965			6
2025.05.30	02:11:20.273	1.34957	1.34961			6
2025.05.30	02:11:20.578	1.34956				2
2025.05.30	02:11:21.810	1.34955				2
2025.05.30	02:11:24.591		1.34960			4
2025.05.30	02:11:34.133	1.34948	1.34949			6
2025.05.30	02:11:34.439	1.34940	1.34944			6
2025.05.30	02:11:35.360	1.34938				2
2025.05.30	02:11:35.981	1.34935	1.34940			6
2025.05.30	02:11:37.215	1.34934				2
2025.05.30	02:11:39.372	1.34943	1.34948			6
2025.05.30	02:11:39.674	1.34940	1.34946			6
2025.05.30	02:11:41.845	1.34939	1.34945			6
2025.05.30	02:11:42.158		1.34946			4
2025.05.30	02:11:42.785		1.34945			4
2025.05.30	02:11:43.409		1.34946			4
2025.05.30	02:11:43.714		1.34945			4
2025.05.30	02:11:44.336		1.34946			4
2025.05.30	02:11:48.944		1.34945			4
2025.05.30	02:11:49.567		1.34946			4
2025.05.30	02:11:51.100		1.34945			4
2025.05.30	02:11:52.963	1.34941	1.34946			6
2025.05.30	02:12:00.055	1.34941				2
2025.05.30	02:12:08.338	1.34940				2
2025.05.30	02:12:14.475	1.34942	1.34948			6
2025.05.30	02:12:28.320	1.34941	1.34946			6
2025.05.30	02:12:30.785	1.34942	1.34948			6
2025.05.30	02:12:35.115	1.34940	1.34947			6
2025.05.30	02:12:36.655		1.34945			4
2025.05.30	02:12:38.817	1.34937	1.34943			6
2025.05.30	02:12:39.135		1.34942			4
2025.05.30	02:12:39.445	1.34934	1.34939			6
2025.05.30	02:12:40.372	1.34933				2
2025.05.30	02:12:51.479		1.34938			4
2025.05.30	02:12:52.407	1.34930	1.34935			6
2025.05.30	02:12:57.341	1.34929				2
2025.05.30	02:12:59.497		1.34936			4
2025.05.30	02:13:00.112	1.34929	1.34935			6
2025.05.30	02:13:05.045	1.34933	1.34938			6
2025.05.30	02:13:32.443		1.34939			4
2025.05.30	02:13:36.122	1.34934				2
2025.05.30	02:13:36.430	1.34933				2
2025.05.30	02:13:36.737	1.34934				2
2025.05.30	02:13:44.730	1.34939	1.34945			6
2025.05.30	02:13:45.035	1.34942	1.34947			6
2025.05.30	02:13:50.286	1.34943				2
2025.05.30	02:13:54.598	1.34945	1.34951			6
2025.05.30	02:13:54.899	1.34947	1.34952			6
2025.05.30	02:13:59.827		1.34954			4
2025.05.30	02:14:00.134	1.34947				2
2025.05.30	02:14:01.064		1.34953			4
