<DATE>	<TIME>	<BID>	<ASK>	<LAST>	<VOLUME>	<FLAGS>
2025.08.20	00:03:30.566	1.34843	1.34933			6
2025.08.20	00:04:00.218	1.34843				2
2025.08.20	00:04:30.812		1.34933			4
2025.08.20	00:05:00.152	1.34843				2
2025.08.20	00:05:30.864		1.34933			4
2025.08.20	00:06:00.194	1.34843				2
2025.08.20	00:06:31.047		1.34933			4
2025.08.20	00:07:00.259	1.34843				2
2025.08.20	00:07:31.229		1.34933			4
2025.08.20	00:08:00.255	1.34843				2
2025.08.20	00:08:31.470		1.34933			4
2025.08.20	00:08:33.631	1.34860	1.34943			6
2025.08.20	00:08:44.151	1.34877	1.34955			6
2025.08.20	00:08:56.829		1.34942			4
2025.08.20	00:08:57.182	1.34887	1.34953			6
2025.08.20	00:08:58.222	1.34888				2
2025.08.20	00:09:00.398	1.34888				2
2025.08.20	00:09:11.701	1.34887				2
2025.08.20	00:09:12.525	1.34895	1.34955			6
2025.08.20	00:09:13.573	1.34896				2
2025.08.20	00:09:24.912	1.34895				2
2025.08.20	00:09:25.779	1.34902	1.34957			6
2025.08.20	00:09:30.269		1.34962			4
2025.08.20	00:09:31.199		1.34965			4
2025.08.20	00:09:31.818		1.34964			4
2025.08.20	00:09:32.129		1.34965			4
2025.08.20	00:09:36.448		1.34966			4
2025.08.20	00:09:37.383		1.34964			4
2025.08.20	00:09:40.167		1.34965			4
2025.08.20	00:09:42.027	1.34895	1.34964			6
2025.08.20	00:09:44.795	1.34862	1.34952			6
2025.08.20	00:09:45.100	1.34869				2
2025.08.20	00:09:46.033		1.34956			4
2025.08.20	00:09:52.147	1.34861	1.34951			6
2025.08.20	00:10:00.185	1.34861				2
2025.08.20	00:10:28.359	1.34860	1.34950			6
2025.08.20	00:11:00.203	1.34860				2
2025.08.20	00:11:28.639		1.34950			4
2025.08.20	00:12:00.134	1.34860				2
2025.08.20	00:12:28.841		1.34950			4
2025.08.20	00:13:00.030	1.34860				2
2025.08.20	00:13:29.049		1.34950			4
2025.08.20	00:14:00.250	1.34860				2
2025.08.20	00:14:29.329		1.34950			4
2025.08.20	00:14:30.866	1.34859	1.34949			6
2025.08.20	00:15:00.236	1.34859				2
2025.08.20	00:15:31.124		1.34949			4
2025.08.20	00:16:00.196	1.34859				2
2025.08.20	00:16:24.260		1.34948			4
2025.08.20	00:16:29.194		1.34949			4
2025.08.20	00:16:47.414	1.34844	1.34940			6
2025.08.20	00:16:56.981	1.34853	1.34943			6
2025.08.20	00:16:57.289	1.34844	1.34940			6
2025.08.20	00:17:00.070	1.34844				2
2025.08.20	00:17:10.229	1.34849				2
2025.08.20	00:17:10.845	1.34848				2
2025.08.20	00:17:12.699	1.34849				2
2025.08.20	00:17:14.239	1.34844				2
2025.08.20	00:17:57.557		1.34940			4
2025.08.20	00:18:00.021	1.34844				2
2025.08.20	00:18:57.824		1.34940			4
2025.08.20	00:19:00.295	1.34844				2
2025.08.20	00:19:58.058		1.34940			4
2025.08.20	00:19:59.291		1.34939			4
2025.08.20	00:20:00.215	1.34844				2
2025.08.20	00:20:00.525	1.34831	1.34950			6
2025.08.20	00:21:00.130	1.34831				2
2025.08.20	00:21:00.556		1.34950			4
2025.08.20	00:21:39.383		1.34965			4
2025.08.20	00:21:41.735		1.34962			4
2025.08.20	00:21:42.766		1.34960			4
2025.08.20	00:22:02.005	1.34831				2
2025.08.20	00:22:10.316	1.34840	1.34958			6
2025.08.20	00:22:14.127		1.34961			4
2025.08.20	00:22:15.368		1.34960			4
2025.08.20	00:22:21.587		1.34952			4
2025.08.20	00:22:42.281	1.34862				2
2025.08.20	00:22:47.160	1.34840				2
2025.08.20	00:22:50.451		1.34945			4
2025.08.20	00:22:50.905	1.34861				2
2025.08.20	00:22:52.739	1.34840				2
2025.08.20	00:23:00.862	1.34840				2
2025.08.20	00:23:36.951	1.34846				2
2025.08.20	00:23:41.279	1.34851				2
2025.08.20	00:23:41.586	1.34840				2
2025.08.20	00:23:43.449	1.34857				2
2025.08.20	00:23:48.038	1.34840				2
2025.08.20	00:23:50.654		1.34945			4
2025.08.20	00:23:53.379		1.34949			4
2025.08.20	00:24:00.632	1.34840				2
2025.08.20	00:24:02.797	1.34862				2
2025.08.20	00:24:03.709	1.34855				2
2025.08.20	00:24:08.356	1.34840				2
2025.08.20	00:24:14.554		1.34945			4
2025.08.20	00:24:22.889	1.34859				2
2025.08.20	00:24:24.401	1.34840				2
2025.08.20	00:24:29.379		1.34965			4
2025.08.20	00:24:29.737	1.34860				2
2025.08.20	00:24:30.648	1.34840				2
2025.08.20	00:24:33.326		1.34952			4
2025.08.20	00:24:34.332		1.34954			4
2025.08.20	00:24:44.561		1.34953			4
2025.08.20	00:24:44.868		1.34946			4
2025.08.20	00:25:02.454	1.34840				2
2025.08.20	00:25:05.215	1.34858				2
2025.08.20	00:25:11.339	1.34840				2
2025.08.20	00:25:15.512	1.34857				2
2025.08.20	00:25:18.249	1.34854				2
2025.08.20	00:25:25.653	1.34840				2
2025.08.20	00:25:53.379	1.34832	1.34953			6
2025.08.20	00:26:00.528	1.34832				2
2025.08.20	00:26:24.255		1.34965			4
2025.08.20	00:26:31.951		1.34966			4
2025.08.20	00:26:35.058	1.34840	1.34956			6
2025.08.20	00:26:37.457	1.34832	1.34957			6
2025.08.20	00:27:00.516	1.34832				2
2025.08.20	00:27:05.624	1.34840	1.34948			6
2025.08.20	00:27:18.300	1.34865				2
2025.08.20	00:27:18.906	1.34840				2
2025.08.20	00:27:53.382	1.34832	1.34955			6
2025.08.20	00:28:01.158	1.34832				2
2025.08.20	00:28:44.391	1.34838	1.34959			6
2025.08.20	00:28:44.961	1.34840				2
2025.08.20	00:28:57.188	1.34832	1.34966			6
2025.08.20	00:29:00.172	1.34832				2
2025.08.20	00:29:05.222		1.34965			4
2025.08.20	00:29:19.568		1.34966			4
2025.08.20	00:29:20.028		1.34954			4
2025.08.20	00:29:21.240		1.34965			4
2025.08.20	00:29:32.020		1.34964			4
2025.08.20	00:29:32.580	1.34838	1.34957			6
2025.08.20	00:29:46.033	1.34832				2
2025.08.20	00:29:59.744	1.34838				2
2025.08.20	00:30:00.161	1.34838				2
2025.08.20	00:30:12.858	1.34846				2
2025.08.20	00:30:17.740	1.34864				2
2025.08.20	00:30:24.137	1.34846				2
2025.08.20	00:30:27.866	1.34843	1.34950			6
2025.08.20	00:30:40.485	1.34840				2
2025.08.20	00:30:52.897		1.34952			4
2025.08.20	00:31:00.666	1.34840				2
2025.08.20	00:31:04.745	1.34868				2
2025.08.20	00:31:06.283	1.34840				2
2025.08.20	00:31:07.522	1.34868				2
2025.08.20	00:31:07.825	1.34840				2
2025.08.20	00:31:11.144		1.34954			4
2025.08.20	00:31:25.326	1.34874	1.34955			6
2025.08.20	00:31:27.761	1.34840	1.34959			6
2025.08.20	00:31:42.861		1.34961			4
2025.08.20	00:31:43.259		1.34957			4
2025.08.20	00:31:54.459	1.34863				2
2025.08.20	00:31:55.980	1.34870	1.34955			6
2025.08.20	00:31:56.888	1.34840				2
2025.08.20	00:31:57.871		1.34954			4
2025.08.20	00:32:00.571	1.34840				2
2025.08.20	00:32:10.567	1.34875				2
2025.08.20	00:32:12.695	1.34866				2
2025.08.20	00:32:18.520	1.34847				2
2025.08.20	00:32:18.821	1.34850				2
2025.08.20	00:32:27.132	1.34840	1.34951			6
2025.08.20	00:32:27.758	1.34836	1.34955			6
2025.08.20	00:32:28.677	1.34840				2
2025.08.20	00:32:28.981		1.34954			4
2025.08.20	00:32:36.628		1.34953			4
2025.08.20	00:32:38.797		1.34951			4
2025.08.20	00:32:40.346		1.34949			4
2025.08.20	00:32:40.648		1.34954			4
2025.08.20	00:32:42.953		1.34941			4
2025.08.20	00:32:44.201		1.34948			4
2025.08.20	00:32:46.364		1.34954			4
2025.08.20	00:32:51.825		1.34953			4
2025.08.20	00:32:52.758		1.34931			4
2025.08.20	00:32:53.063		1.34932			4
2025.08.20	00:32:53.367		1.34947			4
2025.08.20	00:32:53.682		1.34948			4
2025.08.20	00:32:53.990		1.34953			4
2025.08.20	00:32:55.218		1.34943			4
2025.08.20	00:32:55.527		1.34944			4
2025.08.20	00:32:55.836		1.34946			4
2025.08.20	00:32:56.763		1.34949			4
2025.08.20	00:33:00.149	1.34840	1.34951			6
2025.08.20	00:33:06.626		1.34950			4
2025.08.20	00:33:06.936		1.34951			4
2025.08.20	00:33:08.624		1.34943			4
2025.08.20	00:33:08.934		1.34946			4
2025.08.20	00:33:11.713		1.34943			4
2025.08.20	00:33:12.329		1.34944			4
2025.08.20	00:33:12.636		1.34946			4
2025.08.20	00:33:15.978		1.34945			4
2025.08.20	00:33:21.119		1.34944			4
2025.08.20	00:33:22.652		1.34943			4
2025.08.20	00:33:23.433		1.34942			4
2025.08.20	00:33:25.463		1.34940			4
2025.08.20	00:33:28.697		1.34936			4
2025.08.20	00:33:30.429		1.34934			4
2025.08.20	00:33:32.881		1.34935			4
2025.08.20	00:33:33.188		1.34938			4
2025.08.20	00:33:35.483		1.34939			4
2025.08.20	00:33:35.797		1.34938			4
2025.08.20	00:33:38.438		1.34941			4
2025.08.20	00:33:39.954		1.34939			4
2025.08.20	00:33:41.054		1.34938			4
2025.08.20	00:33:43.160		1.34940			4
2025.08.20	00:33:44.769		1.34941			4
2025.08.20	00:33:47.155	1.34836	1.34936			6
2025.08.20	00:33:47.981	1.34840				2
2025.08.20	00:33:54.685		1.34935			4
2025.08.20	00:33:56.884		1.34934			4
2025.08.20	00:33:58.233		1.34937			4
2025.08.20	00:33:59.554		1.34934			4
2025.08.20	00:34:00.051	1.34840	1.34933			6
2025.08.20	00:34:00.922		1.34934			4
2025.08.20	00:34:02.978		1.34933			4
2025.08.20	00:34:05.117		1.34930			4
2025.08.20	00:34:18.887		1.34929			4
2025.08.20	00:34:27.858		1.34928			4
2025.08.20	00:34:30.699		1.34930			4
2025.08.20	00:34:32.731		1.34929			4
2025.08.20	00:34:45.111		1.34930			4
2025.08.20	00:34:50.034		1.34929			4
2025.08.20	00:34:50.611		1.34930			4
2025.08.20	00:35:00.379	1.34844				2
2025.08.20	00:35:02.223	1.34843				2
2025.08.20	00:35:03.442	1.34846	1.34931			6
2025.08.20	00:35:06.184		1.34930			4
2025.08.20	00:35:07.104	1.34848				2
2025.08.20	00:35:10.751	1.34847				2
2025.08.20	00:35:11.355	1.34846				2
2025.08.20	00:35:11.657	1.34847				2
2025.08.20	00:35:11.964	1.34840				2
2025.08.20	00:35:30.993	1.34842				2
2025.08.20	00:35:32.230		1.34929			4
2025.08.20	00:35:32.542	1.34843				2
2025.08.20	00:35:36.859	1.34849				2
2025.08.20	00:35:37.164	1.34845	1.34933			6
2025.08.20	00:35:37.478	1.34861				2
2025.08.20	00:35:37.789	1.34860	1.34929			6
2025.08.20	00:35:38.102	1.34858				2
2025.08.20	00:35:38.404	1.34861				2
2025.08.20	00:35:41.155	1.34860				2
2025.08.20	00:35:41.467	1.34859				2
2025.08.20	00:35:42.992	1.34858				2
2025.08.20	00:35:44.820	1.34846				2
2025.08.20	00:35:45.129		1.34927			4
2025.08.20	00:35:45.744	1.34842				2
2025.08.20	00:35:46.045	1.34843	1.34939			6
2025.08.20	00:35:46.357	1.34845	1.34938			6
2025.08.20	00:35:46.963	1.34846				2
2025.08.20	00:35:47.579	1.34844				2
2025.08.20	00:35:47.882	1.34845	1.34939			6
2025.08.20	00:35:49.112		1.34936			4
2025.08.20	00:35:49.413	1.34840	1.34939			6
2025.08.20	00:35:49.812	1.34848	1.34938			6
2025.08.20	00:35:51.639	1.34846	1.34936			6
2025.08.20	00:35:52.251	1.34843	1.34937			6
2025.08.20	00:35:52.572	1.34844	1.34934			6
2025.08.20	00:35:52.878	1.34841	1.34938			6
2025.08.20	00:35:53.186	1.34845	1.34937			6
2025.08.20	00:35:55.039	1.34846				2
2025.08.20	00:35:55.652	1.34847				2
2025.08.20	00:35:56.264	1.34844	1.34938			6
2025.08.20	00:35:59.654	1.34843	1.34923			6
2025.08.20	00:36:00.318	1.34843				2
2025.08.20	00:36:00.754		1.34922			4
2025.08.20	00:36:07.750	1.34845				2
2025.08.20	00:36:09.603	1.34846				2
2025.08.20	00:36:12.692	1.34845				2
2025.08.20	00:36:14.233	1.34844				2
2025.08.20	00:36:14.546	1.34843	1.34921			6
2025.08.20	00:36:14.871	1.34844				2
2025.08.20	00:36:23.219	1.34843				2
2025.08.20	00:36:23.520	1.34844				2
2025.08.20	00:36:23.837	1.34846				2
2025.08.20	00:36:24.456	1.34848				2
2025.08.20	00:36:25.071	1.34847				2
2025.08.20	00:36:27.842	1.34843				2
2025.08.20	00:36:29.104	1.34844				2
2025.08.20	00:36:36.205		1.34920			4
2025.08.20	00:36:43.020	1.34843				2
2025.08.20	00:36:45.516	1.34844				2
2025.08.20	00:36:51.084	1.34849				2
2025.08.20	00:36:58.509	1.34850				2
2025.08.20	00:37:00.064	1.34850				2
2025.08.20	00:37:02.225	1.34849				2
2025.08.20	00:37:04.383		1.34921			4
2025.08.20	00:37:05.001	1.34850				2
2025.08.20	00:37:07.780	1.34849				2
2025.08.20	00:37:09.939		1.34920			4
2025.08.20	00:37:16.437	1.34848	1.34928			6
2025.08.20	00:37:16.744	1.34853				2
2025.08.20	00:37:17.057	1.34856				2
2025.08.20	00:37:17.367		1.34929			4
2025.08.20	00:37:17.984	1.34855				2
2025.08.20	00:37:19.225	1.34856	1.34927			6
2025.08.20	00:37:20.177		1.34928			4
2025.08.20	00:37:20.493		1.34923			4
2025.08.20	00:37:26.670	1.34855	1.34921			6
2025.08.20	00:37:28.213	1.34849				2
2025.08.20	00:37:29.450	1.34846				2
2025.08.20	00:37:29.759	1.34843	1.34932			6
2025.08.20	00:37:30.073	1.34858				2
2025.08.20	00:37:32.234	1.34856				2
2025.08.20	00:37:32.856	1.34852	1.34921			6
2025.08.20	00:37:33.168	1.34854				2
2025.08.20	00:37:37.499	1.34855				2
2025.08.20	00:37:39.352		1.34920			4
2025.08.20	00:37:39.658	1.34852				2
2025.08.20	00:37:39.966	1.34857	1.34933			6
2025.08.20	00:37:40.582	1.34854	1.34921			6
2025.08.20	00:37:40.891	1.34849				2
2025.08.20	00:37:41.198	1.34847				2
2025.08.20	00:37:41.503	1.34849	1.34920			6
2025.08.20	00:37:44.288	1.34856	1.34933			6
2025.08.20	00:37:44.594	1.34858				2
2025.08.20	00:37:44.909	1.34852	1.34919			6
2025.08.20	00:37:45.844	1.34856	1.34934			6
2025.08.20	00:37:46.149	1.34857				2
2025.08.20	00:37:46.766	1.34854				2
2025.08.20	00:37:48.625	1.34853	1.34933			6
2025.08.20	00:37:49.235		1.34931			4
2025.08.20	00:37:51.402	1.34854	1.34933			6
2025.08.20	00:37:51.719	1.34850				2
2025.08.20	00:37:53.258	1.34849				2
2025.08.20	00:37:56.343	1.34852	1.34934			6
2025.08.20	00:37:56.660	1.34858				2
2025.08.20	00:38:00.060	1.34858				2
2025.08.20	00:38:00.370	1.34859				2
2025.08.20	00:38:00.676	1.34847	1.34931			6
2025.08.20	00:38:00.987	1.34850	1.34934			6
2025.08.20	00:38:01.295	1.34854				2
2025.08.20	00:38:01.914	1.34855				2
2025.08.20	00:38:02.531	1.34859				2
2025.08.20	00:38:04.389	1.34855	1.34932			6
2025.08.20	00:38:04.698	1.34858				2
2025.08.20	00:38:06.248	1.34857				2
2025.08.20	00:38:08.097	1.34859	1.34931			6
2025.08.20	00:38:09.030	1.34858				2
2025.08.20	00:38:09.337	1.34856				2
2025.08.20	00:38:09.948	1.34857				2
2025.08.20	00:38:11.494		1.34932			4
2025.08.20	00:38:13.981	1.34858				2
2025.08.20	00:38:16.454	1.34859				2
2025.08.20	00:38:20.165	1.34845	1.34921			6
2025.08.20	00:38:20.479	1.34847				2
2025.08.20	00:38:26.042	1.34846				2
2025.08.20	00:38:28.510	1.34845				2
2025.08.20	00:38:32.207	1.34842	1.34920			6
2025.08.20	00:38:32.528	1.34845				2
2025.08.20	00:38:33.459	1.34848	1.34927			6
2025.08.20	00:38:33.762	1.34846				2
2025.08.20	00:38:34.385	1.34848				2
2025.08.20	00:38:35.306		1.34929			4
2025.08.20	00:38:36.235	1.34858	1.34930			6
2025.08.20	00:38:37.171	1.34855				2
2025.08.20	00:38:37.478	1.34856				2
2025.08.20	00:38:40.262	1.34857				2
2025.08.20	00:38:40.570	1.34855	1.34931			6
2025.08.20	00:38:41.197	1.34856				2
2025.08.20	00:38:44.916	1.34853	1.34928			6
2025.08.20	00:38:45.219	1.34859	1.34931			6
2025.08.20	00:38:45.522	1.34856				2
2025.08.20	00:38:46.140	1.34855				2
2025.08.20	00:38:48.300	1.34856				2
2025.08.20	00:38:49.219	1.34855				2
2025.08.20	00:38:49.532	1.34854	1.34927			6
2025.08.20	00:38:50.146	1.34857	1.34931			6
2025.08.20	00:38:52.000	1.34859				2
2025.08.20	00:38:52.315	1.34858	1.34930			6
2025.08.20	00:38:52.921	1.34855				2
2025.08.20	00:38:55.709	1.34854	1.34928			6
2025.08.20	00:38:56.631	1.34847	1.34931			6
2025.08.20	00:38:56.937	1.34858				2
2025.08.20	00:38:58.478	1.34857				2
2025.08.20	00:38:59.098		1.34930			4
2025.08.20	00:39:00.022	1.34857				2
2025.08.20	00:39:01.561	1.34856				2
2025.08.20	00:39:02.172	1.34857				2
2025.08.20	00:39:04.030	1.34854				2
2025.08.20	00:39:04.333	1.34857				2
2025.08.20	00:39:04.641		1.34932			4
2025.08.20	00:39:05.263	1.34852	1.34933			6
2025.08.20	00:39:06.803	1.34853				2
2025.08.20	00:39:09.906	1.34860	1.34935			6
2025.08.20	00:39:11.147	1.34857				2
2025.08.20	00:39:12.395	1.34860				2
2025.08.20	00:39:13.323	1.34857				2
2025.08.20	00:39:15.494	1.34859				2
2025.08.20	00:39:17.962	1.34860				2
2025.08.20	00:39:18.585	1.34861	1.34934			6
2025.08.20	00:39:19.203	1.34858				2
2025.08.20	00:39:20.132	1.34860	1.34931			6
2025.08.20	00:39:20.439	1.34857	1.34930			6
2025.08.20	00:39:20.742		1.34929			4
2025.08.20	00:39:21.050	1.34858				2
2025.08.20	00:39:21.363	1.34859				2
2025.08.20	00:39:21.976	1.34854				2
2025.08.20	00:39:22.281	1.34859				2
2025.08.20	00:39:22.590	1.34863				2
2025.08.20	00:39:23.209	1.34864				2
2025.08.20	00:39:25.674	1.34856				2
2025.08.20	00:39:25.976	1.34860	1.34934			6
2025.08.20	00:39:26.290	1.34858				2
2025.08.20	00:39:27.517	1.34861				2
2025.08.20	00:39:29.358	1.34858				2
2025.08.20	00:39:29.666	1.34860				2
2025.08.20	00:39:38.291	1.34856	1.34929			6
2025.08.20	00:39:38.601	1.34859	1.34932			6
2025.08.20	00:39:38.904	1.34857	1.34928			6
2025.08.20	00:39:39.837	1.34856				2
2025.08.20	00:39:40.457	1.34850	1.34932			6
2025.08.20	00:39:40.764	1.34856	1.34928			6
2025.08.20	00:39:41.067	1.34858	1.34930			6
2025.08.20	00:39:42.942	1.34856	1.34928			6
2025.08.20	00:39:43.551	1.34857				2
2025.08.20	00:39:43.861	1.34856	1.34931			6
2025.08.20	00:39:45.418	1.34847	1.34927			6
2025.08.20	00:39:45.734	1.34846				2
2025.08.20	00:39:49.122	1.34845				2
2025.08.20	00:39:50.040	1.34851				2
2025.08.20	00:39:52.523	1.34850				2
2025.08.20	00:39:54.062	1.34851				2
2025.08.20	00:40:00.215	1.34851				2
2025.08.20	00:40:03.290	1.34849				2
2025.08.20	00:40:03.596	1.34850				2
2025.08.20	00:40:17.491		1.34926			4
2025.08.20	00:40:26.757		1.34927			4
2025.08.20	00:40:30.797		1.34926			4
2025.08.20	00:40:36.366	1.34851				2
2025.08.20	00:40:38.218		1.34927			4
2025.08.20	00:40:51.177		1.34926			4
2025.08.20	00:40:51.487	1.34850	1.34927			6
2025.08.20	00:40:52.106		1.34926			4
2025.08.20	00:40:54.877		1.34927			4
2025.08.20	00:41:00.136	1.34850				2
2025.08.20	00:41:01.985		1.34926			4
2025.08.20	00:41:04.457		1.34927			4
2025.08.20	00:41:05.684	1.34851				2
2025.08.20	00:41:13.674	1.34852	1.34929			6
2025.08.20	00:41:14.289	1.34850				2
2025.08.20	00:41:18.277		1.34928			4
2025.08.20	00:41:28.135	1.34852	1.34929			6
2025.08.20	00:41:29.982	1.34851				2
2025.08.20	00:41:38.608	1.34852				2
2025.08.20	00:41:39.220	1.34851				2
2025.08.20	00:41:41.677	1.34852	1.34928			6
2025.08.20	00:41:42.290	1.34851				2
2025.08.20	00:41:44.758	1.34850				2
2025.08.20	00:41:45.063	1.34852				2
2025.08.20	00:41:51.221	1.34851				2
2025.08.20	00:41:54.907	1.34852				2
2025.08.20	00:41:55.215	1.34851				2
2025.08.20	00:42:00.156	1.34851				2
2025.08.20	00:42:02.933	1.34849	1.34924			6
2025.08.20	00:42:03.239	1.34850				2
2025.08.20	00:42:03.856	1.34851				2
2025.08.20	00:42:07.855		1.34925			4
2025.08.20	00:42:09.082	1.34849				2
2025.08.20	00:42:10.006	1.34851				2
2025.08.20	00:42:11.852		1.34929			4
2025.08.20	00:42:15.564	1.34849	1.34926			6
2025.08.20	00:42:16.482	1.34851	1.34925			6
2025.08.20	00:42:18.328	1.34849				2
2025.08.20	00:42:18.634	1.34851				2
2025.08.20	00:42:19.864		1.34926			4
2025.08.20	00:42:22.016	1.34850				2
2025.08.20	00:42:26.328	1.34856				2
2025.08.20	00:42:26.950	1.34854				2
2025.08.20	00:42:27.251	1.34855				2
2025.08.20	00:42:27.557	1.34852	1.34927			6
2025.08.20	00:42:28.177	1.34850				2
2025.08.20	00:42:28.483	1.34851				2
2025.08.20	00:42:30.013	1.34849	1.34926			6
2025.08.20	00:42:30.320	1.34848	1.34927			6
2025.08.20	00:42:31.240	1.34850				2
2025.08.20	00:42:31.554	1.34851				2
2025.08.20	00:42:31.859	1.34852	1.34926			6
2025.08.20	00:42:32.162	1.34853				2
2025.08.20	00:42:32.475	1.34851				2
2025.08.20	00:42:32.782	1.34849				2
2025.08.20	00:42:33.093	1.34848				2
2025.08.20	00:42:36.481	1.34849				2
2025.08.20	00:42:37.092	1.34843				2
2025.08.20	00:42:38.639	1.34844				2
2025.08.20	00:42:40.483	1.34843				2
2025.08.20	00:42:43.863	1.34844	1.34927			6
2025.08.20	00:42:46.629	1.34843				2
2025.08.20	00:42:46.932	1.34844	1.34926			6
2025.08.20	00:42:49.079	1.34846				2
2025.08.20	00:42:49.394	1.34844				2
2025.08.20	00:42:49.698	1.34843				2
2025.08.20	00:42:49.999	1.34844				2
2025.08.20	00:42:50.312	1.34843				2
2025.08.20	00:42:50.617	1.34844				2
2025.08.20	00:42:52.758	1.34840				2
2025.08.20	00:42:57.165		1.34927			4
2025.08.20	00:42:58.050	1.34841	1.34931			6
2025.08.20	00:43:00.217	1.34841				2
2025.08.20	00:43:00.526	1.34840	1.34927			6
2025.08.20	00:43:02.713	1.34841				2
2025.08.20	00:43:06.425	1.34840	1.34926			6
2025.08.20	00:43:08.098	1.34842				2
2025.08.20	00:43:08.709	1.34841				2
2025.08.20	00:43:09.016	1.34840				2
2025.08.20	00:43:09.459		1.34927			4
2025.08.20	00:43:10.970	1.34841				2
2025.08.20	00:43:11.888	1.34840				2
2025.08.20	00:43:12.238	1.34841				2
2025.08.20	00:43:13.481	1.34840	1.34928			6
2025.08.20	00:43:13.784		1.34930			4
2025.08.20	00:43:14.104		1.34929			4
2025.08.20	00:43:14.408	1.34841	1.34931			6
2025.08.20	00:43:15.951	1.34842				2
2025.08.20	00:43:16.265	1.34840	1.34929			6
2025.08.20	00:43:16.572		1.34930			4
2025.08.20	00:43:16.881		1.34929			4
2025.08.20	00:43:18.729		1.34928			4
2025.08.20	00:43:19.034	1.34841	1.34931			6
2025.08.20	00:43:24.257	1.34840	1.34929			6
2025.08.20	00:43:24.877		1.34928			4
2025.08.20	00:43:25.180		1.34929			4
2025.08.20	00:43:25.487		1.34930			4
2025.08.20	00:43:27.041		1.34929			4
2025.08.20	00:43:27.343	1.34842	1.34932			6
2025.08.20	00:43:29.895	1.34840	1.34929			6
2025.08.20	00:43:30.211	1.34842	1.34932			6
2025.08.20	00:43:30.515	1.34843				2
2025.08.20	00:43:33.607		1.34927			4
2025.08.20	00:43:34.841	1.34844				2
2025.08.20	00:43:40.094		1.34926			4
2025.08.20	00:43:41.019	1.34843				2
2025.08.20	00:43:41.322	1.34840				2
2025.08.20	00:43:46.883	1.34843	1.34925			6
2025.08.20	00:43:47.187		1.34927			4
2025.08.20	00:43:47.500	1.34840				2
2025.08.20	00:43:47.914	1.34841	1.34926			6
2025.08.20	00:43:49.454	1.34842				2
2025.08.20	00:43:50.075	1.34841				2
2025.08.20	00:43:50.382	1.34845				2
2025.08.20	00:43:51.930	1.34843				2
2025.08.20	00:43:53.464		1.34925			4
2025.08.20	00:43:55.621	1.34844				2
2025.08.20	00:43:55.934	1.34842				2
2025.08.20	00:43:56.244	1.34840	1.34926			6
2025.08.20	00:43:59.470		1.34927			4
2025.08.20	00:44:00.099	1.34840	1.34926			6
2025.08.20	00:44:01.324		1.34925			4
2025.08.20	00:44:01.634	1.34837	1.34926			6
2025.08.20	00:44:06.569		1.34927			4
2025.08.20	00:44:06.875		1.34926			4
2025.08.20	00:44:07.805		1.34919			4
2025.08.20	00:44:12.035		1.34925			4
2025.08.20	00:44:17.600		1.34926			4
2025.08.20	00:44:20.990		1.34927			4
2025.08.20	00:44:22.834		1.34925			4
2025.08.20	00:44:25.917		1.34927			4
2025.08.20	00:44:27.152		1.34926			4
2025.08.20	00:44:27.461		1.34927			4
2025.08.20	00:44:30.245		1.34925			4
2025.08.20	00:44:31.785		1.34924			4
2025.08.20	00:44:36.658		1.34925			4
2025.08.20	00:44:39.527	1.34838	1.34922			6
2025.08.20	00:44:39.837	1.34837				2
2025.08.20	00:44:40.869		1.34926			4
2025.08.20	00:44:42.066		1.34927			4
2025.08.20	00:44:51.616	1.34836	1.34926			6
2025.08.20	00:44:53.156	1.34837				2
2025.08.20	00:44:54.392		1.34927			4
2025.08.20	00:44:56.253		1.34926			4
2025.08.20	00:44:56.874		1.34925			4
2025.08.20	00:44:57.177		1.34926			4
2025.08.20	00:45:00.259	1.34837				2
2025.08.20	00:45:03.335	1.34836				2
2025.08.20	00:45:03.644	1.34837	1.34927			6
2025.08.20	00:45:08.257		1.34925			4
2025.08.20	00:45:10.340	1.34853	1.34909			6
2025.08.20	00:45:12.650		1.34911			4
2025.08.20	00:45:16.345	1.34854	1.34910			6
2025.08.20	00:45:16.657	1.34853				2
2025.08.20	00:45:18.510		1.34911			4
2025.08.20	00:45:20.061	1.34854	1.34909			6
2025.08.20	00:45:24.657	1.34853	1.34908			6
2025.08.20	00:45:24.958		1.34909			4
2025.08.20	00:45:25.273		1.34910			4
2025.08.20	00:45:28.057		1.34909			4
2025.08.20	00:45:30.530		1.34908			4
2025.08.20	00:45:31.767	1.34856				2
2025.08.20	00:45:33.618		1.34912			4
2025.08.20	00:45:33.930		1.34911			4
2025.08.20	00:45:35.466		1.34910			4
2025.08.20	00:45:38.245		1.34909			4
2025.08.20	00:45:42.236		1.34907			4
2025.08.20	00:45:45.611		1.34908			4
2025.08.20	00:45:47.153		1.34910			4
2025.08.20	00:45:50.225		1.34908			4
2025.08.20	00:45:51.459		1.34909			4
2025.08.20	00:45:52.385		1.34910			4
2025.08.20	00:45:56.075		1.34909			4
2025.08.20	00:45:56.687		1.34908			4
2025.08.20	00:46:00.063	1.34856	1.34904			6
2025.08.20	00:46:00.681		1.34903			4
2025.08.20	00:46:01.604	1.34854	1.34907			6
2025.08.20	00:46:01.912		1.34908			4
2025.08.20	00:46:06.209		1.34909			4
2025.08.20	00:46:08.675		1.34907			4
2025.08.20	00:46:08.978		1.34909			4
2025.08.20	00:46:10.519	1.34860	1.34911			6
2025.08.20	00:46:10.825	1.34854	1.34910			6
2025.08.20	00:46:12.059		1.34906			4
2025.08.20	00:46:12.369		1.34909			4
2025.08.20	00:46:15.441		1.34910			4
2025.08.20	00:46:15.751		1.34911			4
2025.08.20	00:46:16.363		1.34912			4
2025.08.20	00:46:16.671		1.34909			4
2025.08.20	00:46:16.982		1.34908			4
2025.08.20	00:46:26.857		1.34912			4
2025.08.20	00:46:28.702	1.34853	1.34909			6
2025.08.20	00:46:29.005	1.34854	1.34912			6
2025.08.20	00:46:31.785	1.34853	1.34910			6
2025.08.20	00:46:32.094	1.34854	1.34912			6
2025.08.20	00:46:32.400	1.34853	1.34910			6
2025.08.20	00:46:34.254	1.34854	1.34911			6
2025.08.20	00:46:36.403	1.34853	1.34910			6
2025.08.20	00:46:36.714	1.34855	1.34911			6
2025.08.20	00:46:37.326	1.34856				2
2025.08.20	00:46:39.174	1.34853				2
2025.08.20	00:46:41.937	1.34854				2
2025.08.20	00:46:42.242	1.34853				2
2025.08.20	00:46:45.630		1.34909			4
2025.08.20	00:46:46.247		1.34908			4
2025.08.20	00:46:46.860		1.34910			4
2025.08.20	00:46:47.166		1.34911			4
2025.08.20	00:46:49.632		1.34910			4
2025.08.20	00:46:49.937		1.34911			4
2025.08.20	00:46:54.570		1.34909			4
2025.08.20	00:46:56.739		1.34910			4
2025.08.20	00:46:57.041	1.34856	1.34912			6
2025.08.20	00:46:57.648	1.34855	1.34911			6
2025.08.20	00:46:57.952	1.34854	1.34912			6
2025.08.20	00:46:58.263	1.34855				2
2025.08.20	00:46:58.577	1.34856				2
2025.08.20	00:46:59.502		1.34913			4
2025.08.20	00:46:59.806	1.34855	1.34912			6
2025.08.20	00:47:00.107	1.34853	1.34907			6
2025.08.20	00:47:00.423		1.34908			4
2025.08.20	00:47:00.738		1.34906			4
2025.08.20	00:47:01.045		1.34909			4
2025.08.20	00:47:01.665		1.34910			4
2025.08.20	00:47:01.971	1.34854	1.34912			6
2025.08.20	00:47:04.127	1.34853	1.34911			6
2025.08.20	00:47:08.454	1.34855				2
2025.08.20	00:47:09.068	1.34856				2
2025.08.20	00:47:09.677	1.34855				2
2025.08.20	00:47:09.982	1.34856	1.34910			6
2025.08.20	00:47:10.282	1.34857	1.34912			6
2025.08.20	00:47:12.141	1.34856				2
2025.08.20	00:47:12.451	1.34857				2
2025.08.20	00:47:13.363		1.34911			4
2025.08.20	00:47:15.209	1.34853				2
2025.08.20	00:47:15.517	1.34852	1.34910			6
2025.08.20	00:47:16.750	1.34856	1.34911			6
2025.08.20	00:47:20.145		1.34912			4
2025.08.20	00:47:21.694	1.34857				2
2025.08.20	00:47:22.917	1.34856	1.34906			6
2025.08.20	00:47:23.226		1.34910			4
2025.08.20	00:47:26.904		1.34912			4
2025.08.20	00:47:27.209		1.34911			4
2025.08.20	00:47:27.822		1.34910			4
2025.08.20	00:47:28.127		1.34911			4
2025.08.20	00:47:31.804	1.34853				2
2025.08.20	00:47:32.117	1.34855	1.34912			6
2025.08.20	00:47:32.423		1.34909			4
2025.08.20	00:47:34.265		1.34912			4
2025.08.20	00:47:34.571		1.34911			4
2025.08.20	00:47:39.500	1.34856	1.34912			6
2025.08.20	00:47:39.809	1.34855	1.34911			6
2025.08.20	00:47:40.121		1.34912			4
2025.08.20	00:47:41.658		1.34910			4
2025.08.20	00:47:42.584	1.34853	1.34897			6
2025.08.20	00:47:42.885		1.34911			4
2025.08.20	00:47:43.187		1.34904			4
2025.08.20	00:47:43.488		1.34911			4
2025.08.20	00:47:43.796	1.34850	1.34901			6
2025.08.20	00:47:44.098	1.34854	1.34911			6
2025.08.20	00:47:44.405	1.34852	1.34902			6
2025.08.20	00:47:44.714	1.34856	1.34911			6
2025.08.20	00:47:45.020	1.34855				2
2025.08.20	00:47:45.325	1.34852	1.34910			6
2025.08.20	00:47:45.627	1.34857	1.34909			6
2025.08.20	00:47:46.252		1.34910			4
2025.08.20	00:47:50.875	1.34854				2
2025.08.20	00:47:51.178	1.34852	1.34909			6
2025.08.20	00:47:52.728	1.34854	1.34910			6
2025.08.20	00:47:54.883	1.34855				2
2025.08.20	00:47:55.806	1.34853	1.34909			6
2025.08.20	00:47:56.118	1.34857				2
2025.08.20	00:47:56.424	1.34858				2
2025.08.20	00:47:56.733	1.34857				2
2025.08.20	00:47:57.038	1.34858				2
2025.08.20	00:47:57.345	1.34857				2
2025.08.20	00:47:57.657	1.34859				2
2025.08.20	00:47:59.819	1.34854	1.34911			6
2025.08.20	00:48:00.121	1.34854				2
2025.08.20	00:48:00.736	1.34855				2
2025.08.20	00:48:04.114	1.34857				2
2025.08.20	00:48:05.956		1.34909			4
2025.08.20	00:48:06.259	1.34856				2
2025.08.20	00:48:07.190	1.34857	1.34911			6
2025.08.20	00:48:07.504	1.34859				2
2025.08.20	00:48:09.965	1.34858				2
2025.08.20	00:48:10.880	1.34855				2
2025.08.20	00:48:12.111	1.34857				2
2025.08.20	00:48:14.894	1.34855				2
2025.08.20	00:48:15.503	1.34858				2
2025.08.20	00:48:15.806	1.34855				2
2025.08.20	00:48:16.116		1.34910			4
2025.08.20	00:48:19.816		1.34909			4
2025.08.20	00:48:20.117		1.34911			4
2025.08.20	00:48:21.356		1.34910			4
2025.08.20	00:48:24.431		1.34911			4
2025.08.20	00:48:25.963		1.34910			4
2025.08.20	00:48:26.269	1.34856				2
2025.08.20	00:48:26.581		1.34911			4
2025.08.20	00:48:26.884	1.34857				2
2025.08.20	00:48:27.199	1.34856				2
2025.08.20	00:48:27.508	1.34859				2
2025.08.20	00:48:28.126		1.34912			4
2025.08.20	00:48:28.430		1.34911			4
2025.08.20	00:48:28.737	1.34857	1.34912			6
2025.08.20	00:48:29.348		1.34911			4
2025.08.20	00:48:29.653		1.34912			4
2025.08.20	00:48:29.960	1.34858				2
2025.08.20	00:48:30.265	1.34857	1.34915			6
2025.08.20	00:48:30.568	1.34851	1.34902			6
2025.08.20	00:48:30.874	1.34853	1.34914			6
2025.08.20	00:48:31.180		1.34915			4
2025.08.20	00:48:31.484	1.34856				2
2025.08.20	00:48:31.802	1.34858				2
2025.08.20	00:48:32.110		1.34916			4
2025.08.20	00:48:32.420	1.34857	1.34915			6
2025.08.20	00:48:33.339	1.34858	1.34916			6
2025.08.20	00:48:33.648	1.34855	1.34909			6
2025.08.20	00:48:33.957		1.34911			4
2025.08.20	00:48:39.518		1.34916			4
2025.08.20	00:48:39.828		1.34912			4
2025.08.20	00:48:40.136		1.34913			4
2025.08.20	00:48:40.755		1.34912			4
2025.08.20	00:48:41.376		1.34911			4
2025.08.20	00:48:41.992		1.34909			4
2025.08.20	00:48:46.632	1.34853				2
2025.08.20	00:48:47.873	1.34854	1.34912			6
2025.08.20	00:48:51.583	1.34855	1.34913			6
2025.08.20	00:48:53.748	1.34853				2
2025.08.20	00:48:54.050		1.34911			4
2025.08.20	00:48:54.362	1.34850				2
2025.08.20	00:48:55.286		1.34914			4
2025.08.20	00:48:55.903		1.34913			4
2025.08.20	00:48:56.205		1.34911			4
2025.08.20	00:48:58.357		1.34913			4
2025.08.20	00:48:59.590		1.34914			4
2025.08.20	00:48:59.903		1.34910			4
2025.08.20	00:49:00.211	1.34850				2
2025.08.20	00:49:02.070	1.34854	1.34912			6
2025.08.20	00:49:04.229	1.34853	1.34911			6
2025.08.20	00:49:04.533	1.34858	1.34912			6
2025.08.20	00:49:04.841	1.34857				2
2025.08.20	00:49:05.147	1.34850	1.34901			6
2025.08.20	00:49:05.461	1.34852	1.34910			6
2025.08.20	00:49:07.306	1.34853	1.34911			6
2025.08.20	00:49:08.232	1.34854	1.34912			6
2025.08.20	00:49:08.544	1.34853	1.34911			6
2025.08.20	00:49:11.634	1.34855	1.34912			6
2025.08.20	00:49:12.245	1.34856				2
2025.08.20	00:49:12.869	1.34857				2
2025.08.20	00:49:14.706	1.34853	1.34913			6
2025.08.20	00:49:15.023	1.34855				2
2025.08.20	00:49:15.330	1.34857				2
2025.08.20	00:49:15.639	1.34856				2
2025.08.20	00:49:18.421	1.34854	1.34912			6
2025.08.20	00:49:18.728	1.34852				2
2025.08.20	00:49:19.033	1.34851	1.34907			6
2025.08.20	00:49:19.338	1.34853	1.34910			6
2025.08.20	00:49:19.642		1.34912			4
2025.08.20	00:49:19.944		1.34910			4
2025.08.20	00:49:20.257	1.34849	1.34912			6
2025.08.20	00:49:20.565	1.34856				2
2025.08.20	00:49:22.426	1.34853	1.34911			6
2025.08.20	00:49:22.728	1.34852	1.34910			6
2025.08.20	00:49:25.518	1.34849				2
2025.08.20	00:49:25.835	1.34855	1.34911			6
2025.08.20	00:49:28.908	1.34852	1.34910			6
2025.08.20	00:49:29.215	1.34853	1.34911			6
2025.08.20	00:49:30.448	1.34855	1.34912			6
2025.08.20	00:49:30.749	1.34853	1.34911			6
2025.08.20	00:49:31.054	1.34852	1.34902			6
2025.08.20	00:49:31.357		1.34904			4
2025.08.20	00:49:31.659		1.34905			4
2025.08.20	00:49:32.276		1.34901			4
2025.08.20	00:49:36.604		1.34909			4
2025.08.20	00:49:39.382	1.34856	1.34911			6
2025.08.20	00:49:40.307	1.34852	1.34899			6
2025.08.20	00:49:41.859	1.34854	1.34911			6
2025.08.20	00:49:42.165	1.34852	1.34910			6
2025.08.20	00:49:43.398	1.34855				2
2025.08.20	00:49:43.704	1.34852				2
2025.08.20	00:49:46.493		1.34908			4
2025.08.20	00:49:46.799	1.34853	1.34911			6
2025.08.20	00:49:47.737	1.34855				2
2025.08.20	00:49:48.353	1.34856	1.34912			6
2025.08.20	00:49:48.657	1.34850	1.34907			6
2025.08.20	00:49:48.970	1.34853	1.34911			6
2025.08.20	00:49:49.276	1.34855	1.34912			6
2025.08.20	00:49:49.897	1.34854				2
2025.08.20	00:49:50.203	1.34863				2
2025.08.20	00:49:50.511	1.34862				2
2025.08.20	00:49:51.437	1.34864				2
2025.08.20	00:49:51.748	1.34862				2
2025.08.20	00:49:52.672		1.34913			4
2025.08.20	00:49:54.536	1.34863				2
2025.08.20	00:49:57.320		1.34912			4
2025.08.20	00:49:58.556	1.34862	1.34913			6
2025.08.20	00:49:58.858	1.34863				2
2025.08.20	00:49:59.795	1.34864				2
2025.08.20	00:50:00.107	1.34863				2
2025.08.20	00:50:01.035	1.34857	1.34911			6
2025.08.20	00:50:02.274	1.34855				2
2025.08.20	00:50:02.590	1.34864				2
2025.08.20	00:50:02.897	1.34854				2
2025.08.20	00:50:03.203	1.34864				2
2025.08.20	00:50:03.517	1.34863				2
2025.08.20	00:50:04.446	1.34864				2
2025.08.20	00:50:04.755	1.34863				2
2025.08.20	00:50:05.064	1.34864				2
2025.08.20	00:50:05.682	1.34854	1.34905			6
2025.08.20	00:50:05.989		1.34907			4
2025.08.20	00:50:06.297		1.34906			4
2025.08.20	00:50:06.607		1.34912			4
2025.08.20	00:50:07.840	1.34862	1.34911			6
2025.08.20	00:50:08.143	1.34865	1.34912			6
2025.08.20	00:50:11.232	1.34855	1.34913			6
2025.08.20	00:50:12.163	1.34846	1.34909			6
2025.08.20	00:50:12.464	1.34849				2
2025.08.20	00:50:12.779	1.34850	1.34908			6
2025.08.20	00:50:14.017	1.34849	1.34904			6
2025.08.20	00:50:14.326	1.34851	1.34909			6
2025.08.20	00:50:14.949	1.34853	1.34911			6
2025.08.20	00:50:15.252	1.34852	1.34910			6
2025.08.20	00:50:15.870	1.34854	1.34916			6
2025.08.20	00:50:16.173	1.34851	1.34909			6
2025.08.20	00:50:16.488	1.34856	1.34911			6
2025.08.20	00:50:16.796	1.34861	1.34909			6
2025.08.20	00:50:17.118	1.34851	1.34912			6
2025.08.20	00:50:17.420	1.34860	1.34914			6
2025.08.20	00:50:18.042	1.34848	1.34922			6
2025.08.20	00:50:18.346	1.34854	1.34919			6
2025.08.20	00:50:18.656		1.34917			4
2025.08.20	00:50:18.957	1.34858	1.34914			6
2025.08.20	00:50:19.263	1.34860	1.34918			6
2025.08.20	00:50:19.577	1.34857	1.34914			6
2025.08.20	00:50:19.884	1.34858	1.34910			6
2025.08.20	00:50:20.193	1.34857	1.34909			6
2025.08.20	00:50:20.505	1.34859	1.34908			6
2025.08.20	00:50:21.126	1.34856	1.34906			6
2025.08.20	00:50:21.435	1.34857	1.34907			6
2025.08.20	00:50:25.148	1.34856				2
2025.08.20	00:50:25.461	1.34848	1.34917			6
2025.08.20	00:50:25.766	1.34857	1.34915			6
2025.08.20	00:50:26.081	1.34858	1.34916			6
2025.08.20	00:50:26.695	1.34859	1.34914			6
2025.08.20	00:50:27.001	1.34858				2
2025.08.20	00:50:27.312	1.34835	1.34913			6
2025.08.20	00:50:27.620	1.34855				2
2025.08.20	00:50:28.229	1.34856	1.34910			6
2025.08.20	00:50:28.549		1.34909			4
2025.08.20	00:50:28.854	1.34852				2
2025.08.20	00:50:30.084	1.34856	1.34907			6
2025.08.20	00:50:31.637		1.34904			4
2025.08.20	00:50:31.940	1.34859	1.34910			6
2025.08.20	00:50:32.249	1.34862	1.34909			6
2025.08.20	00:50:32.566	1.34858				2
2025.08.20	00:50:33.188	1.34861	1.34910			6
2025.08.20	00:50:33.494	1.34862				2
2025.08.20	00:50:33.800	1.34861				2
2025.08.20	00:50:34.421	1.34860	1.34909			6
2025.08.20	00:50:35.959	1.34857	1.34910			6
2025.08.20	00:50:36.259	1.34858	1.34908			6
2025.08.20	00:50:38.120	1.34861	1.34911			6
2025.08.20	00:50:38.426	1.34858	1.34910			6
2025.08.20	00:50:38.737	1.34860				2
2025.08.20	00:50:39.052		1.34911			4
2025.08.20	00:50:39.356	1.34859	1.34910			6
2025.08.20	00:50:40.905	1.34861	1.34916			6
2025.08.20	00:50:41.209	1.34859	1.34909			6
2025.08.20	00:50:41.520	1.34851	1.34913			6
2025.08.20	00:50:41.829	1.34860	1.34912			6
2025.08.20	00:50:42.142	1.34859				2
2025.08.20	00:50:43.386	1.34851	1.34911			6
2025.08.20	00:50:43.695	1.34864	1.34910			6
2025.08.20	00:50:44.005	1.34863				2
2025.08.20	00:50:44.318	1.34864				2
2025.08.20	00:50:44.937	1.34851	1.34914			6
2025.08.20	00:50:45.239	1.34861	1.34911			6
2025.08.20	00:50:45.553	1.34863				2
2025.08.20	00:50:46.174	1.34850				2
2025.08.20	00:50:46.482	1.34861				2
2025.08.20	00:50:47.105	1.34862	1.34910			6
2025.08.20	00:50:48.645	1.34861				2
2025.08.20	00:50:49.265	1.34864				2
2025.08.20	00:50:50.189	1.34856				2
2025.08.20	00:50:50.496	1.34852	1.34914			6
2025.08.20	00:50:50.805	1.34863	1.34912			6
2025.08.20	00:50:51.417	1.34862				2
2025.08.20	00:50:51.736	1.34860				2
2025.08.20	00:50:52.042	1.34863	1.34913			6
2025.08.20	00:50:52.350	1.34861	1.34912			6
2025.08.20	00:50:52.969	1.34856	1.34908			6
2025.08.20	00:50:53.278		1.34909			4
2025.08.20	00:50:53.901	1.34861	1.34912			6
2025.08.20	00:50:54.828	1.34859				2
2025.08.20	00:50:55.450	1.34856	1.34907			6
2025.08.20	00:50:55.762	1.34859	1.34912			6
2025.08.20	00:50:56.063	1.34860				2
2025.08.20	00:50:56.363		1.34916			4
2025.08.20	00:50:56.665	1.34858	1.34912			6
2025.08.20	00:50:57.277	1.34864	1.34913			6
2025.08.20	00:50:57.590	1.34865				2
2025.08.20	00:50:58.206	1.34859				2
2025.08.20	00:50:58.512	1.34861	1.34912			6
2025.08.20	00:50:59.757		1.34913			4
2025.08.20	00:51:00.059	1.34859				2
2025.08.20	00:51:02.526	1.34865				2
2025.08.20	00:51:02.837	1.34862	1.34914			6
2025.08.20	00:51:03.455	1.34863	1.34915			6
2025.08.20	00:51:03.760		1.34914			4
2025.08.20	00:51:04.990		1.34913			4
2025.08.20	00:51:05.303	1.34864	1.34917			6
2025.08.20	00:51:05.610	1.34862				2
2025.08.20	00:51:06.539	1.34856	1.34913			6
2025.08.20	00:51:07.454	1.34861	1.34918			6
2025.08.20	00:51:08.071	1.34862				2
2025.08.20	00:51:09.302		1.34920			4
2025.08.20	00:51:09.604	1.34863	1.34917			6
2025.08.20	00:51:09.918	1.34862				2
2025.08.20	00:51:10.537	1.34850				2
2025.08.20	00:51:11.459	1.34861	1.34919			6
2025.08.20	00:51:12.076	1.34863	1.34918			6
2025.08.20	00:51:12.385	1.34861	1.34917			6
2025.08.20	00:51:13.006	1.34862	1.34916			6
2025.08.20	00:51:13.922	1.34859	1.34917			6
2025.08.20	00:51:14.223	1.34856	1.34913			6
2025.08.20	00:51:14.531	1.34859	1.34917			6
2025.08.20	00:51:15.458	1.34860				2
2025.08.20	00:51:15.766	1.34857	1.34915			6
2025.08.20	00:51:16.079	1.34856	1.34914			6
2025.08.20	00:51:16.998	1.34860	1.34918			6
2025.08.20	00:51:17.313	1.34858	1.34916			6
2025.08.20	00:51:18.548	1.34856	1.34918			6
2025.08.20	00:51:18.852	1.34855	1.34919			6
2025.08.20	00:51:19.161	1.34860	1.34918			6
2025.08.20	00:51:19.776	1.34863	1.34919			6
2025.08.20	00:51:20.080	1.34861	1.34917			6
2025.08.20	00:51:20.387	1.34862				2
2025.08.20	00:51:21.315	1.34863	1.34916			6
2025.08.20	00:51:21.622	1.34862	1.34915			6
2025.08.20	00:51:21.933	1.34860				2
2025.08.20	00:51:22.853	1.34859				2
2025.08.20	00:51:23.159	1.34861	1.34916			6
2025.08.20	00:51:23.474	1.34866				2
2025.08.20	00:51:24.089		1.34917			4
2025.08.20	00:51:24.406	1.34865				2
2025.08.20	00:51:25.019	1.34864	1.34915			6
2025.08.20	00:51:25.326		1.34916			4
2025.08.20	00:51:25.642	1.34863	1.34917			6
2025.08.20	00:51:25.954	1.34862	1.34916			6
2025.08.20	00:51:26.268	1.34863				2
2025.08.20	00:51:26.896	1.34862				2
2025.08.20	00:51:27.198	1.34865	1.34918			6
2025.08.20	00:51:27.820	1.34866				2
2025.08.20	00:51:28.125		1.34917			4
2025.08.20	00:51:29.055	1.34862	1.34920			6
2025.08.20	00:51:29.362	1.34864	1.34921			6
2025.08.20	00:51:29.676		1.34922			4
2025.08.20	00:51:29.982	1.34863	1.34921			6
2025.08.20	00:51:30.909	1.34861	1.34919			6
2025.08.20	00:51:31.216	1.34862	1.34920			6
2025.08.20	00:51:32.453	1.34861	1.34919			6
2025.08.20	00:51:32.762	1.34863	1.34921			6
2025.08.20	00:51:35.229	1.34866	1.34922			6
2025.08.20	00:51:37.077	1.34862				2
2025.08.20	00:51:37.379	1.34863	1.34921			6
2025.08.20	00:51:37.697	1.34873	1.34922			6
2025.08.20	00:51:38.006	1.34866				2
2025.08.20	00:51:39.241	1.34856	1.34921			6
2025.08.20	00:51:39.554	1.34857	1.34920			6
2025.08.20	00:51:40.481	1.34866	1.34922			6
2025.08.20	00:51:40.789		1.34921			4
2025.08.20	00:51:41.093	1.34863				2
2025.08.20	00:51:42.026	1.34857	1.34915			6
2025.08.20	00:51:43.275	1.34858	1.34916			6
2025.08.20	00:51:43.896	1.34860	1.34918			6
2025.08.20	00:51:44.200	1.34861	1.34919			6
2025.08.20	00:51:45.118	1.34862	1.34920			6
2025.08.20	00:51:46.047	1.34863	1.34921			6
2025.08.20	00:51:46.352	1.34869				2
2025.08.20	00:51:46.661	1.34862	1.34920			6
2025.08.20	00:51:47.899	1.34860	1.34918			6
2025.08.20	00:51:48.204	1.34854	1.34921			6
2025.08.20	00:51:48.509	1.34863	1.34916			6
2025.08.20	00:51:48.830	1.34864	1.34915			6
2025.08.20	00:51:49.134	1.34854	1.34917			6
2025.08.20	00:51:49.438	1.34852				2
2025.08.20	00:51:50.064	1.34865	1.34916			6
2025.08.20	00:51:50.691	1.34858	1.34915			6
2025.08.20	00:51:50.998	1.34860	1.34916			6
2025.08.20	00:51:51.316	1.34862	1.34914			6
2025.08.20	00:51:51.619		1.34920			4
2025.08.20	00:51:51.927	1.34859	1.34917			6
2025.08.20	00:51:52.231	1.34860	1.34918			6
2025.08.20	00:51:52.546	1.34861	1.34919			6
2025.08.20	00:51:53.161	1.34859	1.34917			6
2025.08.20	00:51:55.010	1.34856	1.34911			6
2025.08.20	00:51:55.317		1.34910			4
2025.08.20	00:51:55.624	1.34861	1.34919			6
2025.08.20	00:51:55.939	1.34860	1.34918			6
2025.08.20	00:51:56.550	1.34856	1.34910			6
2025.08.20	00:51:56.855	1.34862	1.34920			6
2025.08.20	00:51:57.173	1.34861	1.34919			6
2025.08.20	00:51:59.961	1.34862	1.34920			6
2025.08.20	00:52:00.276	1.34862				2
2025.08.20	00:52:03.057	1.34849	1.34931			6
2025.08.20	00:52:03.361	1.34845	1.34928			6
2025.08.20	00:52:03.681	1.34865	1.34923			6
2025.08.20	00:52:03.985	1.34860	1.34919			6
2025.08.20	00:52:04.300	1.34864	1.34920			6
2025.08.20	00:52:04.606	1.34862				2
2025.08.20	00:52:05.226	1.34852	1.34922			6
2025.08.20	00:52:05.533	1.34857				2
2025.08.20	00:52:05.841	1.34859	1.34919			6
2025.08.20	00:52:06.142	1.34860				2
2025.08.20	00:52:07.382	1.34861	1.34920			6
2025.08.20	00:52:07.694	1.34860	1.34918			6
2025.08.20	00:52:08.309	1.34852	1.34921			6
2025.08.20	00:52:08.618	1.34862				2
2025.08.20	00:52:08.929	1.34860	1.34922			6
2025.08.20	00:52:09.248	1.34852	1.34920			6
2025.08.20	00:52:09.864		1.34921			4
2025.08.20	00:52:10.165	1.34860	1.34928			6
2025.08.20	00:52:10.471	1.34862	1.34923			6
2025.08.20	00:52:11.094		1.34920			4
2025.08.20	00:52:12.646		1.34925			4
2025.08.20	00:52:12.958	1.34863	1.34921			6
2025.08.20	00:52:13.879	1.34860	1.34924			6
2025.08.20	00:52:14.194	1.34862	1.34920			6
2025.08.20	00:52:15.126	1.34843	1.34933			6
2025.08.20	00:52:15.427	1.34862	1.34920			6
2025.08.20	00:52:15.735	1.34861	1.34924			6
2025.08.20	00:52:16.038	1.34860	1.34918			6
2025.08.20	00:52:16.357	1.34861	1.34919			6
2025.08.20	00:52:17.584	1.34862	1.34920			6
2025.08.20	00:52:17.900	1.34861	1.34919			6
2025.08.20	00:52:18.216	1.34862	1.34920			6
2025.08.20	00:52:19.749	1.34852	1.34930			6
2025.08.20	00:52:20.063	1.34864	1.34922			6
2025.08.20	00:52:20.379	1.34860	1.34918			6
2025.08.20	00:52:21.310	1.34863	1.34921			6
2025.08.20	00:52:21.616	1.34860	1.34918			6
2025.08.20	00:52:21.928	1.34862	1.34920			6
2025.08.20	00:52:22.237	1.34856	1.34915			6
2025.08.20	00:52:22.543		1.34914			4
2025.08.20	00:52:22.850	1.34866	1.34924			6
2025.08.20	00:52:23.162	1.34861	1.34919			6
2025.08.20	00:52:25.015	1.34867	1.34925			6
2025.08.20	00:52:25.328	1.34864	1.34922			6
2025.08.20	00:52:25.942	1.34841	1.34928			6
2025.08.20	00:52:26.248	1.34843	1.34927			6
2025.08.20	00:52:26.557	1.34863	1.34921			6
2025.08.20	00:52:26.868	1.34861	1.34928			6
2025.08.20	00:52:27.177	1.34863	1.34925			6
2025.08.20	00:52:27.792	1.34862	1.34924			6
2025.08.20	00:52:28.099	1.34863	1.34921			6
2025.08.20	00:52:28.402	1.34856	1.34933			6
2025.08.20	00:52:28.702		1.34932			4
2025.08.20	00:52:29.017	1.34861	1.34923			6
2025.08.20	00:52:29.333	1.34862	1.34920			6
2025.08.20	00:52:30.258	1.34864	1.34922			6
2025.08.20	00:52:30.569	1.34865	1.34923			6
2025.08.20	00:52:31.497	1.34864	1.34922			6
2025.08.20	00:52:37.033	1.34868	1.34923			6
2025.08.20	00:52:37.337	1.34865				2
2025.08.20	00:52:40.102	1.34857	1.34915			6
2025.08.20	00:52:40.413	1.34856	1.34916			6
2025.08.20	00:52:41.336	1.34869	1.34932			6
2025.08.20	00:52:41.646	1.34872	1.34930			6
2025.08.20	00:52:42.265	1.34867	1.34937			6
2025.08.20	00:52:42.582	1.34873	1.34931			6
2025.08.20	00:52:43.808	1.34849				2
2025.08.20	00:52:44.424	1.34844	1.34936			6
2025.08.20	00:52:44.729		1.34935			4
2025.08.20	00:52:45.034	1.34862	1.34939			6
2025.08.20	00:52:45.350	1.34867	1.34937			6
2025.08.20	00:52:45.659	1.34869	1.34934			6
2025.08.20	00:52:45.965	1.34839	1.34937			6
2025.08.20	00:52:46.280	1.34843				2
2025.08.20	00:52:47.822	1.34872	1.34930			6
2025.08.20	00:52:48.131	1.34871	1.34929			6
2025.08.20	00:52:49.047	1.34865	1.34939			6
2025.08.20	00:52:49.357	1.34873	1.34931			6
2025.08.20	00:52:50.906	1.34849	1.34938			6
2025.08.20	00:52:51.211	1.34870	1.34928			6
2025.08.20	00:52:51.520	1.34872	1.34930			6
2025.08.20	00:52:51.825	1.34867	1.34938			6
2025.08.20	00:52:52.136	1.34869	1.34933			6
2025.08.20	00:52:53.070	1.34865	1.34936			6
2025.08.20	00:52:53.376	1.34868	1.34932			6
2025.08.20	00:52:53.690	1.34840	1.34935			6
2025.08.20	00:52:53.994	1.34842	1.34938			6
2025.08.20	00:52:54.302	1.34871	1.34934			6
2025.08.20	00:52:54.608	1.34864	1.34937			6
2025.08.20	00:52:55.229	1.34868	1.34936			6
2025.08.20	00:52:55.842		1.34935			4
2025.08.20	00:52:56.156	1.34871	1.34929			6
2025.08.20	00:52:58.623	1.34867	1.34925			6
2025.08.20	00:52:59.555	1.34865	1.34937			6
2025.08.20	00:52:59.857	1.34870	1.34928			6
2025.08.20	00:53:00.164	1.34844	1.34937			6
2025.08.20	00:53:00.476		1.34938			4
2025.08.20	00:53:02.013	1.34864				2
2025.08.20	00:53:02.320	1.34865	1.34936			6
2025.08.20	00:53:02.634	1.34871	1.34929			6
2025.08.20	00:53:02.943	1.34868	1.34934			6
2025.08.20	00:53:03.556	1.34847	1.34933			6
2025.08.20	00:53:03.858	1.34868				2
2025.08.20	00:53:04.177	1.34847	1.34931			6
2025.08.20	00:53:04.478	1.34869	1.34927			6
2025.08.20	00:53:05.102	1.34867	1.34939			6
2025.08.20	00:53:05.410	1.34873	1.34931			6
2025.08.20	00:53:06.641	1.34872	1.34932			6
2025.08.20	00:53:07.874	1.34862	1.34938			6
2025.08.20	00:53:08.182	1.34866	1.34932			6
2025.08.20	00:53:09.411	1.34844	1.34935			6
2025.08.20	00:53:09.717	1.34868				2
2025.08.20	00:53:10.025	1.34871	1.34932			6
2025.08.20	00:53:10.953	1.34857	1.34941			6
2025.08.20	00:53:11.259	1.34864	1.34932			6
2025.08.20	00:53:12.193	1.34867	1.34935			6
2025.08.20	00:53:12.501	1.34869	1.34934			6
2025.08.20	00:53:13.112	1.34844	1.34941			6
2025.08.20	00:53:13.424	1.34865	1.34938			6
2025.08.20	00:53:13.735	1.34873	1.34931			6
2025.08.20	00:53:14.040	1.34867	1.34938			6
2025.08.20	00:53:14.346	1.34870	1.34928			6
2025.08.20	00:53:15.277	1.34869	1.34933			6
2025.08.20	00:53:15.591	1.34871	1.34929			6
2025.08.20	00:53:16.207	1.34872	1.34930			6
2025.08.20	00:53:16.826	1.34871	1.34929			6
2025.08.20	00:53:18.682	1.34861	1.34937			6
2025.08.20	00:53:18.989	1.34856	1.34934			6
2025.08.20	00:53:19.298	1.34869	1.34933			6
2025.08.20	00:53:19.606		1.34931			4
2025.08.20	00:53:20.526		1.34927			4
2025.08.20	00:53:20.843	1.34876	1.34932			6
2025.08.20	00:53:21.145	1.34872	1.34930			6
2025.08.20	00:53:21.457	1.34874	1.34929			6
2025.08.20	00:53:21.769	1.34871				2
2025.08.20	00:53:23.002	1.34870	1.34935			6
2025.08.20	00:53:23.309		1.34933			4
2025.08.20	00:53:23.618	1.34874	1.34932			6
2025.08.20	00:53:23.921	1.34879	1.34936			6
2025.08.20	00:53:24.230	1.34873				2
2025.08.20	00:53:25.155	1.34856				2
2025.08.20	00:53:25.456	1.34858				2
2025.08.20	00:53:26.079	1.34870				2
2025.08.20	00:53:26.387	1.34874				2
2025.08.20	00:53:27.008	1.34873	1.34931			6
2025.08.20	00:53:28.860	1.34874	1.34932			6
2025.08.20	00:53:30.705	1.34877	1.34935			6
2025.08.20	00:53:31.627	1.34865	1.34940			6
2025.08.20	00:53:31.950	1.34878	1.34936			6
2025.08.20	00:53:32.560	1.34877	1.34935			6
2025.08.20	00:53:32.868	1.34878	1.34936			6
2025.08.20	00:53:33.492	1.34877	1.34935			6
2025.08.20	00:53:33.794	1.34868	1.34941			6
2025.08.20	00:53:35.342	1.34876	1.34934			6
2025.08.20	00:53:39.970	1.34870	1.34939			6
2025.08.20	00:53:40.279	1.34856	1.34942			6
2025.08.20	00:53:40.581	1.34878	1.34936			6
2025.08.20	00:53:41.511	1.34877	1.34935			6
2025.08.20	00:53:41.812	1.34870	1.34941			6
2025.08.20	00:53:42.133	1.34871				2
2025.08.20	00:53:42.744	1.34868	1.34943			6
2025.08.20	00:53:43.059	1.34878	1.34936			6
2025.08.20	00:53:43.367	1.34876	1.34934			6
2025.08.20	00:53:44.614	1.34861	1.34939			6
2025.08.20	00:53:44.919	1.34876	1.34934			6
2025.08.20	00:53:46.158	1.34877	1.34935			6
2025.08.20	00:53:47.399	1.34875	1.34939			6
2025.08.20	00:53:47.707	1.34876	1.34934			6
2025.08.20	00:53:49.562	1.34873	1.34931			6
2025.08.20	00:53:49.867	1.34879	1.34937			6
2025.08.20	00:53:50.787	1.34878	1.34936			6
2025.08.20	00:53:51.715	1.34866	1.34943			6
2025.08.20	00:53:52.030	1.34878	1.34936			6
2025.08.20	00:53:53.875	1.34870	1.34943			6
2025.08.20	00:53:54.191	1.34871				2
2025.08.20	00:53:56.954	1.34879	1.34937			6
2025.08.20	00:53:57.264	1.34875	1.34944			6
2025.08.20	00:53:57.583	1.34877	1.34945			6
2025.08.20	00:53:57.887	1.34881	1.34939			6
2025.08.20	00:53:58.194	1.34880	1.34938			6
2025.08.20	00:53:58.498	1.34878	1.34936			6
2025.08.20	00:53:59.424	1.34869	1.34940			6
2025.08.20	00:53:59.730	1.34877	1.34935			6
2025.08.20	00:54:00.034	1.34874	1.34932			6
2025.08.20	00:54:00.340	1.34876	1.34934			6
2025.08.20	00:54:00.965	1.34874	1.34932			6
2025.08.20	00:54:01.583	1.34876	1.34934			6
2025.08.20	00:54:03.116	1.34877	1.34935			6
2025.08.20	00:54:03.737	1.34876	1.34934			6
2025.08.20	00:54:04.049	1.34877	1.34935			6
2025.08.20	00:54:04.353	1.34874	1.34939			6
2025.08.20	00:54:05.892	1.34876	1.34934			6
2025.08.20	00:54:06.204	1.34878	1.34936			6
2025.08.20	00:54:06.819	1.34870	1.34939			6
2025.08.20	00:54:07.125	1.34876	1.34934			6
2025.08.20	00:54:08.058	1.34868	1.34939			6
2025.08.20	00:54:08.368	1.34871				2
2025.08.20	00:54:11.767	1.34878	1.34936			6
2025.08.20	00:54:12.078	1.34879	1.34937			6
2025.08.20	00:54:12.391	1.34864	1.34944			6
2025.08.20	00:54:12.697	1.34879	1.34937			6
2025.08.20	00:54:13.009	1.34866	1.34944			6
2025.08.20	00:54:13.943	1.34877	1.34936			6
2025.08.20	00:54:14.248	1.34868	1.34942			6
2025.08.20	00:54:14.555	1.34878	1.34939			6
2025.08.20	00:54:14.861	1.34877	1.34935			6
2025.08.20	00:54:16.408	1.34878	1.34936			6
2025.08.20	00:54:17.021	1.34879	1.34937			6
2025.08.20	00:54:18.570	1.34880	1.34938			6
2025.08.20	00:54:19.807	1.34873	1.34943			6
2025.08.20	00:54:20.111	1.34880	1.34938			6
2025.08.20	00:54:20.423	1.34879	1.34937			6
2025.08.20	00:54:21.350	1.34876	1.34934			6
2025.08.20	00:54:21.964	1.34877	1.34935			6
2025.08.20	00:54:22.885	1.34872	1.34942			6
2025.08.20	00:54:23.189	1.34878	1.34936			6
2025.08.20	00:54:26.901	1.34862	1.34941			6
2025.08.20	00:54:27.212	1.34863	1.34942			6
2025.08.20	00:54:27.520	1.34861				2
2025.08.20	00:54:28.143		1.34940			4
2025.08.20	00:54:28.444	1.34862				2
2025.08.20	00:54:28.752		1.34941			4
2025.08.20	00:54:29.981		1.34942			4
2025.08.20	00:54:30.908	1.34859	1.34940			6
2025.08.20	00:54:31.216	1.34869	1.34942			6
2025.08.20	00:54:33.064		1.34941			4
2025.08.20	00:54:33.366	1.34879	1.34937			6
2025.08.20	00:54:33.679	1.34871	1.34943			6
2025.08.20	00:54:33.984	1.34879	1.34937			6
2025.08.20	00:54:34.291	1.34877	1.34935			6
2025.08.20	00:54:36.451	1.34878	1.34936			6
2025.08.20	00:54:37.381	1.34866	1.34940			6
2025.08.20	00:54:37.685	1.34879	1.34937			6
2025.08.20	00:54:38.319	1.34877	1.34935			6
2025.08.20	00:54:38.934	1.34876	1.34934			6
2025.08.20	00:54:40.779	1.34877	1.34935			6
2025.08.20	00:54:41.086	1.34878	1.34936			6
2025.08.20	00:54:43.558	1.34877	1.34937			6
2025.08.20	00:54:46.048	1.34863	1.34943			6
2025.08.20	00:54:46.358	1.34875	1.34937			6
2025.08.20	00:54:46.663	1.34878	1.34936			6
2025.08.20	00:54:48.528	1.34877	1.34935			6
2025.08.20	00:54:48.833	1.34879	1.34937			6
2025.08.20	00:54:49.141	1.34872	1.34944			6
2025.08.20	00:54:50.377	1.34868				2
2025.08.20	00:54:50.692	1.34872				2
2025.08.20	00:54:50.997		1.34942			4
2025.08.20	00:54:51.303	1.34878	1.34936			6
2025.08.20	00:54:52.225	1.34879	1.34937			6
2025.08.20	00:54:52.844	1.34880	1.34938			6
2025.08.20	00:54:54.691	1.34873	1.34945			6
2025.08.20	00:54:54.996	1.34879	1.34937			6
2025.08.20	00:54:55.617	1.34869	1.34944			6
2025.08.20	00:54:55.920	1.34871	1.34942			6
2025.08.20	00:54:56.224	1.34878	1.34936			6
2025.08.20	00:54:56.538	1.34873	1.34942			6
2025.08.20	00:54:57.154	1.34878	1.34936			6
2025.08.20	00:54:57.774	1.34868	1.34944			6
2025.08.20	00:54:58.083	1.34878	1.34936			6
2025.08.20	00:55:00.239	1.34878				2
2025.08.20	00:55:01.164	1.34879	1.34937			6
2025.08.20	00:55:01.770	1.34871	1.34942			6
2025.08.20	00:55:02.071	1.34855	1.34944			6
2025.08.20	00:55:02.378	1.34847	1.34941			6
2025.08.20	00:55:02.982	1.34846				2
2025.08.20	00:55:03.295	1.34866	1.34942			6
2025.08.20	00:55:04.216	1.34878	1.34936			6
2025.08.20	00:55:04.520	1.34876	1.34934			6
2025.08.20	00:55:04.827	1.34870	1.34941			6
2025.08.20	00:55:05.131		1.34942			4
2025.08.20	00:55:05.765	1.34873				2
2025.08.20	00:55:06.073	1.34874				2
2025.08.20	00:55:06.380	1.34851	1.34941			6
2025.08.20	00:55:06.692	1.34876	1.34940			6
2025.08.20	00:55:06.999	1.34870	1.34941			6
2025.08.20	00:55:07.309	1.34878	1.34936			6
2025.08.20	00:55:08.237	1.34876	1.34941			6
2025.08.20	00:55:09.165	1.34853	1.34942			6
2025.08.20	00:55:09.783	1.34869				2
2025.08.20	00:55:10.089	1.34878	1.34939			6
2025.08.20	00:55:10.406	1.34866	1.34943			6
2025.08.20	00:55:10.713	1.34871				2
2025.08.20	00:55:11.016	1.34878	1.34936			6
2025.08.20	00:55:11.322	1.34870	1.34943			6
2025.08.20	00:55:11.640	1.34878	1.34936			6
2025.08.20	00:55:12.877	1.34871	1.34943			6
2025.08.20	00:55:13.497	1.34878	1.34936			6
2025.08.20	00:55:14.117	1.34851	1.34943			6
2025.08.20	00:55:14.426	1.34878	1.34936			6
2025.08.20	00:55:14.736	1.34869	1.34943			6
2025.08.20	00:55:15.045	1.34875	1.34933			6
2025.08.20	00:55:15.356	1.34877	1.34935			6
2025.08.20	00:55:15.964	1.34876	1.34934			6
2025.08.20	00:55:19.356	1.34865	1.34943			6
2025.08.20	00:55:19.658	1.34873	1.34935			6
2025.08.20	00:55:19.964	1.34867	1.34944			6
2025.08.20	00:55:20.270	1.34866	1.34943			6
2025.08.20	00:55:20.588	1.34869				2
2025.08.20	00:55:21.511	1.34865	1.34944			6
2025.08.20	00:55:21.817	1.34876	1.34934			6
2025.08.20	00:55:22.125	1.34877	1.34935			6
2025.08.20	00:55:23.975	1.34874	1.34940			6
2025.08.20	00:55:24.590	1.34853	1.34944			6
2025.08.20	00:55:24.897	1.34869	1.34927			6
2025.08.20	00:55:25.211	1.34870	1.34928			6
2025.08.20	00:55:25.515	1.34861	1.34937			6
2025.08.20	00:55:25.821	1.34870	1.34929			6
2025.08.20	00:55:26.132	1.34872	1.34930			6
2025.08.20	00:55:26.753	1.34874	1.34932			6
2025.08.20	00:55:28.296	1.34872	1.34942			6
2025.08.20	00:55:28.604		1.34944			4
2025.08.20	00:55:28.915	1.34871				2
2025.08.20	00:55:29.217	1.34872	1.34943			6
2025.08.20	00:55:29.836	1.34878	1.34936			6
2025.08.20	00:55:30.451	1.34847	1.34944			6
2025.08.20	00:55:30.758	1.34876	1.34939			6
2025.08.20	00:55:31.077	1.34878	1.34936			6
2025.08.20	00:55:32.307	1.34877	1.34935			6
2025.08.20	00:55:32.617	1.34879	1.34937			6
2025.08.20	00:55:33.841	1.34868	1.34946			6
2025.08.20	00:55:34.150	1.34872	1.34943			6
2025.08.20	00:55:35.384		1.34944			4
2025.08.20	00:55:36.933	1.34878	1.34936			6
2025.08.20	00:55:37.550	1.34843	1.34947			6
2025.08.20	00:55:37.862	1.34876	1.34934			6
2025.08.20	00:55:38.169	1.34877	1.34935			6
2025.08.20	00:55:39.097	1.34869	1.34946			6
2025.08.20	00:55:39.400	1.34871	1.34947			6
2025.08.20	00:55:39.713	1.34879	1.34937			6
2025.08.20	00:55:40.016	1.34877	1.34935			6
2025.08.20	00:55:41.248	1.34845	1.34946			6
2025.08.20	00:55:41.559	1.34875	1.34933			6
2025.08.20	00:55:42.786	1.34868	1.34946			6
2025.08.20	00:55:43.090	1.34867				2
2025.08.20	00:55:44.025	1.34870				2
2025.08.20	00:55:44.337	1.34880	1.34938			6
2025.08.20	00:55:46.495	1.34847	1.34946			6
2025.08.20	00:55:46.810	1.34871				2
2025.08.20	00:55:47.112		1.34945			4
2025.08.20	00:55:48.344	1.34845	1.34948			6
2025.08.20	00:55:49.883	1.34869	1.34949			6
2025.08.20	00:55:50.190	1.34878	1.34936			6
2025.08.20	00:55:50.814	1.34868	1.34947			6
2025.08.20	00:55:51.120	1.34867				2
2025.08.20	00:55:52.355	1.34866				2
2025.08.20	00:55:52.670	1.34870				2
2025.08.20	00:55:52.971	1.34868				2
2025.08.20	00:55:53.278	1.34879	1.34937			6
2025.08.20	00:55:53.896	1.34878	1.34936			6
2025.08.20	00:55:55.123	1.34867	1.34946			6
2025.08.20	00:55:55.436	1.34870	1.34945			6
2025.08.20	00:55:55.740	1.34877	1.34935			6
2025.08.20	00:55:56.362	1.34848	1.34944			6
2025.08.20	00:55:56.672	1.34872	1.34930			6
2025.08.20	00:55:56.973	1.34867	1.34940			6
2025.08.20	00:55:57.278	1.34871	1.34929			6
2025.08.20	00:55:58.510	1.34863	1.34943			6
2025.08.20	00:56:00.056	1.34871	1.34929			6
2025.08.20	00:56:00.666	1.34866	1.34936			6
2025.08.20	00:56:00.973	1.34874	1.34933			6
2025.08.20	00:56:02.517	1.34846	1.34948			6
2025.08.20	00:56:02.825	1.34868	1.34935			6
2025.08.20	00:56:03.133	1.34859	1.34948			6
2025.08.20	00:56:03.444	1.34861				2
2025.08.20	00:56:03.756	1.34864	1.34947			6
2025.08.20	00:56:04.986	1.34860	1.34944			6
2025.08.20	00:56:05.293	1.34875	1.34933			6
2025.08.20	00:56:05.905	1.34872	1.34930			6
2025.08.20	00:56:06.215	1.34874	1.34932			6
2025.08.20	00:56:06.830	1.34864	1.34944			6
2025.08.20	00:56:07.137	1.34879	1.34937			6
2025.08.20	00:56:07.443	1.34865	1.34944			6
2025.08.20	00:56:07.751	1.34867				2
2025.08.20	00:56:08.059	1.34878	1.34936			6
2025.08.20	00:56:08.981	1.34877	1.34935			6
2025.08.20	00:56:09.291	1.34878	1.34936			6
2025.08.20	00:56:09.596	1.34868	1.34944			6
2025.08.20	00:56:09.903	1.34840				2
2025.08.20	00:56:10.217	1.34842				2
2025.08.20	00:56:10.831	1.34876	1.34934			6
2025.08.20	00:56:11.455	1.34873	1.34931			6
2025.08.20	00:56:11.757	1.34871	1.34929			6
2025.08.20	00:56:12.068	1.34874	1.34932			6
2025.08.20	00:56:12.383	1.34867	1.34944			6
2025.08.20	00:56:13.297	1.34869	1.34940			6
2025.08.20	00:56:13.603	1.34877	1.34935			6
2025.08.20	00:56:18.545	1.34843	1.34945			6
2025.08.20	00:56:18.851	1.34860	1.34947			6
2025.08.20	00:56:19.155	1.34861				2
2025.08.20	00:56:19.463	1.34874	1.34938			6
2025.08.20	00:56:20.079	1.34855	1.34946			6
2025.08.20	00:56:20.386	1.34856				2
2025.08.20	00:56:21.004	1.34838	1.34945			6
2025.08.20	00:56:22.850	1.34837				2
2025.08.20	00:56:24.713		1.34946			4
2025.08.20	00:56:28.100	1.34843	1.34943			6
2025.08.20	00:56:28.405	1.34846	1.34946			6
2025.08.20	00:56:28.706	1.34858	1.34935			6
2025.08.20	00:56:29.013	1.34857	1.34947			6
2025.08.20	00:56:29.335	1.34858	1.34945			6
2025.08.20	00:56:29.636	1.34860				2
2025.08.20	00:56:29.938	1.34876	1.34934			6
2025.08.20	00:56:30.239	1.34866	1.34942			6
2025.08.20	00:56:31.175	1.34831	1.34945			6
2025.08.20	00:56:31.477	1.34829	1.34946			6
2025.08.20	00:56:33.623		1.34941			4
2025.08.20	00:56:34.241		1.34939			4
2025.08.20	00:56:34.857		1.34937			4
2025.08.20	00:56:35.164		1.34936			4
2025.08.20	00:56:35.472		1.34938			4
2025.08.20	00:56:35.783	1.34841	1.34936			6
2025.08.20	00:56:36.094	1.34842	1.34937			6
2025.08.20	00:56:36.397	1.34844	1.34935			6
2025.08.20	00:56:36.703	1.34849	1.34936			6
2025.08.20	00:56:37.323	1.34831	1.34939			6
2025.08.20	00:56:37.630		1.34936			4
2025.08.20	00:56:37.933	1.34830	1.34943			6
2025.08.20	00:56:38.241	1.34831	1.34946			6
2025.08.20	00:56:41.945	1.34830				2
2025.08.20	00:56:46.876	1.34829				2
2025.08.20	00:57:00.136	1.34829				2
2025.08.20	00:57:34.087	1.34834				2
2025.08.20	00:57:35.012		1.34947			4
2025.08.20	00:57:35.634	1.34835				2
2025.08.20	00:57:36.560	1.34833				2
2025.08.20	00:57:37.176	1.34832				2
2025.08.20	00:57:39.946	1.34838				2
2025.08.20	00:57:47.055	1.34829				2
2025.08.20	00:57:47.676	1.34835				2
2025.08.20	00:57:47.986	1.34836				2
2025.08.20	00:57:51.065	1.34835				2
2025.08.20	00:57:56.630	1.34836				2
2025.08.20	00:58:00.034	1.34836				2
2025.08.20	00:58:09.894		1.34944			4
2025.08.20	00:58:10.506	1.34829				2
2025.08.20	00:58:16.676		1.34943			4
2025.08.20	00:58:18.830		1.34944			4
2025.08.20	00:58:23.157		1.34939			4
2025.08.20	00:58:23.776		1.34940			4
2025.08.20	00:58:24.082		1.34944			4
2025.08.20	00:58:24.711	1.34831				2
2025.08.20	00:58:25.636	1.34829				2
2025.08.20	00:58:25.941	1.34831				2
2025.08.20	00:58:27.493	1.34830				2
2025.08.20	00:58:32.437	1.34833				2
2025.08.20	00:58:37.371	1.34829				2
2025.08.20	00:59:00.221	1.34829				2
2025.08.20	00:59:09.480	1.34837				2
2025.08.20	00:59:09.782	1.34838				2
2025.08.20	00:59:10.712	1.34852				2
2025.08.20	00:59:11.628	1.34845				2
2025.08.20	00:59:11.935	1.34852				2
2025.08.20	00:59:12.551	1.34829				2
2025.08.20	00:59:13.776	1.34847				2
2025.08.20	00:59:14.077	1.34846	1.34945			6
2025.08.20	00:59:14.379	1.34835				2
2025.08.20	00:59:14.688	1.34848	1.34944			6
2025.08.20	00:59:14.992	1.34849				2
2025.08.20	00:59:15.614	1.34852				2
2025.08.20	00:59:15.916	1.34834				2
2025.08.20	00:59:16.237	1.34829				2
2025.08.20	00:59:17.150	1.34836				2
2025.08.20	00:59:17.453	1.34837				2
2025.08.20	00:59:18.064	1.34832				2
2025.08.20	00:59:18.376	1.34836				2
2025.08.20	00:59:18.684	1.34837				2
2025.08.20	00:59:18.994	1.34850				2
2025.08.20	00:59:19.903	1.34837	1.34948			6
2025.08.20	00:59:21.136	1.34836				2
2025.08.20	00:59:22.372	1.34837				2
2025.08.20	00:59:22.991	1.34838				2
2025.08.20	00:59:25.781		1.34947			4
2025.08.20	00:59:27.025		1.34946			4
2025.08.20	00:59:28.259	1.34837				2
2025.08.20	00:59:32.266	1.34835				2
2025.08.20	00:59:33.192		1.34948			4
2025.08.20	00:59:43.049		1.34945			4
2025.08.20	00:59:45.209	1.34839				2
2025.08.20	00:59:45.819	1.34835				2
2025.08.20	00:59:46.441	1.34840				2
2025.08.20	00:59:49.520		1.34947			4
2025.08.20	00:59:49.836	1.34841	1.34945			6
2025.08.20	00:59:51.071	1.34838				2
2025.08.20	00:59:51.692	1.34835				2
2025.08.20	00:59:52.930	1.34837				2
2025.08.20	00:59:53.237	1.34835				2
2025.08.20	00:59:54.468	1.34839				2
2025.08.20	00:59:56.017	1.34835				2
2025.08.20	01:00:00.034	1.34848				2
2025.08.20	01:00:00.340	1.34838	1.34935			6
2025.08.20	01:00:00.663	1.34841	1.34944			6
2025.08.20	01:00:00.968	1.34842				2
2025.08.20	01:00:01.271	1.34843				2
2025.08.20	01:00:01.581	1.34846	1.34943			6
2025.08.20	01:00:01.890	1.34848	1.34936			6
2025.08.20	01:00:02.195	1.34845	1.34934			6
2025.08.20	01:00:02.499	1.34846	1.34930			6
2025.08.20	01:00:02.800	1.34847	1.34929			6
2025.08.20	01:00:03.107	1.34846				2
2025.08.20	01:00:03.411	1.34847	1.34934			6
2025.08.20	01:00:03.715	1.34849	1.34932			6
2025.08.20	01:00:04.018		1.34943			4
2025.08.20	01:00:04.319	1.34850				2
2025.08.20	01:00:05.256	1.34847				2
2025.08.20	01:00:05.869	1.34848				2
2025.08.20	01:00:07.095	1.34847				2
2025.08.20	01:00:07.410	1.34856	1.34928			6
2025.08.20	01:00:07.711		1.34930			4
2025.08.20	01:00:08.014		1.34928			4
2025.08.20	01:00:11.101		1.34929			4
2025.08.20	01:00:11.719	1.34857				2
2025.08.20	01:00:13.545	1.34856	1.34926			6
2025.08.20	01:00:13.850	1.34858	1.34928			6
2025.08.20	01:00:14.479	1.34860	1.34924			6
2025.08.20	01:00:15.708	1.34859				2
2025.08.20	01:00:16.324	1.34860	1.34922			6
2025.08.20	01:00:16.626	1.34857				2
2025.08.20	01:00:16.935	1.34856				2
2025.08.20	01:00:17.240		1.34919			4
2025.08.20	01:00:17.548		1.34922			4
2025.08.20	01:00:19.078		1.34921			4
2025.08.20	01:00:20.612		1.34919			4
2025.08.20	01:00:20.923	1.34858				2
2025.08.20	01:00:21.229	1.34860				2
2025.08.20	01:00:21.540	1.34861				2
2025.08.20	01:00:21.841	1.34863				2
2025.08.20	01:00:23.987	1.34867	1.34915			6
2025.08.20	01:00:24.294	1.34856	1.34927			6
2025.08.20	01:00:24.598	1.34861				2
2025.08.20	01:00:24.909	1.34860				2
2025.08.20	01:00:25.217	1.34859	1.34922			6
2025.08.20	01:00:25.520	1.34858	1.34921			6
2025.08.20	01:00:25.825	1.34856				2
2025.08.20	01:00:26.440		1.34914			4
2025.08.20	01:00:27.370		1.34919			4
2025.08.20	01:00:29.187	1.34858				2
2025.08.20	01:00:29.490	1.34857				2
2025.08.20	01:00:29.794	1.34858				2
2025.08.20	01:00:34.081		1.34918			4
2025.08.20	01:00:36.545	1.34860				2
2025.08.20	01:00:37.452	1.34858				2
2025.08.20	01:00:38.071	1.34862	1.34919			6
2025.08.20	01:00:38.381	1.34895	1.34904			6
2025.08.20	01:00:44.219	1.34898	1.34909			6
2025.08.20	01:00:46.661		1.34910			4
2025.08.20	01:00:48.196	1.34897				2
2025.08.20	01:00:52.785	1.34899				2
2025.08.20	01:00:53.708	1.34898				2
2025.08.20	01:00:54.318	1.34897	1.34905			6
2025.08.20	01:01:00.123	1.34899				2
2025.08.20	01:01:00.728	1.34902	1.34911			6
2025.08.20	01:01:01.642		1.34912			4
2025.08.20	01:01:03.178	1.34901				2
2025.08.20	01:01:03.481	1.34902	1.34911			6
2025.08.20	01:01:04.098		1.34912			4
2025.08.20	01:01:09.948		1.34913			4
2025.08.20	01:01:15.796	1.34907	1.34920			6
2025.08.20	01:01:16.103		1.34919			4
2025.08.20	01:01:23.479	1.34906	1.34918			6
2025.08.20	01:01:23.781	1.34905	1.34917			6
2025.08.20	01:01:24.087		1.34916			4
2025.08.20	01:01:26.832		1.34917			4
2025.08.20	01:01:28.042		1.34918			4
2025.08.20	01:01:28.347		1.34917			4
2025.08.20	01:01:32.306	1.34903	1.34915			6
2025.08.20	01:01:34.451	1.34902				2
2025.08.20	01:01:49.986	1.34891	1.34901			6
2025.08.20	01:01:50.292		1.34900			4
2025.08.20	01:01:51.821	1.34890				2
2025.08.20	01:01:53.352		1.34901			4
2025.08.20	01:01:59.781		1.34899			4
2025.08.20	01:02:00.088	1.34890				2
2025.08.20	01:02:00.391		1.34900			4
2025.08.20	01:02:06.515	1.34887	1.34898			6
2025.08.20	01:02:07.428	1.34890	1.34899			6
2025.08.20	01:02:07.733	1.34891	1.34901			6
2025.08.20	01:02:15.386	1.34889	1.34900			6
2025.08.20	01:02:18.127	1.34900	1.34901			6
2025.08.20	01:02:19.948	1.34901	1.34902			6
2025.08.20	01:02:20.554	1.34900	1.34901			6
2025.08.20	01:02:25.423	1.34901	1.34902			6
2025.08.20	01:02:27.868	1.34900	1.34901			6
2025.08.20	01:02:28.171	1.34889	1.34900			6
2025.08.20	01:02:28.778		1.34901			4
2025.08.20	01:02:30.003	1.34900				2
2025.08.20	01:02:30.310	1.34901	1.34902			6
2025.08.20	01:02:32.431	1.34902	1.34903			6
2025.08.20	01:02:41.317	1.34891	1.34901			6
2025.08.20	01:02:42.242	1.34898	1.34899			6
2025.08.20	01:02:44.374	1.34897	1.34898			6
2025.08.20	01:02:55.988	1.34898	1.34899			6
2025.08.20	01:03:00.293	1.34891	1.34894			6
2025.08.20	01:03:05.519	1.34896	1.34899			6
2025.08.20	01:03:05.821	1.34897	1.34900			6
2025.08.20	01:03:13.469	1.34898	1.34901			6
2025.08.20	01:03:14.388	1.34896	1.34899			6
2025.08.20	01:03:15.610	1.34897	1.34900			6
2025.08.20	01:03:16.217	1.34899				2
2025.08.20	01:03:16.519		1.34902			4
2025.08.20	01:03:16.823		1.34901			4
2025.08.20	01:03:17.731		1.34902			4
2025.08.20	01:03:19.268		1.34901			4
2025.08.20	01:03:19.572	1.34901	1.34902			6
2025.08.20	01:03:20.481		1.34903			4
2025.08.20	01:03:28.738		1.34904			4
2025.08.20	01:03:35.424	1.34902	1.34905			6
2025.08.20	01:03:37.879	1.34901	1.34904			6
2025.08.20	01:03:39.705	1.34902	1.34905			6
2025.08.20	01:03:40.620	1.34901	1.34904			6
2025.08.20	01:03:44.589	1.34902	1.34905			6
2025.08.20	01:03:46.425	1.34901	1.34904			6
2025.08.20	01:03:54.989	1.34900	1.34903			6
2025.08.20	01:03:55.295	1.34901	1.34904			6
2025.08.20	01:03:56.814	1.34900	1.34903			6
2025.08.20	01:03:58.039	1.34899	1.34902			6
2025.08.20	01:04:00.173	1.34899				2
2025.08.20	01:04:03.232	1.34900	1.34903			6
2025.08.20	01:04:17.873	1.34899	1.34902			6
2025.08.20	01:04:18.175	1.34900	1.34903			6
2025.08.20	01:04:21.831	1.34899	1.34902			6
2025.08.20	01:04:22.740	1.34900	1.34903			6
2025.08.20	01:04:25.178	1.34901	1.34904			6
2025.08.20	01:04:44.434	1.34900	1.34903			6
2025.08.20	01:04:44.738	1.34902	1.34905			6
2025.08.20	01:04:47.484	1.34903	1.34906			6
2025.08.20	01:04:48.698	1.34902	1.34905			6
2025.08.20	01:04:50.838	1.34901	1.34904			6
2025.08.20	01:04:51.144	1.34902	1.34905			6
2025.08.20	01:04:57.261	1.34903	1.34906			6
2025.08.20	01:04:59.400	1.34902	1.34905			6
2025.08.20	01:04:59.704	1.34903	1.34906			6
2025.08.20	01:05:00.007	1.34903				2
2025.08.20	01:05:00.312	1.34908	1.34909			6
2025.08.20	01:05:00.617	1.34909	1.34910			6
2025.08.20	01:05:10.733	1.34910	1.34911			6
2025.08.20	01:06:00.201	1.34910				2
2025.08.20	01:06:02.348		1.34912			4
2025.08.20	01:06:02.660		1.34911			4
2025.08.20	01:06:04.804		1.34912			4
2025.08.20	01:06:05.738		1.34911			4
2025.08.20	01:06:06.948		1.34912			4
2025.08.20	01:06:21.028		1.34913			4
2025.08.20	01:06:34.741	1.34911	1.34914			6
2025.08.20	01:07:00.212	1.34911				2
2025.08.20	01:07:09.824	1.34910	1.34913			6
2025.08.20	01:07:15.737	1.34911	1.34914			6
2025.08.20	01:07:24.424	1.34910	1.34913			6
2025.08.20	01:07:25.333	1.34911	1.34914			6
2025.08.20	01:07:46.131	1.34912	1.34915			6
2025.08.20	01:07:50.476	1.34911	1.34914			6
2025.08.20	01:07:54.826	1.34914	1.34916			6
2025.08.20	01:07:55.449	1.34915				2
2025.08.20	01:07:59.784	1.34925	1.34928			6
2025.08.20	01:08:00.085	1.34922	1.34925			6
2025.08.20	01:08:01.333	1.34924	1.34927			6
2025.08.20	01:08:01.636	1.34925	1.34928			6
2025.08.20	01:08:02.874	1.34924	1.34927			6
2025.08.20	01:08:05.357	1.34922	1.34925			6
2025.08.20	01:08:08.180	1.34925	1.34928			6
2025.08.20	01:08:09.113	1.34923	1.34926			6
2025.08.20	01:08:09.415	1.34925	1.34928			6
2025.08.20	01:08:10.356	1.34924	1.34927			6
2025.08.20	01:08:12.222	1.34925	1.34928			6
2025.08.20	01:08:14.729	1.34922	1.34925			6
2025.08.20	01:08:15.337	1.34924	1.34927			6
2025.08.20	01:08:25.238	1.34922	1.34925			6
2025.08.20	01:08:26.164	1.34924	1.34927			6
2025.08.20	01:08:31.144	1.34925	1.34928			6
2025.08.20	01:08:34.564	1.34923	1.34926			6
2025.08.20	01:08:34.869	1.34925	1.34928			6
2025.08.20	01:08:40.162	1.34922	1.34925			6
2025.08.20	01:08:40.484	1.34926	1.34929			6
2025.08.20	01:08:57.268	1.34925	1.34928			6
2025.08.20	01:08:57.590	1.34926	1.34929			6
2025.08.20	01:09:00.059	1.34926				2
2025.08.20	01:09:00.368	1.34927	1.34930			6
2025.08.20	01:09:01.303	1.34926	1.34929			6
2025.08.20	01:09:01.627	1.34925	1.34928			6
2025.08.20	01:09:02.878	1.34926	1.34929			6
2025.08.20	01:09:08.170	1.34927	1.34930			6
2025.08.20	01:09:12.210	1.34928	1.34931			6
2025.08.20	01:09:34.952	1.34927	1.34930			6
2025.08.20	01:09:39.310	1.34926	1.34929			6
2025.08.20	01:09:45.508	1.34928	1.34931			6
2025.08.20	01:09:47.064	1.34927	1.34930			6
2025.08.20	01:09:55.449	1.34928	1.34931			6
2025.08.20	01:10:00.105	1.34928				2
2025.08.20	01:10:05.997	1.34927	1.34930			6
2025.08.20	01:10:11.307	1.34928	1.34931			6
2025.08.20	01:10:16.903	1.34927	1.34930			6
2025.08.20	01:10:27.174	1.34928	1.34931			6
2025.08.20	01:10:31.530	1.34927	1.34930			6
2025.08.20	01:10:32.460	1.34928	1.34931			6
2025.08.20	01:10:43.336	1.34927	1.34930			6
2025.08.20	01:10:43.643	1.34928	1.34931			6
2025.08.20	01:11:00.027	1.34928				2
2025.08.20	01:11:02.175		1.34930			4
2025.08.20	01:11:02.787		1.34931			4
2025.08.20	01:11:03.087	1.34917	1.34918			6
2025.08.20	01:11:03.701		1.34920			4
2025.08.20	01:11:06.508	1.34918				2
2025.08.20	01:11:06.814		1.34921			4
2025.08.20	01:11:09.596	1.34919	1.34922			6
2025.08.20	01:11:09.898	1.34923	1.34924			6
2025.08.20	01:11:11.132	1.34922	1.34923			6
2025.08.20	01:11:24.399	1.34923	1.34924			6
2025.08.20	01:11:29.347	1.34920	1.34923			6
2025.08.20	01:11:35.209		1.34922			4
2025.08.20	01:11:36.152		1.34923			4
2025.08.20	01:11:41.106	1.34921				2
2025.08.20	01:11:41.420	1.34920				2
2025.08.20	01:11:41.726	1.34921				2
2025.08.20	01:11:43.258	1.34920				2
2025.08.20	01:11:46.985	1.34919	1.34922			6
2025.08.20	01:11:50.087		1.34921			4
2025.08.20	01:11:50.395	1.34918				2
2025.08.20	01:11:51.337	1.34919	1.34922			6
2025.08.20	01:11:52.875	1.34920	1.34923			6
2025.08.20	01:11:57.522	1.34919	1.34922			6
2025.08.20	01:12:00.003	1.34919				2
2025.08.20	01:12:00.311		1.34921			4
2025.08.20	01:12:04.646		1.34922			4
2025.08.20	01:12:04.958		1.34921			4
2025.08.20	01:12:07.737		1.34922			4
2025.08.20	01:12:11.115	1.34920	1.34923			6
2025.08.20	01:12:15.154	1.34919	1.34922			6
2025.08.20	01:12:15.464	1.34920	1.34923			6
2025.08.20	01:12:16.394		1.34922			4
2025.08.20	01:12:17.334		1.34923			4
2025.08.20	01:12:17.639		1.34922			4
2025.08.20	01:12:17.946	1.34919				2
2025.08.20	01:12:21.340	1.34920	1.34923			6
2025.08.20	01:12:21.962		1.34922			4
2025.08.20	01:12:30.328	1.34919				2
2025.08.20	01:12:40.803		1.34921			4
2025.08.20	01:12:41.429		1.34922			4
2025.08.20	01:12:47.304		1.34921			4
2025.08.20	01:12:47.608	1.34918				2
2025.08.20	01:12:55.369	1.34919	1.34922			6
2025.08.20	01:13:00.009	1.34919				2
2025.08.20	01:13:00.329		1.34921			4
2025.08.20	01:13:05.580		1.34922			4
2025.08.20	01:13:05.887	1.34920				2
2025.08.20	01:13:06.208	1.34919				2
2025.08.20	01:13:09.620	1.34920				2
2025.08.20	01:13:10.241	1.34919	1.34920			6
2025.08.20	01:13:10.547		1.34921			4
2025.08.20	01:13:10.862		1.34920			4
2025.08.20	01:13:11.482	1.34918				2
2025.08.20	01:13:15.819		1.34921			4
2025.08.20	01:13:16.449	1.34919				2
2025.08.20	01:13:18.593		1.34922			4
2025.08.20	01:13:20.757		1.34921			4
2025.08.20	01:13:25.066	1.34918				2
2025.08.20	01:13:25.371	1.34919				2
2025.08.20	01:13:31.246	1.34917	1.34920			6
2025.08.20	01:13:33.735	1.34918	1.34921			6
2025.08.20	01:13:39.639	1.34917	1.34920			6
2025.08.20	01:13:40.565	1.34922	1.34923			6
2025.08.20	01:13:40.877	1.34921				2
2025.08.20	01:13:41.818		1.34924			4
2025.08.20	01:13:47.388	1.34922	1.34923			6
2025.08.20	01:13:47.700	1.34921				2
2025.08.20	01:13:49.557	1.34922	1.34924			6
2025.08.20	01:13:49.875	1.34924	1.34925			6
2025.08.20	01:13:50.181	1.34921	1.34924			6
2025.08.20	01:13:51.429	1.34919	1.34922			6
2025.08.20	01:13:52.356	1.34918	1.34921			6
2025.08.20	01:13:53.290	1.34919	1.34922			6
2025.08.20	01:13:58.849	1.34924	1.34927			6
2025.08.20	01:14:00.098	1.34925	1.34928			6
2025.08.20	01:14:00.405	1.34924	1.34927			6
2025.08.20	01:14:03.816	1.34923	1.34926			6
2025.08.20	01:14:05.678	1.34924	1.34927			6
2025.08.20	01:14:05.997	1.34923	1.34926			6
2025.08.20	01:14:09.091	1.34924	1.34927			6
2025.08.20	01:14:10.331	1.34923	1.34926			6
2025.08.20	01:14:10.639	1.34924	1.34927			6
2025.08.20	01:14:10.947	1.34923	1.34926			6
2025.08.20	01:14:16.841	1.34924	1.34927			6
2025.08.20	01:14:18.686	1.34922	1.34924			6
2025.08.20	01:14:19.010	1.34923	1.34926			6
2025.08.20	01:14:23.344	1.34924	1.34927			6
2025.08.20	01:14:25.202	1.34923	1.34926			6
2025.08.20	01:14:26.134	1.34924	1.34927			6
2025.08.20	01:14:26.756	1.34925	1.34928			6
2025.08.20	01:14:27.673	1.34924	1.34927			6
2025.08.20	01:14:27.976	1.34925	1.34928			6
2025.08.20	01:14:31.363	1.34924	1.34927			6
2025.08.20	01:14:32.903	1.34925	1.34928			6
2025.08.20	01:14:33.212	1.34924	1.34927			6
2025.08.20	01:14:35.989	1.34925	1.34928			6
2025.08.20	01:14:59.761	1.34924	1.34927			6
2025.08.20	01:15:00.065	1.34925	1.34928			6
2025.08.20	01:15:04.096	1.34926	1.34929			6
2025.08.20	01:15:05.027	1.34925	1.34928			6
2025.08.20	01:15:14.639	1.34926	1.34929			6
2025.08.20	01:15:31.096	1.34927	1.34930			6
2025.08.20	01:15:32.951		1.34929			4
2025.08.20	01:15:33.260		1.34930			4
2025.08.20	01:15:35.765	1.34926	1.34929			6
2025.08.20	01:15:44.489	1.34927	1.34930			6
2025.08.20	01:15:52.878	1.34926	1.34929			6
2025.08.20	01:15:53.193	1.34927	1.34930			6
2025.08.20	01:15:56.283	1.34925	1.34928			6
2025.08.20	01:15:56.586	1.34927	1.34930			6
2025.08.20	01:16:00.304	1.34927				2
2025.08.20	01:16:15.144	1.34926	1.34929			6
2025.08.20	01:16:15.449	1.34927	1.34930			6
2025.08.20	01:16:22.239	1.34928	1.34931			6
2025.08.20	01:16:23.166	1.34927	1.34930			6
2025.08.20	01:16:23.791	1.34928	1.34931			6
2025.08.20	01:16:24.100	1.34927	1.34930			6
2025.08.20	01:16:26.583	1.34928	1.34931			6
2025.08.20	01:16:32.803	1.34927	1.34930			6
2025.08.20	01:16:33.733	1.34928	1.34931			6
2025.08.20	01:16:55.180	1.34927	1.34930			6
2025.08.20	01:16:56.111	1.34928	1.34931			6
2025.08.20	01:17:00.157	1.34928				2
2025.08.20	01:17:05.097	1.34927	1.34930			6
2025.08.20	01:17:06.338	1.34928	1.34931			6
2025.08.20	01:17:07.574	1.34927	1.34930			6
2025.08.20	01:17:08.814	1.34928	1.34931			6
2025.08.20	01:17:09.122	1.34927	1.34930			6
2025.08.20	01:17:13.162	1.34928	1.34931			6
2025.08.20	01:17:14.715	1.34927	1.34930			6
2025.08.20	01:17:19.067	1.34928	1.34931			6
2025.08.20	01:17:24.964	1.34927	1.34930			6
2025.08.20	01:17:25.264	1.34928	1.34931			6
2025.08.20	01:17:26.833	1.34927	1.34930			6
2025.08.20	01:17:29.626	1.34928	1.34931			6
2025.08.20	01:17:30.249	1.34927	1.34930			6
2025.08.20	01:17:35.201	1.34928				2
2025.08.20	01:17:37.989		1.34931			4
2025.08.20	01:17:38.297	1.34927	1.34930			6
2025.08.20	01:17:41.471	1.34928	1.34931			6
2025.08.20	01:17:43.646	1.34927	1.34930			6
2025.08.20	01:17:50.166	1.34928	1.34931			6
2025.08.20	01:17:50.783	1.34927	1.34930			6
2025.08.20	01:17:54.488	1.34928	1.34931			6
2025.08.20	01:17:54.796	1.34927	1.34930			6
2025.08.20	01:17:55.113	1.34928	1.34931			6
2025.08.20	01:17:55.420	1.34927	1.34930			6
2025.08.20	01:17:58.517	1.34926	1.34929			6
2025.08.20	01:18:00.071	1.34926				2
2025.08.20	01:18:00.389	1.34927				2
2025.08.20	01:18:01.323	1.34926				2
2025.08.20	01:18:01.626	1.34927				2
2025.08.20	01:18:01.944	1.34926				2
2025.08.20	01:18:12.217	1.34925	1.34927			6
2025.08.20	01:18:12.534		1.34926			4
2025.08.20	01:18:15.933	1.34924				2
2025.08.20	01:18:16.560	1.34925	1.34928			6
2025.08.20	01:18:17.805	1.34926				2
2025.08.20	01:18:19.043		1.34929			4
2025.08.20	01:18:19.360		1.34928			4
2025.08.20	01:18:19.667		1.34927			4
2025.08.20	01:18:20.597		1.34928			4
2025.08.20	01:18:22.437	1.34925				2
2025.08.20	01:18:22.741	1.34926				2
2025.08.20	01:18:23.975		1.34927			4
2025.08.20	01:18:24.288		1.34928			4
2025.08.20	01:18:27.684		1.34929			4
2025.08.20	01:18:33.853		1.34928			4
2025.08.20	01:18:37.258		1.34929			4
2025.08.20	01:18:37.565		1.34928			4
2025.08.20	01:18:38.800		1.34929			4
2025.08.20	01:18:39.105		1.34928			4
2025.08.20	01:18:41.909	1.34927				2
2025.08.20	01:18:42.212	1.34926				2
2025.08.20	01:18:43.448		1.34929			4
2025.08.20	01:18:44.380	1.34927	1.34930			6
2025.08.20	01:18:44.689	1.34926	1.34929			6
2025.08.20	01:18:49.967	1.34927				2
2025.08.20	01:18:52.440	1.34926				2
2025.08.20	01:18:55.225	1.34927	1.34928			6
2025.08.20	01:18:55.531		1.34930			4
2025.08.20	01:18:57.398	1.34926	1.34929			6
2025.08.20	01:19:00.191	1.34926				2
2025.08.20	01:19:02.370	1.34927				2
2025.08.20	01:19:03.928	1.34926				2
2025.08.20	01:19:06.408	1.34927	1.34930			6
2025.08.20	01:19:07.642		1.34929			4
2025.08.20	01:19:07.950		1.34930			4
2025.08.20	01:19:10.129		1.34929			4
2025.08.20	01:19:11.057		1.34930			4
2025.08.20	01:19:11.977		1.34929			4
2025.08.20	01:19:12.286		1.34930			4
2025.08.20	01:19:13.205	1.34926	1.34929			6
2025.08.20	01:19:14.757	1.34927				2
2025.08.20	01:19:15.068	1.34926				2
2025.08.20	01:19:16.308	1.34924	1.34927			6
2025.08.20	01:19:16.613	1.34927	1.34929			6
2025.08.20	01:19:17.544	1.34926				2
2025.08.20	01:19:18.476	1.34927	1.34930			6
2025.08.20	01:19:18.794	1.34926	1.34929			6
2025.08.20	01:19:19.720	1.34927	1.34930			6
2025.08.20	01:19:21.266	1.34926	1.34929			6
2025.08.20	01:19:21.582	1.34927	1.34930			6
2025.08.20	01:19:23.117	1.34928				2
2025.08.20	01:19:23.727	1.34927				2
2025.08.20	01:19:31.774	1.34926	1.34929			6
2025.08.20	01:19:32.393	1.34927	1.34930			6
2025.08.20	01:19:34.259	1.34926	1.34929			6
2025.08.20	01:19:43.503	1.34925	1.34928			6
2025.08.20	01:19:43.811	1.34926	1.34929			6
2025.08.20	01:19:51.520	1.34925	1.34928			6
2025.08.20	01:19:52.134	1.34926	1.34929			6
2025.08.20	01:19:52.449	1.34925	1.34928			6
2025.08.20	01:19:55.540	1.34926	1.34929			6
2025.08.20	01:20:00.190	1.34927	1.34930			6
2025.08.20	01:20:09.428	1.34926	1.34929			6
2025.08.20	01:20:10.350	1.34927				2
2025.08.20	01:20:10.656	1.34926				2
2025.08.20	01:20:10.962	1.34927				2
2025.08.20	01:20:11.268	1.34926				2
2025.08.20	01:20:12.200	1.34927				2
2025.08.20	01:20:12.824	1.34926				2
2025.08.20	01:20:13.751	1.34927				2
2025.08.20	01:20:22.416		1.34930			4
2025.08.20	01:20:22.720		1.34929			4
2025.08.20	01:20:23.649	1.34926				2
2025.08.20	01:20:27.042	1.34927				2
2025.08.20	01:20:36.348	1.34928				2
2025.08.20	01:20:38.519	1.34927				2
2025.08.20	01:20:39.141	1.34928				2
2025.08.20	01:20:44.419	1.34927				2
2025.08.20	01:20:53.722	1.34925	1.34928			6
2025.08.20	01:20:54.023	1.34927	1.34929			6
2025.08.20	01:20:57.431		1.34930			4
2025.08.20	01:21:00.217	1.34927				2
2025.08.20	01:21:00.523	1.34928	1.34931			6
2025.08.20	01:21:01.452	1.34927	1.34930			6
2025.08.20	01:21:02.384	1.34923	1.34926			6
2025.08.20	01:21:06.408	1.34927	1.34930			6
2025.08.20	01:21:06.720	1.34928	1.34931			6
2025.08.20	01:21:12.909	1.34923	1.34926			6
2025.08.20	01:21:13.221	1.34928	1.34931			6
2025.08.20	01:21:16.623	1.34923	1.34926			6
2025.08.20	01:21:17.550	1.34927	1.34930			6
2025.08.20	01:21:17.858	1.34923	1.34926			6
2025.08.20	01:21:18.170	1.34927	1.34930			6
2025.08.20	01:21:24.973	1.34923	1.34926			6
2025.08.20	01:21:26.205	1.34927	1.34930			6
2025.08.20	01:21:26.514	1.34923	1.34926			6
2025.08.20	01:21:28.385	1.34928	1.34930			6
2025.08.20	01:21:28.692	1.34923	1.34926			6
2025.08.20	01:21:31.492	1.34928	1.34930			6
2025.08.20	01:21:33.341	1.34923	1.34926			6
2025.08.20	01:21:35.202	1.34927	1.34930			6
2025.08.20	01:21:38.921	1.34923	1.34926			6
2025.08.20	01:21:39.230	1.34927	1.34930			6
2025.08.20	01:21:40.770	1.34923	1.34926			6
2025.08.20	01:21:41.077	1.34927	1.34930			6
2025.08.20	01:21:44.785	1.34923	1.34926			6
2025.08.20	01:21:46.644	1.34927	1.34930			6
2025.08.20	01:21:47.271	1.34926				2
2025.08.20	01:21:48.825	1.34927				2
2025.08.20	01:21:49.137	1.34923	1.34927			6
2025.08.20	01:21:49.448	1.34926	1.34930			6
2025.08.20	01:21:49.758	1.34923	1.34927			6
2025.08.20	01:21:59.996	1.34926	1.34930			6
2025.08.20	01:22:00.303	1.34926				2
2025.08.20	01:22:04.965	1.34927				2
2025.08.20	01:22:06.198	1.34926				2
2025.08.20	01:22:14.601	1.34927				2
2025.08.20	01:22:15.542	1.34926				2
2025.08.20	01:22:22.058	1.34927				2
2025.08.20	01:22:22.998	1.34926				2
2025.08.20	01:22:23.301	1.34927				2
2025.08.20	01:22:30.722	1.34928	1.34931			6
2025.08.20	01:22:31.036	1.34927	1.34930			6
2025.08.20	01:22:31.344	1.34928	1.34931			6
2025.08.20	01:22:31.652	1.34927	1.34930			6
2025.08.20	01:22:31.968	1.34928	1.34931			6
2025.08.20	01:22:32.896	1.34925	1.34928			6
2025.08.20	01:22:33.205	1.34928	1.34931			6
2025.08.20	01:22:34.129	1.34927				2
2025.08.20	01:22:38.152	1.34928				2
2025.08.20	01:22:38.459	1.34927	1.34930			6
2025.08.20	01:22:39.706	1.34928	1.34931			6
2025.08.20	01:22:42.288	1.34927	1.34930			6
2025.08.20	01:22:46.644	1.34926	1.34929			6
2025.08.20	01:22:46.948	1.34927	1.34930			6
2025.08.20	01:22:47.576	1.34926	1.34929			6
2025.08.20	01:22:50.985	1.34927	1.34930			6
2025.08.20	01:22:51.612	1.34925	1.34926			6
2025.08.20	01:22:55.034	1.34920	1.34921			6
2025.08.20	01:22:55.340	1.34919				2
2025.08.20	01:23:00.284	1.34919				2
2025.08.20	01:23:00.907	1.34918				2
2025.08.20	01:23:04.942	1.34919				2
2025.08.20	01:23:12.694	1.34920	1.34922			6
2025.08.20	01:23:54.709	1.34921				2
2025.08.20	01:23:55.017	1.34920				2
2025.08.20	01:24:00.306	1.34920				2
2025.08.20	01:24:00.613		1.34923			4
2025.08.20	01:24:01.544		1.34922			4
2025.08.20	01:24:04.027	1.34918	1.34921			6
2025.08.20	01:24:04.328	1.34920	1.34922			6
2025.08.20	01:24:15.180		1.34921			4
2025.08.20	01:24:15.492	1.34922	1.34923			6
2025.08.20	01:24:23.568	1.34921	1.34922			6
2025.08.20	01:24:23.872	1.34922	1.34923			6
2025.08.20	01:24:26.979	1.34921	1.34922			6
2025.08.20	01:24:28.228	1.34922	1.34923			6
2025.08.20	01:24:46.218	1.34921	1.34922			6
2025.08.20	01:24:46.533	1.34922	1.34923			6
2025.08.20	01:24:48.084	1.34921	1.34922			6
2025.08.20	01:24:48.387	1.34922	1.34923			6
2025.08.20	01:24:49.315	1.34921	1.34922			6
2025.08.20	01:24:49.628	1.34922	1.34923			6
2025.08.20	01:24:57.376	1.34921				2
2025.08.20	01:24:57.683	1.34922				2
2025.08.20	01:24:59.237	1.34921				2
2025.08.20	01:24:59.553	1.34922				2
2025.08.20	01:25:00.172	1.34922				2
2025.08.20	01:25:00.479	1.34921				2
2025.08.20	01:25:00.785	1.34922				2
2025.08.20	01:25:01.718	1.34921				2
2025.08.20	01:25:02.025	1.34922				2
2025.08.20	01:25:02.955		1.34924			4
2025.08.20	01:25:03.579		1.34923			4
2025.08.20	01:25:28.364	1.34923	1.34924			6
2025.08.20	01:25:33.648	1.34921	1.34923			6
2025.08.20	01:25:33.958	1.34923	1.34924			6
2025.08.20	01:25:43.244	1.34922	1.34923			6
2025.08.20	01:25:43.548	1.34923	1.34924			6
2025.08.20	01:25:45.101	1.34922	1.34923			6
2025.08.20	01:26:00.299	1.34922				2
2025.08.20	01:26:04.940	1.34921				2
2025.08.20	01:26:05.567	1.34922				2
2025.08.20	01:26:07.439	1.34920				2
2025.08.20	01:26:15.494	1.34921				2
2025.08.20	01:26:16.108	1.34920				2
2025.08.20	01:26:28.224		1.34922			4
2025.08.20	01:26:30.715	1.34921				2
2025.08.20	01:26:44.394	1.34920				2
2025.08.20	01:26:45.020	1.34921				2
2025.08.20	01:26:45.645	1.34920				2
2025.08.20	01:26:46.884	1.34921				2
2025.08.20	01:26:50.311	1.34920				2
2025.08.20	01:26:51.248	1.34921				2
2025.08.20	01:26:54.353	1.34920				2
2025.08.20	01:26:56.219	1.34921				2
2025.08.20	01:26:57.452	1.34920				2
2025.08.20	01:26:58.692	1.34921				2
2025.08.20	01:26:59.634	1.34920				2
2025.08.20	01:27:00.256	1.34921				2
2025.08.20	01:27:01.188	1.34920				2
2025.08.20	01:27:02.121	1.34921				2
2025.08.20	01:27:03.355	1.34920				2
2025.08.20	01:27:04.901	1.34921				2
2025.08.20	01:27:05.828	1.34920				2
2025.08.20	01:27:07.069	1.34921				2
2025.08.20	01:27:07.689	1.34920				2
2025.08.20	01:27:08.932	1.34921				2
2025.08.20	01:27:10.178	1.34922	1.34923			6
2025.08.20	01:27:10.494	1.34921	1.34922			6
2025.08.20	01:27:10.804	1.34922	1.34923			6
2025.08.20	01:27:11.112	1.34921	1.34922			6
2025.08.20	01:27:15.472	1.34922	1.34923			6
2025.08.20	01:27:17.036	1.34921	1.34922			6
2025.08.20	01:27:18.589	1.34922	1.34923			6
2025.08.20	01:27:19.524	1.34921	1.34922			6
2025.08.20	01:27:35.724	1.34917	1.34920			6
2025.08.20	01:27:36.029	1.34921	1.34922			6
2025.08.20	01:27:42.607	1.34917	1.34920			6
2025.08.20	01:27:45.089	1.34919	1.34922			6
2025.08.20	01:27:45.399	1.34917	1.34920			6
2025.08.20	01:27:52.553	1.34921	1.34922			6
2025.08.20	01:27:59.410	1.34917	1.34920			6
2025.08.20	01:27:59.716	1.34921	1.34922			6
2025.08.20	01:28:00.022	1.34921				2
2025.08.20	01:28:04.968	1.34917	1.34920			6
2025.08.20	01:28:06.202	1.34918	1.34921			6
2025.08.20	01:28:09.326	1.34917	1.34920			6
2025.08.20	01:28:17.098	1.34918	1.34921			6
2025.08.20	01:28:52.443	1.34921	1.34922			6
2025.08.20	01:28:53.980	1.34918	1.34921			6
2025.08.20	01:29:00.229	1.34918				2
2025.08.20	01:29:04.275	1.34920				2
2025.08.20	01:29:04.591	1.34917	1.34920			6
2025.08.20	01:29:05.523	1.34918	1.34921			6
2025.08.20	01:29:06.151	1.34917	1.34920			6
2025.08.20	01:29:07.083	1.34918				2
2025.08.20	01:29:07.385	1.34917				2
2025.08.20	01:29:08.001	1.34918	1.34921			6
2025.08.20	01:29:14.775	1.34917	1.34920			6
2025.08.20	01:29:15.988	1.34918				2
2025.08.20	01:29:16.613		1.34921			4
2025.08.20	01:29:17.258	1.34917	1.34920			6
2025.08.20	01:29:22.790	1.34918	1.34921			6
2025.08.20	01:29:33.384	1.34920	1.34922			6
2025.08.20	01:29:34.314	1.34921				2
2025.08.20	01:29:36.820	1.34918	1.34921			6
2025.08.20	01:29:37.123	1.34921	1.34922			6
2025.08.20	01:29:39.925	1.34918	1.34921			6
2025.08.20	01:29:40.235	1.34921	1.34922			6
2025.08.20	01:29:43.035	1.34918	1.34921			6
2025.08.20	01:29:43.344	1.34921	1.34922			6
2025.08.20	01:29:46.754	1.34918	1.34921			6
2025.08.20	01:29:55.442	1.34921	1.34922			6
2025.08.20	01:29:56.708	1.34918	1.34921			6
2025.08.20	01:29:57.635	1.34921	1.34922			6
2025.08.20	01:29:57.946	1.34918	1.34921			6
2025.08.20	01:29:58.884	1.34921	1.34922			6
2025.08.20	01:29:59.192	1.34918	1.34921			6
2025.08.20	01:29:59.500	1.34921	1.34922			6
2025.08.20	01:30:00.118	1.34921				2
2025.08.20	01:30:01.984	1.34918	1.34921			6
2025.08.20	01:30:09.418	1.34920	1.34922			6
2025.08.20	01:30:10.344	1.34921				2
2025.08.20	01:30:10.644	1.34918	1.34921			6
2025.08.20	01:30:10.962	1.34921	1.34922			6
2025.08.20	01:30:11.880	1.34920				2
2025.08.20	01:30:13.412	1.34918	1.34921			6
2025.08.20	01:30:13.721	1.34921	1.34922			6
2025.08.20	01:30:15.571	1.34920				2
2025.08.20	01:30:16.500	1.34921				2
2025.08.20	01:30:17.414	1.34920				2
2025.08.20	01:30:18.348	1.34921				2
2025.08.20	01:30:19.280	1.34920				2
2025.08.20	01:30:20.527	1.34918	1.34921			6
2025.08.20	01:30:20.832	1.34921	1.34922			6
2025.08.20	01:30:25.756	1.34920	1.34921			6
2025.08.20	01:30:32.257	1.34921	1.34922			6
2025.08.20	01:30:34.727	1.34918	1.34921			6
2025.08.20	01:30:35.040	1.34921	1.34922			6
2025.08.20	01:30:35.347	1.34918	1.34921			6
2025.08.20	01:30:41.887	1.34912	1.34914			6
2025.08.20	01:30:42.193	1.34909	1.34912			6
2025.08.20	01:30:43.126	1.34908	1.34913			6
2025.08.20	01:30:43.435		1.34914			4
2025.08.20	01:30:44.376	1.34909	1.34915			6
2025.08.20	01:30:46.224	1.34910				2
2025.08.20	01:30:58.357	1.34909	1.34914			6
2025.08.20	01:30:59.285	1.34910	1.34915			6
2025.08.20	01:31:00.211	1.34910				2
2025.08.20	01:31:04.836		1.34914			4
2025.08.20	01:31:05.140	1.34908	1.34912			6
2025.08.20	01:31:05.464	1.34910	1.34914			6
2025.08.20	01:31:07.320	1.34908	1.34912			6
2025.08.20	01:31:11.355		1.34911			4
2025.08.20	01:31:11.662		1.34912			4
2025.08.20	01:31:15.704	1.34910	1.34914			6
2025.08.20	01:31:28.136	1.34912				2
2025.08.20	01:31:29.377	1.34911				2
2025.08.20	01:31:36.523	1.34907	1.34912			6
2025.08.20	01:31:38.689	1.34908	1.34913			6
2025.08.20	01:31:38.997	1.34907	1.34912			6
2025.08.20	01:31:40.248	1.34910	1.34913			6
2025.08.20	01:31:41.183	1.34909				2
2025.08.20	01:31:41.497	1.34906	1.34912			6
2025.08.20	01:31:45.190	1.34907				2
2025.08.20	01:31:45.495	1.34908	1.34913			6
2025.08.20	01:31:46.125		1.34914			4
2025.08.20	01:31:46.430	1.34910				2
2025.08.20	01:31:47.355		1.34913			4
2025.08.20	01:31:47.670		1.34914			4
2025.08.20	01:31:49.522	1.34915	1.34917			6
2025.08.20	01:31:49.826	1.34911				2
2025.08.20	01:31:50.146	1.34912				2
2025.08.20	01:31:50.464	1.34911				2
2025.08.20	01:31:51.701	1.34912				2
2025.08.20	01:31:53.570		1.34916			4
2025.08.20	01:31:55.742	1.34907	1.34913			6
2025.08.20	01:31:56.357	1.34908	1.34914			6
2025.08.20	01:31:57.293		1.34913			4
2025.08.20	01:31:57.622	1.34909	1.34914			6
2025.08.20	01:31:58.545	1.34910				2
2025.08.20	01:31:59.471	1.34909	1.34913			6
2025.08.20	01:31:59.773		1.34914			4
2025.08.20	01:32:00.075	1.34909				2
2025.08.20	01:32:00.688	1.34907	1.34913			6
2025.08.20	01:32:00.994	1.34911	1.34914			6
2025.08.20	01:32:01.617	1.34910				2
2025.08.20	01:32:03.787	1.34909				2
2025.08.20	01:32:04.097	1.34908				2
2025.08.20	01:32:04.409	1.34909				2
2025.08.20	01:32:05.027		1.34915			4
2025.08.20	01:32:07.188		1.34914			4
2025.08.20	01:32:11.208	1.34910				2
2025.08.20	01:32:11.821	1.34909				2
2025.08.20	01:32:12.137	1.34910				2
2025.08.20	01:32:15.555	1.34909				2
2025.08.20	01:32:17.411	1.34910				2
2025.08.20	01:32:19.575	1.34911				2
2025.08.20	01:32:23.285	1.34908	1.34913			6
2025.08.20	01:32:25.772	1.34909	1.34914			6
2025.08.20	01:32:26.396		1.34913			4
2025.08.20	01:32:29.804	1.34910	1.34914			6
2025.08.20	01:32:30.114	1.34911				2
2025.08.20	01:32:33.530	1.34910				2
2025.08.20	01:32:36.316	1.34911				2
2025.08.20	01:32:44.335	1.34909				2
2025.08.20	01:32:45.250	1.34908				2
2025.08.20	01:32:48.327	1.34909				2
2025.08.20	01:32:52.341	1.34911				2
2025.08.20	01:32:55.423	1.34910				2
2025.08.20	01:32:56.037	1.34911				2
2025.08.20	01:32:56.345	1.34910				2
2025.08.20	01:32:57.270	1.34911				2
2025.08.20	01:33:00.048	1.34911				2
2025.08.20	01:33:01.588	1.34910				2
2025.08.20	01:33:04.996	1.34911				2
2025.08.20	01:33:06.862	1.34909				2
2025.08.20	01:33:10.274	1.34911				2
2025.08.20	01:33:15.241	1.34909				2
2025.08.20	01:33:22.646	1.34910				2
2025.08.20	01:33:22.962	1.34909				2
2025.08.20	01:33:23.575		1.34913			4
2025.08.20	01:33:23.884	1.34908				2
2025.08.20	01:33:24.199	1.34906	1.34910			6
2025.08.20	01:33:25.128		1.34911			4
2025.08.20	01:33:27.921	1.34909	1.34913			6
2025.08.20	01:33:29.175	1.34908				2
2025.08.20	01:33:31.024	1.34909				2
2025.08.20	01:33:56.403	1.34910				2
2025.08.20	01:33:57.623	1.34909				2
2025.08.20	01:34:00.063	1.34909				2
2025.08.20	01:34:20.052		1.34912			4
2025.08.20	01:34:20.358		1.34913			4
2025.08.20	01:34:36.157	1.34910				2
2025.08.20	01:34:41.684	1.34909	1.34912			6
2025.08.20	01:34:42.596	1.34910	1.34913			6
2025.08.20	01:34:44.432	1.34909	1.34912			6
2025.08.20	01:34:45.943	1.34910	1.34913			6
2025.08.20	01:34:47.780	1.34909	1.34912			6
2025.08.20	01:34:51.438	1.34910	1.34913			6
2025.08.20	01:34:51.746	1.34909	1.34912			6
2025.08.20	01:34:55.123	1.34910	1.34913			6
2025.08.20	01:34:55.429	1.34909	1.34912			6
2025.08.20	01:34:56.647	1.34910	1.34913			6
2025.08.20	01:34:56.958	1.34909	1.34912			6
2025.08.20	01:35:00.013	1.34909				2
2025.08.20	01:35:03.070	1.34910	1.34913			6
2025.08.20	01:35:03.375	1.34909	1.34912			6
2025.08.20	01:35:04.299	1.34910	1.34913			6
2025.08.20	01:35:04.604	1.34909	1.34912			6
2025.08.20	01:35:05.212	1.34910	1.34913			6
2025.08.20	01:35:05.515	1.34909	1.34912			6
2025.08.20	01:35:06.442	1.34908	1.34911			6
2025.08.20	01:35:06.747	1.34902	1.34905			6
2025.08.20	01:35:07.051		1.34904			4
2025.08.20	01:35:07.354	1.34901				2
2025.08.20	01:35:10.138		1.34905			4
2025.08.20	01:35:10.440		1.34904			4
2025.08.20	01:35:13.236	1.34900	1.34903			6
2025.08.20	01:35:13.539	1.34898	1.34902			6
2025.08.20	01:35:14.766	1.34897				2
2025.08.20	01:35:16.320		1.34901			4
2025.08.20	01:35:18.170	1.34899	1.34903			6
2025.08.20	01:35:18.478	1.34898	1.34902			6
2025.08.20	01:35:19.408	1.34897	1.34901			6
2025.08.20	01:35:33.575	1.34899	1.34903			6
2025.08.20	01:35:34.202	1.34898	1.34902			6
2025.08.20	01:35:34.503	1.34899				2
2025.08.20	01:35:36.663		1.34903			4
2025.08.20	01:35:42.232	1.34900	1.34904			6
2025.08.20	01:35:43.156	1.34899	1.34903			6
2025.08.20	01:35:44.714	1.34903	1.34907			6
2025.08.20	01:35:45.016	1.34904	1.34908			6
2025.08.20	01:35:46.861	1.34903	1.34907			6
2025.08.20	01:35:47.804	1.34904	1.34908			6
2025.08.20	01:35:54.594	1.34901	1.34905			6
2025.08.20	01:35:54.901	1.34904	1.34908			6
2025.08.20	01:36:00.173	1.34904				2
2025.08.20	01:36:00.797	1.34903	1.34907			6
2025.08.20	01:36:03.269	1.34902	1.34906			6
2025.08.20	01:36:03.572	1.34903	1.34907			6
2025.08.20	01:36:05.432	1.34902	1.34906			6
2025.08.20	01:36:06.363	1.34903	1.34907			6
2025.08.20	01:36:19.712	1.34902	1.34906			6
2025.08.20	01:36:20.647	1.34903	1.34907			6
2025.08.20	01:36:24.375		1.34906			4
2025.08.20	01:36:36.891	1.34902	1.34905			6
2025.08.20	01:36:37.191	1.34903	1.34906			6
2025.08.20	01:36:39.332	1.34905	1.34908			6
2025.08.20	01:36:40.262	1.34904	1.34907			6
2025.08.20	01:36:41.174	1.34905	1.34908			6
2025.08.20	01:36:48.885	1.34904	1.34907			6
2025.08.20	01:36:49.201	1.34905	1.34908			6
2025.08.20	01:36:50.126	1.34904	1.34907			6
2025.08.20	01:36:55.732	1.34905	1.34908			6
2025.08.20	01:36:56.350	1.34904	1.34907			6
2025.08.20	01:36:57.277	1.34905	1.34908			6
2025.08.20	01:36:57.590	1.34904	1.34907			6
2025.08.20	01:37:00.075	1.34904				2
2025.08.20	01:37:15.004	1.34903	1.34906			6
2025.08.20	01:37:15.318	1.34904	1.34907			6
2025.08.20	01:37:17.811	1.34903	1.34906			6
2025.08.20	01:37:18.123	1.34904	1.34907			6
2025.08.20	01:37:20.610	1.34903	1.34906			6
2025.08.20	01:37:20.928	1.34904	1.34907			6
2025.08.20	01:37:21.235	1.34903	1.34906			6
2025.08.20	01:37:24.344	1.34904	1.34907			6
2025.08.20	01:37:26.824	1.34903	1.34906			6
2025.08.20	01:37:27.129	1.34904	1.34907			6
2025.08.20	01:37:28.683	1.34903	1.34906			6
2025.08.20	01:37:28.991	1.34905	1.34908			6
2025.08.20	01:37:29.301	1.34903	1.34906			6
2025.08.20	01:37:32.080	1.34904	1.34907			6
2025.08.20	01:37:33.634	1.34903	1.34906			6
2025.08.20	01:37:41.081	1.34902	1.34905			6
2025.08.20	01:37:41.705	1.34903	1.34906			6
2025.08.20	01:37:49.438	1.34902	1.34905			6
2025.08.20	01:37:49.752	1.34903	1.34906			6
2025.08.20	01:37:51.897	1.34902	1.34905			6
2025.08.20	01:37:54.986	1.34903	1.34906			6
2025.08.20	01:37:56.521	1.34902	1.34905			6
2025.08.20	01:38:00.216	1.34903	1.34906			6
2025.08.20	01:38:01.462	1.34902	1.34905			6
2025.08.20	01:38:04.541	1.34903	1.34906			6
2025.08.20	01:38:05.781	1.34902	1.34905			6
2025.08.20	01:38:06.089	1.34903	1.34906			6
2025.08.20	01:38:06.393	1.34902	1.34905			6
2025.08.20	01:38:11.625	1.34903	1.34906			6
2025.08.20	01:38:13.470	1.34897	1.34900			6
2025.08.20	01:38:15.647	1.34896	1.34899			6
2025.08.20	01:38:42.788	1.34897				2
2025.08.20	01:38:43.710	1.34896				2
2025.08.20	01:38:44.019	1.34897				2
2025.08.20	01:38:45.894	1.34896				2
2025.08.20	01:38:46.196	1.34897				2
2025.08.20	01:38:46.805	1.34896				2
2025.08.20	01:38:47.116	1.34897				2
2025.08.20	01:38:48.035	1.34896				2
2025.08.20	01:38:48.336	1.34897				2
2025.08.20	01:38:48.952	1.34896				2
2025.08.20	01:38:49.265	1.34897				2
2025.08.20	01:38:52.056	1.34896				2
2025.08.20	01:38:52.362	1.34897				2
2025.08.20	01:38:55.129		1.34900			4
2025.08.20	01:38:55.445		1.34899			4
2025.08.20	01:38:57.290	1.34896				2
2025.08.20	01:39:00.075	1.34896				2
2025.08.20	01:39:01.304	1.34895	1.34898			6
2025.08.20	01:39:03.457		1.34896			4
2025.08.20	01:39:03.769		1.34898			4
2025.08.20	01:39:08.684	1.34896	1.34899			6
2025.08.20	01:39:32.436	1.34899	1.34902			6
2025.08.20	01:39:32.738	1.34898	1.34901			6
2025.08.20	01:39:40.802	1.34897	1.34900			6
2025.08.20	01:39:41.742	1.34895	1.34898			6
2025.08.20	01:39:43.910	1.34896	1.34899			6
2025.08.20	01:39:48.555	1.34895	1.34898			6
2025.08.20	01:39:48.867	1.34896	1.34899			6
2025.08.20	01:39:49.803	1.34895	1.34898			6
2025.08.20	01:39:50.108	1.34896	1.34899			6
2025.08.20	01:39:50.414	1.34899	1.34902			6
2025.08.20	01:39:51.667	1.34900	1.34903			6
2025.08.20	01:39:52.595	1.34901	1.34904			6
2025.08.20	01:39:58.789	1.34900	1.34903			6
2025.08.20	01:39:59.096	1.34897	1.34900			6
2025.08.20	01:40:00.024	1.34897				2
2025.08.20	01:40:00.334	1.34895	1.34898			6
2025.08.20	01:40:08.376	1.34898	1.34901			6
2025.08.20	01:40:10.215	1.34897	1.34900			6
2025.08.20	01:40:11.141	1.34896	1.34899			6
2025.08.20	01:40:19.485	1.34899	1.34902			6
2025.08.20	01:40:20.413	1.34900	1.34903			6
2025.08.20	01:40:21.662	1.34901	1.34904			6
2025.08.20	01:40:21.970	1.34900	1.34903			6
2025.08.20	01:40:22.900	1.34899	1.34902			6
2025.08.20	01:40:44.278	1.34902	1.34904			6
2025.08.20	01:40:44.590	1.34899	1.34902			6
2025.08.20	01:40:47.377	1.34902	1.34904			6
2025.08.20	01:40:47.684	1.34899	1.34902			6
2025.08.20	01:40:50.791	1.34900	1.34903			6
2025.08.20	01:40:52.020	1.34903	1.34906			6
2025.08.20	01:40:58.533	1.34902	1.34905			6
2025.08.20	01:41:00.084	1.34902				2
2025.08.20	01:41:17.506	1.34908	1.34911			6
2025.08.20	01:42:00.082	1.34908				2
2025.08.20	01:42:04.735	1.34901	1.34904			6
2025.08.20	01:42:05.042	1.34900	1.34903			6
2025.08.20	01:42:26.471	1.34898	1.34901			6
