<DATE>	<TIME>	<BID>	<ASK>	<LAST>	<VOLUME>	<FLAGS>
2025.05.01	00:03:30.681	1.33236	1.33332			6
2025.05.01	00:04:12.214	1.33236				2
2025.05.01	00:04:25.658		1.33333			4
2025.05.01	00:05:01.358	1.33237				2
2025.05.01	00:05:03.618	1.33252				2
2025.05.01	00:05:03.921	1.33253				2
2025.05.01	00:05:11.827	1.33252				2
2025.05.01	00:05:18.539	1.33269				2
2025.05.01	00:05:21.293	1.33267				2
2025.05.01	00:05:25.884		1.33333			4
2025.05.01	00:05:30.448	1.33266				2
2025.05.01	00:06:00.176	1.33266				2
2025.05.01	00:06:02.024	1.33265				2
2025.05.01	00:06:23.589	1.33263				2
2025.05.01	00:06:29.423		1.33333			4
2025.05.01	00:06:41.356	1.33264				2
2025.05.01	00:06:43.308		1.33332			4
2025.05.01	00:06:44.303		1.33333			4
2025.05.01	00:06:58.477	1.33270	1.33334			6
2025.05.01	00:07:00.327	1.33270				2
2025.05.01	00:07:03.819	1.33273				2
2025.05.01	00:07:07.635	1.33284	1.33336			6
2025.05.01	00:07:09.917	1.33289	1.33361			6
2025.05.01	00:07:11.357	1.33290				2
2025.05.01	00:07:18.072	1.33285	1.33353			6
2025.05.01	00:07:49.930	1.33293				2
2025.05.01	00:08:00.357	1.33293				2
2025.05.01	00:08:02.363	1.33285	1.33352			6
2025.05.01	00:08:31.723	1.33284				2
2025.05.01	00:08:48.284	1.33283	1.33351			6
2025.05.01	00:09:01.357	1.33283				2
2025.05.01	00:09:12.372	1.33293	1.33353			6
2025.05.01	00:09:18.070		1.33354			4
2025.05.01	00:09:18.448	1.33284	1.33351			6
2025.05.01	00:09:22.352	1.33256	1.33343			6
2025.05.01	00:09:22.653	1.33254				2
2025.05.01	00:09:26.348		1.33324			4
2025.05.01	00:09:26.659	1.33246				2
2025.05.01	00:09:41.748	1.33247				2
2025.05.01	00:09:43.903	1.33246				2
2025.05.01	00:10:00.240	1.33246				2
2025.05.01	00:10:02.086	1.33247				2
2025.05.01	00:10:12.883		1.33337			4
2025.05.01	00:10:53.874		1.33326			4
2025.05.01	00:10:55.418		1.33324			4
2025.05.01	00:10:59.731		1.33337			4
2025.05.01	00:11:00.040	1.33247				2
2025.05.01	00:11:00.657		1.33324			4
2025.05.01	00:11:06.527		1.33337			4
2025.05.01	00:11:07.460		1.33324			4
2025.05.01	00:11:13.309		1.33337			4
2025.05.01	00:11:14.240		1.33324			4
2025.05.01	00:11:20.098		1.33337			4
2025.05.01	00:11:21.020		1.33324			4
2025.05.01	00:11:26.750		1.33337			4
2025.05.01	00:11:27.674		1.33324			4
2025.05.01	00:12:00.039	1.33247				2
2025.05.01	00:12:07.741	1.33246				2
2025.05.01	00:12:08.360	1.33247				2
2025.05.01	00:12:27.152		1.33319			4
2025.05.01	00:12:27.463	1.33160				2
2025.05.01	00:12:36.104	1.33161				2
2025.05.01	00:12:41.962	1.33160				2
2025.05.01	00:12:51.223	1.33193				2
2025.05.01	00:13:00.314	1.33193				2
2025.05.01	00:13:29.680		1.33319			4
2025.05.01	00:13:33.285		1.33299			4
2025.05.01	00:13:37.250	1.33233	1.33308			6
2025.05.01	00:13:44.318		1.33338			4
2025.05.01	00:13:45.854		1.33337			4
2025.05.01	00:13:52.318		1.33338			4
2025.05.01	00:14:00.031	1.33233				2
2025.05.01	00:14:12.660		1.33337			4
2025.05.01	00:14:18.212		1.33328			4
2025.05.01	00:14:44.130	1.33236				2
2025.05.01	00:15:00.138	1.33236				2
2025.05.01	00:15:18.298		1.33328			4
2025.05.01	00:16:00.238	1.33236				2
2025.05.01	00:16:08.252		1.33325			4
2025.05.01	00:17:00.046	1.33236				2
2025.05.01	00:17:08.368		1.33325			4
2025.05.01	00:17:58.918	1.33233	1.33312			6
2025.05.01	00:18:00.366	1.33233				2
2025.05.01	00:18:10.877		1.33307			4
2025.05.01	00:19:00.884	1.33233				2
2025.05.01	00:19:02.980		1.33302			4
2025.05.01	00:19:28.116	1.33235				2
2025.05.01	00:19:30.871	1.33240	1.33311			6
2025.05.01	00:19:31.361	1.33241				2
2025.05.01	00:19:31.751		1.33332			4
2025.05.01	00:19:37.178	1.33252	1.33343			6
2025.05.01	00:19:37.482		1.33341			4
2025.05.01	00:19:41.803		1.33342			4
2025.05.01	00:19:50.141		1.33341			4
2025.05.01	00:20:00.302	1.33252				2
2025.05.01	00:20:00.916		1.33343			4
2025.05.01	00:20:09.541		1.33342			4
2025.05.01	00:20:16.941		1.33341			4
2025.05.01	00:20:18.473		1.33342			4
2025.05.01	00:20:20.014	1.33271	1.33346			6
2025.05.01	00:20:38.863		1.33350			4
2025.05.01	00:20:43.537	1.33280	1.33351			6
2025.05.01	00:20:45.134	1.33270	1.33347			6
2025.05.01	00:20:51.082	1.33264	1.33341			6
2025.05.01	00:20:56.332	1.33242	1.33328			6
2025.05.01	00:21:00.036	1.33242				2
2025.05.01	00:21:06.499	1.33243				2
2025.05.01	00:21:23.746	1.33244				2
2025.05.01	00:21:51.473	1.33246				2
2025.05.01	00:21:56.398	1.33245	1.33328			6
2025.05.01	00:22:00.087	1.33245				2
2025.05.01	00:22:27.474	1.33243	1.33329			6
2025.05.01	00:22:29.319		1.33320			4
2025.05.01	00:22:42.870		1.33316			4
2025.05.01	00:23:00.132	1.33243				2
2025.05.01	00:23:10.606	1.33244				2
2025.05.01	00:23:24.485	1.33243				2
2025.05.01	00:23:32.488		1.33315			4
2025.05.01	00:23:43.273		1.33333			4
2025.05.01	00:23:45.740		1.33315			4
2025.05.01	00:24:00.212	1.33243				2
2025.05.01	00:24:01.142	1.33239				2
2025.05.01	00:24:01.451	1.33241				2
2025.05.01	00:24:11.295	1.33244				2
2025.05.01	00:24:42.116	1.33243				2
2025.05.01	00:24:45.820		1.33315			4
2025.05.01	00:24:56.295	1.33245				2
2025.05.01	00:25:00.002	1.33245				2
2025.05.01	00:25:02.153		1.33307			4
2025.05.01	00:25:02.461	1.33233				2
2025.05.01	00:25:03.298		1.33308			4
2025.05.01	00:25:05.154	1.33236	1.33310			6
2025.05.01	00:25:13.362		1.33309			4
2025.05.01	00:25:17.714	1.33240	1.33326			6
2025.05.01	00:25:36.830	1.33252				2
2025.05.01	00:25:47.018	1.33251				2
2025.05.01	00:26:00.265	1.33251				2
2025.05.01	00:26:17.835		1.33326			4
2025.05.01	00:26:19.998	1.33252				2
2025.05.01	00:26:20.917	1.33250				2
2025.05.01	00:26:21.843	1.33251				2
2025.05.01	00:26:34.786	1.33252				2
2025.05.01	00:26:42.480	1.33253				2
2025.05.01	00:26:52.368	1.33252				2
2025.05.01	00:27:00.071	1.33252				2
2025.05.01	00:27:07.782	1.33251				2
2025.05.01	00:27:17.962		1.33326			4
2025.05.01	00:28:00.227	1.33251				2
2025.05.01	00:28:18.131		1.33326			4
2025.05.01	00:28:40.907	1.33252				2
2025.05.01	00:29:00.217	1.33252				2
2025.05.01	00:29:18.297		1.33326			4
2025.05.01	00:30:00.227	1.33252	1.33328			6
2025.05.01	00:30:05.156	1.33253				2
2025.05.01	00:30:16.873	1.33252				2
2025.05.01	00:30:40.920	1.33250				2
2025.05.01	00:30:47.720	1.33252				2
2025.05.01	00:30:58.213	1.33251				2
2025.05.01	00:31:00.073	1.33251				2
2025.05.01	00:31:00.375		1.33328			4
2025.05.01	00:31:44.404	1.33250				2
2025.05.01	00:31:48.091	1.33251				2
2025.05.01	00:31:54.536	1.33250				2
2025.05.01	00:31:57.617	1.33251				2
2025.05.01	00:32:00.085	1.33251				2
2025.05.01	00:32:00.391		1.33328			4
2025.05.01	00:32:17.620	1.33247				2
2025.05.01	00:32:20.081	1.33248				2
2025.05.01	00:32:20.390	1.33249				2
2025.05.01	00:32:22.547	1.33250				2
2025.05.01	00:32:31.483	1.33251				2
2025.05.01	00:33:00.190	1.33251				2
2025.05.01	00:33:00.495		1.33328			4
2025.05.01	00:33:01.111	1.33249				2
2025.05.01	00:33:05.738	1.33250				2
2025.05.01	00:33:25.184		1.33340			4
2025.05.01	00:33:27.655		1.33328			4
2025.05.01	00:34:00.012	1.33250				2
2025.05.01	00:34:27.749		1.33328			4
2025.05.01	00:34:29.288	1.33251				2
2025.05.01	00:34:37.006	1.33252				2
2025.05.01	00:34:39.168	1.33253				2
2025.05.01	00:34:43.186	1.33254				2
2025.05.01	00:34:50.585	1.33255				2
2025.05.01	00:34:58.909	1.33254				2
2025.05.01	00:35:00.146	1.33254				2
2025.05.01	00:35:08.783	1.33255				2
2025.05.01	00:35:27.894		1.33328			4
2025.05.01	00:36:00.015	1.33255				2
2025.05.01	00:36:01.254	1.33254				2
2025.05.01	00:36:08.656	1.33255				2
2025.05.01	00:36:14.834	1.33256				2
2025.05.01	00:36:28.098		1.33328			4
2025.05.01	00:36:32.423	1.33255				2
2025.05.01	00:36:32.728	1.33256				2
2025.05.01	00:36:43.830	1.33249				2
2025.05.01	00:36:45.058	1.33250				2
2025.05.01	00:36:45.366	1.33249				2
2025.05.01	00:36:45.678	1.33250				2
2025.05.01	00:37:00.185	1.33250				2
2025.05.01	00:37:00.495	1.33251				2
2025.05.01	00:37:04.192	1.33250				2
2025.05.01	00:37:04.501	1.33251				2
2025.05.01	00:37:11.291	1.33250				2
2025.05.01	00:37:23.613	1.33246				2
2025.05.01	00:37:23.923	1.33247				2
2025.05.01	00:37:28.240		1.33328			4
2025.05.01	00:37:32.565	1.33246				2
2025.05.01	00:37:35.343	1.33242				2
2025.05.01	00:37:50.179	1.33247				2
2025.05.01	00:37:52.033	1.33246				2
2025.05.01	00:37:53.576	1.33245				2
2025.05.01	00:37:53.887	1.33246				2
2025.05.01	00:37:58.817	1.33247				2
2025.05.01	00:38:00.053	1.33247				2
2025.05.01	00:38:02.515	1.33246				2
2025.05.01	00:38:06.228	1.33247				2
2025.05.01	00:38:14.239	1.33246				2
2025.05.01	00:38:16.090	1.33247				2
2025.05.01	00:38:24.107	1.33246				2
2025.05.01	00:38:28.412		1.33328			4
2025.05.01	00:38:28.722	1.33247				2
2025.05.01	00:38:29.030	1.33248				2
2025.05.01	00:38:43.808	1.33247				2
2025.05.01	00:38:44.117	1.33248				2
2025.05.01	00:38:51.201	1.33247				2
2025.05.01	00:39:00.150	1.33247				2
2025.05.01	00:39:03.224	1.33248				2
2025.05.01	00:39:03.538	1.33249				2
2025.05.01	00:39:06.616	1.33248				2
2025.05.01	00:39:28.498		1.33328			4
2025.05.01	00:39:30.046	1.33249				2
2025.05.01	00:39:49.152	1.33250				2
2025.05.01	00:40:00.265	1.33250				2
2025.05.01	00:40:01.501	1.33249				2
2025.05.01	00:40:05.194	1.33250				2
2025.05.01	00:40:05.502	1.33257				2
2025.05.01	00:40:11.350	1.33256				2
2025.05.01	00:40:15.042	1.33255				2
2025.05.01	00:40:22.112	1.33256				2
2025.05.01	00:40:28.565		1.33328			4
2025.05.01	00:40:28.873	1.33255				2
2025.05.01	00:40:48.315	1.33256				2
2025.05.01	00:41:00.032	1.33256				2
2025.05.01	00:41:22.217	1.33255				2
2025.05.01	00:41:28.679	1.33256	1.33328			6
2025.05.01	00:42:00.234	1.33256				2
2025.05.01	00:42:00.850	1.33261	1.33322			6
2025.05.01	00:42:01.158	1.33259				2
2025.05.01	00:42:02.077	1.33258				2
2025.05.01	00:42:03.923	1.33257	1.33318			6
2025.05.01	00:42:07.619	1.33256				2
2025.05.01	00:42:21.474	1.33257				2
2025.05.01	00:42:50.444	1.33256				2
2025.05.01	00:43:00.291	1.33257				2
2025.05.01	00:43:03.996		1.33318			4
2025.05.01	00:43:38.775	1.33255				2
2025.05.01	00:43:49.868	1.33256				2
2025.05.01	00:44:00.053	1.33256				2
2025.05.01	00:44:00.364	1.33257				2
2025.05.01	00:44:04.065		1.33318			4
2025.05.01	00:44:28.776	1.33256				2
2025.05.01	00:44:33.090	1.33254				2
2025.05.01	00:44:38.640	1.33256				2
2025.05.01	00:44:38.953	1.33255				2
2025.05.01	00:44:45.119	1.33256				2
2025.05.01	00:45:00.237	1.33252				2
2025.05.01	00:45:02.094		1.33342			4
2025.05.01	00:45:04.553		1.33318			4
2025.05.01	00:45:08.669	1.33268	1.33302			6
2025.05.01	00:45:18.806	1.33267				2
2025.05.01	00:45:19.115	1.33268				2
2025.05.01	00:45:29.904	1.33269				2
2025.05.01	00:45:46.838	1.33266	1.33298			6
2025.05.01	00:45:47.154	1.33260				2
2025.05.01	00:45:48.075	1.33262				2
2025.05.01	00:45:49.003	1.33261				2
2025.05.01	00:45:50.851		1.33300			4
2025.05.01	00:45:51.164	1.33265				2
2025.05.01	00:45:52.390	1.33266				2
2025.05.01	00:45:57.643	1.33262				2
2025.05.01	00:46:00.112	1.33262				2
2025.05.01	00:46:03.825	1.33260				2
2025.05.01	00:46:09.685	1.33256	1.33280			6
2025.05.01	00:46:09.989	1.33255				2
2025.05.01	00:46:10.296	1.33256				2
2025.05.01	00:46:12.443	1.33257				2
2025.05.01	00:46:12.749	1.33259				2
2025.05.01	00:46:13.361	1.33258				2
2025.05.01	00:46:13.671	1.33260				2
2025.05.01	00:46:14.286	1.33257				2
2025.05.01	00:46:14.595	1.33259				2
2025.05.01	00:46:15.831	1.33246	1.33265			6
2025.05.01	00:46:16.146	1.33245				2
2025.05.01	00:46:17.072	1.33236	1.33276			6
2025.05.01	00:46:18.305	1.33235				2
2025.05.01	00:46:23.551	1.33236				2
2025.05.01	00:46:24.782	1.33237				2
2025.05.01	00:46:25.093	1.33236				2
2025.05.01	00:46:27.259	1.33235				2
2025.05.01	00:46:29.108	1.33247	1.33293			6
2025.05.01	00:46:30.961	1.33259	1.33314			6
2025.05.01	00:46:31.266	1.33258				2
2025.05.01	00:46:32.816	1.33260				2
2025.05.01	00:46:37.754	1.33264				2
2025.05.01	00:46:38.056	1.33267				2
2025.05.01	00:46:43.620	1.33268				2
2025.05.01	00:46:45.162	1.33267				2
2025.05.01	00:46:50.107	1.33266				2
2025.05.01	00:46:55.363	1.33267				2
2025.05.01	00:46:56.902	1.33268				2
2025.05.01	00:46:57.516	1.33265				2
2025.05.01	00:47:00.293	1.33265				2
2025.05.01	00:47:01.837	1.33264				2
2025.05.01	00:47:02.150		1.33322			4
2025.05.01	00:47:04.615		1.33314			4
2025.05.01	00:47:06.469	1.33265				2
2025.05.01	00:47:07.393		1.33307			4
2025.05.01	00:47:09.238		1.33299			4
2025.05.01	00:47:09.541		1.33308			4
2025.05.01	00:47:09.857	1.33266				2
2025.05.01	00:47:11.090	1.33267				2
2025.05.01	00:47:14.496	1.33268				2
2025.05.01	00:47:18.198	1.33269				2
2025.05.01	00:47:20.043	1.33271	1.33314			6
2025.05.01	00:47:37.014	1.33272				2
2025.05.01	00:47:39.174	1.33274				2
2025.05.01	00:47:39.478	1.33275				2
2025.05.01	00:47:40.403		1.33311			4
2025.05.01	00:47:41.328	1.33276				2
2025.05.01	00:47:46.573		1.33314			4
2025.05.01	00:47:46.878	1.33269	1.33311			6
2025.05.01	00:48:00.153	1.33269				2
2025.05.01	00:48:11.268	1.33270	1.33310			6
2025.05.01	00:48:15.576	1.33272	1.33312			6
2025.05.01	00:48:17.416		1.33313			4
2025.05.01	00:48:25.438	1.33270	1.33308			6
2025.05.01	00:48:29.451	1.33265	1.33310			6
2025.05.01	00:48:30.990	1.33262	1.33314			6
2025.05.01	00:48:31.301	1.33260				2
2025.05.01	00:48:32.537	1.33259				2
2025.05.01	00:48:42.113	1.33258				2
2025.05.01	00:48:47.973	1.33259				2
2025.05.01	00:49:00.008	1.33259				2
2025.05.01	00:49:00.934	1.33252	1.33312			6
2025.05.01	00:49:05.873	1.33251	1.33309			6
2025.05.01	00:49:10.805	1.33253	1.33313			6
2025.05.01	00:49:12.345	1.33252	1.33310			6
2025.05.01	00:49:12.656	1.33253	1.33311			6
2025.05.01	00:49:22.535	1.33252	1.33310			6
2025.05.01	00:49:23.767	1.33254	1.33312			6
2025.05.01	00:49:24.074	1.33253	1.33311			6
2025.05.01	00:49:28.091	1.33252	1.33310			6
2025.05.01	00:49:34.250	1.33254	1.33312			6
2025.05.01	00:49:38.865	1.33252	1.33310			6
2025.05.01	00:49:39.787	1.33254	1.33313			6
2025.05.01	00:49:44.092		1.33312			4
2025.05.01	00:49:49.330	1.33255	1.33313			6
2025.05.01	00:49:51.483	1.33254				2
2025.05.01	00:50:00.109	1.33254				2
2025.05.01	00:50:04.115	1.33255				2
2025.05.01	00:50:05.655	1.33256	1.33314			6
2025.05.01	00:50:08.736	1.33253	1.33311			6
2025.05.01	00:50:09.053	1.33255	1.33313			6
2025.05.01	00:50:21.384	1.33254	1.33312			6
2025.05.01	00:50:31.248	1.33256	1.33314			6
2025.05.01	00:50:32.798	1.33255	1.33313			6
2025.05.01	00:50:33.720	1.33256	1.33314			6
2025.05.01	00:50:34.031	1.33255	1.33313			6
2025.05.01	00:50:41.139	1.33256	1.33314			6
2025.05.01	00:50:50.684	1.33255				2
2025.05.01	00:50:50.996	1.33254	1.33312			6
2025.05.01	00:50:52.235	1.33255	1.33313			6
2025.05.01	00:50:54.085	1.33254	1.33314			6
2025.05.01	00:50:56.243	1.33249				2
2025.05.01	00:50:58.714	1.33254				2
2025.05.01	00:51:00.257	1.33254				2
2025.05.01	00:51:03.956	1.33255	1.33313			6
2025.05.01	00:51:08.588	1.33256	1.33314			6
2025.05.01	00:51:11.673	1.33255	1.33313			6
2025.05.01	00:51:14.146		1.33314			4
2025.05.01	00:51:24.019	1.33258				2
2025.05.01	00:51:24.947	1.33257				2
2025.05.01	00:51:28.653	1.33254	1.33312			6
2025.05.01	00:51:28.956	1.33253	1.33311			6
2025.05.01	00:51:36.678	1.33257	1.33314			6
2025.05.01	00:51:42.228	1.33255	1.33313			6
2025.05.01	00:51:52.395	1.33256	1.33314			6
2025.05.01	00:51:52.698	1.33254	1.33312			6
2025.05.01	00:51:54.247		1.33313			4
2025.05.01	00:52:00.117	1.33254				2
2025.05.01	00:52:04.121		1.33312			4
2025.05.01	00:52:22.646	1.33257	1.33314			6
2025.05.01	00:52:23.559	1.33258				2
2025.05.01	00:52:28.791	1.33252	1.33312			6
2025.05.01	00:52:32.495	1.33254				2
2025.05.01	00:52:42.032	1.33256	1.33314			6
2025.05.01	00:52:44.188	1.33255				2
2025.05.01	00:52:52.498	1.33258				2
2025.05.01	00:52:57.740	1.33257				2
2025.05.01	00:53:00.200	1.33257				2
2025.05.01	00:53:02.355	1.33255	1.33313			6
2025.05.01	00:53:02.968	1.33256	1.33314			6
2025.05.01	00:53:03.589	1.33254	1.33312			6
2025.05.01	00:53:08.826	1.33255	1.33313			6
2025.05.01	00:53:31.308	1.33258	1.33314			6
2025.05.01	00:53:58.437	1.33257				2
2025.05.01	00:54:00.291	1.33257				2
2025.05.01	00:54:08.614	1.33256				2
2025.05.01	00:54:08.925	1.33257				2
2025.05.01	00:54:11.083	1.33258				2
2025.05.01	00:54:12.015	1.33259				2
2025.05.01	00:54:12.626	1.33257				2
2025.05.01	00:54:12.937	1.33256				2
2025.05.01	00:54:23.428	1.33258				2
2025.05.01	00:54:24.045	1.33257				2
2025.05.01	00:54:30.826	1.33258				2
2025.05.01	00:54:31.136	1.33256				2
2025.05.01	00:54:31.438		1.33314			4
2025.05.01	00:54:32.361	1.33259				2
2025.05.01	00:54:41.605	1.33258				2
2025.05.01	00:54:43.453	1.33259				2
2025.05.01	00:54:43.766	1.33258				2
2025.05.01	00:54:52.078	1.33257				2
2025.05.01	00:54:54.240	1.33259				2
2025.05.01	00:54:59.485	1.33256				2
2025.05.01	00:55:00.096	1.33256				2
2025.05.01	00:55:00.407	1.33255	1.33313			6
2025.05.01	00:55:04.101		1.33314			4
2025.05.01	00:55:05.019	1.33257				2
2025.05.01	00:55:12.690	1.33254				2
2025.05.01	00:55:17.598	1.33255				2
2025.05.01	00:55:18.517	1.33253				2
2025.05.01	00:55:18.826	1.33255				2
2025.05.01	00:55:19.438	1.33252				2
2025.05.01	00:55:19.743	1.33253				2
2025.05.01	00:55:20.662	1.33256				2
2025.05.01	00:55:23.419	1.33260				2
2025.05.01	00:55:36.666	1.33251				2
2025.05.01	00:55:37.594	1.33250				2
2025.05.01	00:55:57.304		1.33316			4
2025.05.01	00:55:59.154	1.33251				2
2025.05.01	00:56:00.072	1.33251				2
2025.05.01	00:56:09.931	1.33253				2
2025.05.01	00:56:19.780	1.33252				2
2025.05.01	00:56:27.168	1.33253				2
2025.05.01	00:56:29.935	1.33247				2
2025.05.01	00:56:30.554	1.33250				2
2025.05.01	00:56:36.709	1.33249				2
2025.05.01	00:56:37.634	1.33250				2
2025.05.01	00:56:39.787	1.33256				2
2025.05.01	00:56:42.239	1.33253				2
2025.05.01	00:56:42.547	1.33256				2
2025.05.01	00:56:44.089	1.33255				2
2025.05.01	00:56:48.703	1.33248				2
2025.05.01	00:56:49.004	1.33250				2
2025.05.01	00:56:54.240	1.33251				2
2025.05.01	00:56:56.698	1.33250				2
2025.05.01	00:56:57.321		1.33316			4
2025.05.01	00:57:00.081	1.33250				2
2025.05.01	00:57:01.317	1.33253				2
2025.05.01	00:57:13.621	1.33254				2
2025.05.01	00:57:16.083	1.33253				2
2025.05.01	00:57:18.862	1.33249				2
2025.05.01	00:57:19.168	1.33252				2
2025.05.01	00:57:22.242	1.33251				2
2025.05.01	00:57:23.163	1.33249	1.33313			6
2025.05.01	00:57:23.473	1.33245				2
2025.05.01	00:57:23.779	1.33237	1.33310			6
2025.05.01	00:57:24.085	1.33231	1.33313			6
2025.05.01	00:57:24.395	1.33232	1.33315			6
2025.05.01	00:57:24.702	1.33233	1.33316			6
2025.05.01	00:57:27.786	1.33234	1.33315			6
2025.05.01	00:57:29.018	1.33235				2
2025.05.01	00:57:32.087	1.33236				2
2025.05.01	00:57:36.370		1.33316			4
2025.05.01	00:57:36.677	1.33239				2
2025.05.01	00:57:38.831	1.33241				2
2025.05.01	00:57:39.139	1.33242				2
2025.05.01	00:57:43.451	1.33238	1.33314			6
2025.05.01	00:57:43.753	1.33237				2
2025.05.01	00:57:44.069	1.33236				2
2025.05.01	00:57:46.837		1.33316			4
2025.05.01	00:57:47.146	1.33241				2
2025.05.01	00:57:48.982	1.33239	1.33315			6
2025.05.01	00:57:51.137	1.33241	1.33314			6
2025.05.01	00:57:54.532	1.33239				2
2025.05.01	00:57:54.837	1.33244				2
2025.05.01	00:57:56.681	1.33241	1.33315			6
2025.05.01	00:57:59.757	1.33240				2
2025.05.01	00:58:00.066	1.33240				2
2025.05.01	00:58:02.842	1.33237				2
2025.05.01	00:58:04.389	1.33239				2
2025.05.01	00:58:04.700	1.33243				2
2025.05.01	00:58:09.012	1.33240				2
2025.05.01	00:58:11.793	1.33238				2
2025.05.01	00:58:12.110	1.33242				2
2025.05.01	00:58:18.268	1.33241				2
2025.05.01	00:58:28.764	1.33233				2
2025.05.01	00:58:29.075	1.33238				2
2025.05.01	00:58:38.633	1.33239				2
2025.05.01	00:58:40.785	1.33237				2
2025.05.01	00:58:46.958	1.33238				2
2025.05.01	00:58:47.882	1.33239				2
2025.05.01	00:58:48.823	1.33238				2
2025.05.01	00:58:49.437	1.33237				2
2025.05.01	00:58:49.739	1.33238				2
2025.05.01	00:58:54.657	1.33233				2
2025.05.01	00:58:54.959	1.33232				2
2025.05.01	00:58:56.502	1.33225				2
2025.05.01	00:58:56.808	1.33227	1.33315			6
2025.05.01	00:58:57.419	1.33224				2
2025.05.01	00:58:57.740	1.33228				2
2025.05.01	00:58:58.973	1.33237				2
2025.05.01	00:59:00.200	1.33237				2
2025.05.01	00:59:03.291	1.33233				2
2025.05.01	00:59:03.597	1.33237				2
2025.05.01	00:59:04.516	1.33241				2
2025.05.01	00:59:04.827	1.33236				2
2025.05.01	00:59:05.130	1.33237				2
2025.05.01	00:59:06.364	1.33239				2
2025.05.01	00:59:06.985	1.33238				2
2025.05.01	00:59:09.134	1.33234				2
2025.05.01	00:59:09.443	1.33235				2
2025.05.01	00:59:10.054	1.33238				2
2025.05.01	00:59:10.365	1.33239				2
2025.05.01	00:59:13.438	1.33220				2
2025.05.01	00:59:13.738	1.33234				2
2025.05.01	00:59:16.517	1.33236				2
2025.05.01	00:59:16.821	1.33231				2
2025.05.01	00:59:20.825	1.33236				2
2025.05.01	00:59:21.136	1.33231				2
2025.05.01	00:59:21.441	1.33238				2
2025.05.01	00:59:21.750	1.33230				2
2025.05.01	00:59:22.060	1.33235				2
2025.05.01	00:59:22.368	1.33227				2
2025.05.01	00:59:24.216	1.33226				2
2025.05.01	00:59:25.446	1.33241				2
2025.05.01	00:59:28.536	1.33236				2
2025.05.01	00:59:28.837	1.33240				2
2025.05.01	00:59:29.453	1.33228				2
2025.05.01	00:59:29.765	1.33235				2
2025.05.01	00:59:30.379	1.33231				2
2025.05.01	00:59:30.684	1.33232				2
2025.05.01	00:59:30.993	1.33235				2
2025.05.01	00:59:31.301	1.33240				2
2025.05.01	00:59:31.914	1.33234				2
2025.05.01	00:59:32.836	1.33233				2
2025.05.01	00:59:33.145	1.33236				2
2025.05.01	00:59:34.384	1.33233				2
2025.05.01	00:59:35.309	1.33220				2
2025.05.01	00:59:35.617	1.33221				2
2025.05.01	00:59:35.924	1.33218				2
2025.05.01	00:59:36.231	1.33233				2
2025.05.01	00:59:36.539	1.33238				2
2025.05.01	00:59:37.773	1.33234				2
2025.05.01	00:59:38.083	1.33232				2
2025.05.01	00:59:38.701	1.33230				2
2025.05.01	00:59:39.008	1.33232				2
2025.05.01	00:59:39.614	1.33223				2
2025.05.01	00:59:39.931	1.33225				2
2025.05.01	00:59:44.242	1.33232				2
2025.05.01	00:59:44.855	1.33235				2
2025.05.01	00:59:45.160	1.33237				2
2025.05.01	00:59:47.634	1.33233				2
2025.05.01	00:59:47.939	1.33235				2
2025.05.01	00:59:48.244	1.33223				2
2025.05.01	00:59:48.868	1.33221				2
2025.05.01	00:59:49.172	1.33229				2
2025.05.01	00:59:51.020	1.33235				2
2025.05.01	00:59:51.633	1.33230				2
2025.05.01	00:59:51.944	1.33228				2
2025.05.01	00:59:52.253	1.33227				2
2025.05.01	00:59:52.560	1.33230				2
2025.05.01	00:59:52.870	1.33235				2
2025.05.01	00:59:53.485	1.33233				2
2025.05.01	00:59:53.793	1.33228				2
2025.05.01	00:59:54.096	1.33235				2
2025.05.01	00:59:54.409	1.33225				2
2025.05.01	00:59:54.717	1.33231				2
2025.05.01	00:59:55.022	1.33237				2
2025.05.01	00:59:56.866		1.33315			4
2025.05.01	00:59:57.790	1.33234				2
2025.05.01	00:59:58.097	1.33237				2
2025.05.01	00:59:59.023	1.33233				2
2025.05.01	00:59:59.331	1.33235				2
2025.05.01	00:59:59.949	1.33234				2
2025.05.01	01:00:00.253	1.33226	1.33319			6
2025.05.01	01:00:00.594	1.33231				2
2025.05.01	01:00:00.897	1.33232				2
2025.05.01	01:00:01.205	1.33228				2
2025.05.01	01:00:01.512	1.33230	1.33313			6
2025.05.01	01:00:01.819	1.33228				2
2025.05.01	01:00:02.133	1.33218				2
2025.05.01	01:00:02.447	1.33224	1.33322			6
2025.05.01	01:00:02.759	1.33232				2
2025.05.01	01:00:03.682	1.33228				2
2025.05.01	01:00:04.298	1.33219				2
2025.05.01	01:00:04.616	1.33229				2
2025.05.01	01:00:04.923	1.33242	1.33301			6
2025.05.01	01:00:06.153	1.33245				2
2025.05.01	01:00:07.380	1.33244	1.33300			6
2025.05.01	01:00:08.308	1.33242	1.33298			6
2025.05.01	01:00:08.620	1.33233	1.33307			6
2025.05.01	01:00:09.233	1.33232				2
2025.05.01	01:00:09.851	1.33242	1.33301			6
2025.05.01	01:00:10.159	1.33241	1.33302			6
2025.05.01	01:00:10.467	1.33239	1.33311			6
2025.05.01	01:00:10.772	1.33237	1.33313			6
2025.05.01	01:00:11.074		1.33314			4
2025.05.01	01:00:11.377		1.33315			4
2025.05.01	01:00:12.311	1.33245	1.33293			6
2025.05.01	01:00:12.921	1.33244	1.33295			6
2025.05.01	01:00:13.228	1.33242				2
2025.05.01	01:00:13.540	1.33243				2
2025.05.01	01:00:13.846	1.33244	1.33297			6
2025.05.01	01:00:14.149	1.33245	1.33293			6
2025.05.01	01:00:14.457		1.33296			4
2025.05.01	01:00:14.763	1.33244	1.33295			6
2025.05.01	01:00:15.068	1.33245	1.33296			6
2025.05.01	01:00:16.906	1.33246	1.33297			6
2025.05.01	01:00:17.209	1.33247	1.33295			6
2025.05.01	01:00:17.524	1.33246	1.33297			6
2025.05.01	01:00:18.438	1.33248	1.33299			6
2025.05.01	01:00:18.744	1.33247	1.33298			6
2025.05.01	01:00:19.052	1.33248	1.33299			6
2025.05.01	01:00:19.357	1.33246				2
2025.05.01	01:00:19.662	1.33248				2
2025.05.01	01:00:19.968	1.33250	1.33301			6
2025.05.01	01:00:20.268	1.33251	1.33302			6
2025.05.01	01:00:20.882		1.33299			4
2025.05.01	01:00:21.189		1.33302			4
2025.05.01	01:00:21.798		1.33299			4
2025.05.01	01:00:22.403	1.33250	1.33303			6
2025.05.01	01:00:22.705	1.33254	1.33298			6
2025.05.01	01:00:23.016		1.33307			4
2025.05.01	01:00:23.319		1.33298			4
2025.05.01	01:00:23.629		1.33307			4
2025.05.01	01:00:23.933		1.33298			4
2025.05.01	01:00:24.241		1.33307			4
2025.05.01	01:00:24.544		1.33298			4
2025.05.01	01:00:24.851	1.33258	1.33306			6
2025.05.01	01:00:25.152	1.33259	1.33271			6
2025.05.01	01:00:25.466	1.33257	1.33306			6
2025.05.01	01:00:25.772		1.33271			4
2025.05.01	01:00:26.079		1.33306			4
2025.05.01	01:00:27.929	1.33255				2
2025.05.01	01:00:29.757	1.33254				2
2025.05.01	01:00:30.067	1.33256				2
2025.05.01	01:00:31.292	1.33259				2
2025.05.01	01:00:33.132	1.33258				2
2025.05.01	01:00:33.446	1.33253	1.33304			6
2025.05.01	01:00:36.188	1.33255	1.33303			6
2025.05.01	01:00:36.495		1.33306			4
2025.05.01	01:00:37.114	1.33254	1.33305			6
2025.05.01	01:00:42.948		1.33302			4
2025.05.01	01:00:44.170	1.33255				2
2025.05.01	01:00:46.302	1.33256				2
2025.05.01	01:00:46.916	1.33257	1.33301			6
2025.05.01	01:00:47.529		1.33302			4
2025.05.01	01:00:47.841	1.33258				2
2025.05.01	01:00:48.144	1.33257				2
2025.05.01	01:00:48.454	1.33258				2
2025.05.01	01:00:49.074	1.33260				2
2025.05.01	01:00:49.378		1.33303			4
2025.05.01	01:00:49.685	1.33258				2
2025.05.01	01:00:49.992	1.33260	1.33299			6
2025.05.01	01:00:50.295	1.33259	1.33298			6
2025.05.01	01:00:50.899	1.33261				2
2025.05.01	01:00:51.203	1.33260				2
2025.05.01	01:00:51.504	1.33261				2
2025.05.01	01:00:51.807	1.33262				2
2025.05.01	01:00:52.113	1.33261				2
2025.05.01	01:00:52.414	1.33262				2
2025.05.01	01:00:53.322	1.33260				2
2025.05.01	01:00:54.539	1.33259	1.33297			6
2025.05.01	01:00:54.841	1.33260	1.33298			6
2025.05.01	01:00:55.153	1.33262				2
2025.05.01	01:00:55.459	1.33261				2
2025.05.01	01:00:57.600	1.33262				2
2025.05.01	01:00:58.219	1.33263				2
2025.05.01	01:00:59.139	1.33258				2
2025.05.01	01:01:00.055	1.33258				2
2025.05.01	01:01:00.362	1.33262				2
2025.05.01	01:01:00.668		1.33297			4
2025.05.01	01:01:01.272	1.33261	1.33298			6
2025.05.01	01:01:01.577	1.33262				2
2025.05.01	01:01:01.883	1.33261				2
2025.05.01	01:01:02.183	1.33262				2
2025.05.01	01:01:02.488	1.33280	1.33285			6
2025.05.01	01:01:02.788	1.33279	1.33284			6
2025.05.01	01:01:03.398	1.33266	1.33298			6
2025.05.01	01:01:03.712	1.33265				2
2025.05.01	01:01:04.021	1.33264				2
2025.05.01	01:01:04.326		1.33297			4
2025.05.01	01:01:04.939	1.33263				2
2025.05.01	01:01:05.248	1.33262				2
2025.05.01	01:01:05.874	1.33263				2
2025.05.01	01:01:06.495	1.33264				2
2025.05.01	01:01:06.804	1.33284	1.33289			6
2025.05.01	01:01:07.110	1.33264	1.33297			6
2025.05.01	01:01:07.421	1.33284	1.33289			6
2025.05.01	01:01:07.733	1.33266	1.33297			6
2025.05.01	01:01:08.038	1.33265				2
2025.05.01	01:01:08.341	1.33285	1.33290			6
2025.05.01	01:01:10.172	1.33284	1.33289			6
2025.05.01	01:01:11.691	1.33285	1.33290			6
2025.05.01	01:01:12.599	1.33286	1.33291			6
2025.05.01	01:01:13.810	1.33288	1.33293			6
2025.05.01	01:01:14.426	1.33289	1.33294			6
2025.05.01	01:01:14.734	1.33285	1.33290			6
2025.05.01	01:01:15.047	1.33266	1.33293			6
2025.05.01	01:01:15.952	1.33286	1.33291			6
2025.05.01	01:01:16.258	1.33287	1.33292			6
2025.05.01	01:01:17.168	1.33286	1.33291			6
2025.05.01	01:01:17.782	1.33287	1.33292			6
2025.05.01	01:01:18.703	1.33286	1.33291			6
2025.05.01	01:01:20.239	1.33266	1.33299			6
2025.05.01	01:01:21.155	1.33265	1.33293			6
2025.05.01	01:01:21.463	1.33266				2
2025.05.01	01:01:22.071	1.33286	1.33291			6
2025.05.01	01:01:23.598	1.33284	1.33289			6
2025.05.01	01:01:24.506	1.33283	1.33288			6
2025.05.01	01:01:24.812	1.33284	1.33289			6
2025.05.01	01:01:26.964	1.33285	1.33290			6
2025.05.01	01:01:27.583	1.33286	1.33291			6
2025.05.01	01:01:27.887	1.33285	1.33290			6
2025.05.01	01:01:28.498	1.33286	1.33291			6
2025.05.01	01:01:28.807	1.33287	1.33292			6
2025.05.01	01:01:29.110	1.33285	1.33290			6
2025.05.01	01:01:30.327	1.33287	1.33292			6
2025.05.01	01:01:30.629	1.33286	1.33291			6
2025.05.01	01:01:32.454	1.33285	1.33290			6
2025.05.01	01:01:33.669	1.33286	1.33291			6
2025.05.01	01:01:34.584	1.33285	1.33290			6
2025.05.01	01:01:36.127	1.33287	1.33292			6
2025.05.01	01:01:36.429	1.33286	1.33291			6
2025.05.01	01:01:36.734	1.33285	1.33290			6
2025.05.01	01:01:39.776	1.33288	1.33293			6
2025.05.01	01:01:40.703	1.33289	1.33294			6
2025.05.01	01:01:41.623	1.33288	1.33293			6
2025.05.01	01:01:43.147	1.33289	1.33294			6
2025.05.01	01:01:43.452	1.33287	1.33292			6
2025.05.01	01:01:43.756	1.33290	1.33295			6
2025.05.01	01:01:44.360	1.33289	1.33294			6
2025.05.01	01:01:44.665	1.33291	1.33296			6
2025.05.01	01:01:45.272	1.33289	1.33294			6
2025.05.01	01:01:45.575	1.33284	1.33289			6
2025.05.01	01:01:46.179	1.33285	1.33290			6
2025.05.01	01:01:46.484	1.33284	1.33289			6
2025.05.01	01:01:47.395	1.33286	1.33291			6
2025.05.01	01:01:47.699	1.33284	1.33289			6
2025.05.01	01:01:48.001	1.33287	1.33292			6
2025.05.01	01:01:50.125	1.33288	1.33293			6
2025.05.01	01:01:50.426	1.33289	1.33294			6
2025.05.01	01:01:51.342	1.33290	1.33295			6
2025.05.01	01:01:52.570	1.33289	1.33294			6
2025.05.01	01:01:55.947	1.33287	1.33292			6
2025.05.01	01:01:56.250	1.33288	1.33293			6
2025.05.01	01:01:57.469	1.33263	1.33297			6
2025.05.01	01:01:57.785	1.33288	1.33293			6
2025.05.01	01:01:58.088	1.33290	1.33295			6
2025.05.01	01:01:58.393	1.33291	1.33296			6
2025.05.01	01:01:59.007	1.33267	1.33301			6
2025.05.01	01:01:59.928	1.33269				2
2025.05.01	01:02:00.236	1.33267				2
2025.05.01	01:02:00.542	1.33269	1.33290			6
2025.05.01	01:02:00.848	1.33288				2
2025.05.01	01:02:01.156	1.33290	1.33291			6
2025.05.01	01:02:01.467	1.33289	1.33290			6
2025.05.01	01:02:02.082	1.33290	1.33291			6
2025.05.01	01:02:03.315	1.33289	1.33292			6
2025.05.01	01:02:03.616		1.33290			4
2025.05.01	01:02:04.232	1.33268	1.33292			6
2025.05.01	01:02:04.535	1.33270	1.33291			6
2025.05.01	01:02:04.836	1.33289	1.33290			6
2025.05.01	01:02:05.445	1.33267	1.33289			6
2025.05.01	01:02:05.749	1.33285	1.33290			6
2025.05.01	01:02:06.363	1.33284				2
2025.05.01	01:02:10.337	1.33285				2
2025.05.01	01:02:10.639	1.33284	1.33289			6
2025.05.01	01:02:10.945	1.33281	1.33286			6
2025.05.01	01:02:11.247	1.33285	1.33290			6
2025.05.01	01:02:12.765	1.33286	1.33291			6
2025.05.01	01:02:13.068	1.33285	1.33290			6
2025.05.01	01:02:13.673		1.33289			4
2025.05.01	01:02:13.976	1.33284				2
2025.05.01	01:02:14.278	1.33285				2
2025.05.01	01:02:14.886	1.33284				2
2025.05.01	01:02:15.490	1.33282	1.33287			6
2025.05.01	01:02:16.396	1.33284	1.33289			6
2025.05.01	01:02:16.699	1.33283	1.33288			6
2025.05.01	01:02:17.003	1.33282	1.33287			6
2025.05.01	01:02:17.308	1.33285	1.33289			6
2025.05.01	01:02:17.916	1.33282	1.33287			6
2025.05.01	01:02:18.525	1.33284	1.33289			6
2025.05.01	01:02:18.829	1.33285				2
2025.05.01	01:02:19.132		1.33290			4
2025.05.01	01:02:19.437	1.33282	1.33287			6
2025.05.01	01:02:20.053	1.33283	1.33288			6
2025.05.01	01:02:20.361	1.33281	1.33286			6
2025.05.01	01:02:20.671	1.33284	1.33289			6
2025.05.01	01:02:21.277	1.33285	1.33290			6
2025.05.01	01:02:22.802	1.33284	1.33289			6
2025.05.01	01:02:24.034	1.33282	1.33287			6
2025.05.01	01:02:24.343	1.33284	1.33289			6
2025.05.01	01:02:25.560	1.33280	1.33285			6
2025.05.01	01:02:25.868	1.33284	1.33289			6
2025.05.01	01:02:26.170	1.33281	1.33286			6
2025.05.01	01:02:26.476	1.33284	1.33289			6
2025.05.01	01:02:26.778	1.33285	1.33290			6
2025.05.01	01:02:27.391	1.33282	1.33287			6
2025.05.01	01:02:27.704	1.33285	1.33290			6
2025.05.01	01:02:28.007	1.33286				2
2025.05.01	01:02:28.310	1.33284	1.33286			6
2025.05.01	01:02:28.617	1.33286	1.33287			6
2025.05.01	01:02:30.452		1.33288			4
2025.05.01	01:02:31.362	1.33288	1.33290			6
2025.05.01	01:02:31.667		1.33289			4
2025.05.01	01:02:31.973	1.33287	1.33288			6
2025.05.01	01:02:32.598	1.33286	1.33287			6
2025.05.01	01:02:33.206	1.33288	1.33290			6
2025.05.01	01:02:35.365	1.33287				2
2025.05.01	01:02:37.201	1.33288				2
2025.05.01	01:02:37.814	1.33287				2
2025.05.01	01:02:40.258		1.33291			4
2025.05.01	01:02:41.474	1.33288				2
2025.05.01	01:02:43.005	1.33287				2
2025.05.01	01:02:43.309	1.33286				2
2025.05.01	01:02:43.615	1.33288				2
2025.05.01	01:02:45.129	1.33287				2
2025.05.01	01:02:45.737	1.33288				2
2025.05.01	01:02:46.040	1.33287				2
2025.05.01	01:02:46.345	1.33288				2
2025.05.01	01:02:48.187	1.33285	1.33290			6
2025.05.01	01:02:48.496	1.33286	1.33291			6
2025.05.01	01:02:51.236	1.33284	1.33289			6
2025.05.01	01:02:52.165	1.33283	1.33288			6
2025.05.01	01:02:55.208		1.33286			4
2025.05.01	01:02:55.521	1.33271	1.33272			6
2025.05.01	01:02:55.825	1.33270	1.33271			6
2025.05.01	01:02:59.492	1.33269	1.33270			6
2025.05.01	01:03:00.103	1.33269				2
2025.05.01	01:03:00.714	1.33268	1.33269			6
2025.05.01	01:03:02.252	1.33267	1.33268			6
2025.05.01	01:03:04.388	1.33266				2
2025.05.01	01:03:04.697	1.33267				2
2025.05.01	01:03:10.165	1.33266				2
2025.05.01	01:03:10.472	1.33267				2
2025.05.01	01:03:11.389	1.33266				2
2025.05.01	01:03:25.708	1.33265				2
2025.05.01	01:03:27.233	1.33266				2
2025.05.01	01:03:32.730	1.33267				2
2025.05.01	01:03:33.951	1.33266				2
2025.05.01	01:03:34.259	1.33267				2
2025.05.01	01:03:36.695	1.33265				2
2025.05.01	01:03:37.001	1.33266				2
2025.05.01	01:03:38.229	1.33265				2
2025.05.01	01:03:38.531	1.33266				2
2025.05.01	01:03:41.917	1.33264				2
2025.05.01	01:03:42.842	1.33263	1.33267			6
2025.05.01	01:03:44.071	1.33264	1.33268			6
2025.05.01	01:03:44.678	1.33263	1.33267			6
2025.05.01	01:03:45.292	1.33264	1.33268			6
2025.05.01	01:03:45.912	1.33263	1.33267			6
2025.05.01	01:03:46.826	1.33264	1.33268			6
2025.05.01	01:03:54.189	1.33263	1.33267			6
2025.05.01	01:03:58.747	1.33262	1.33266			6
2025.05.01	01:03:59.050	1.33263	1.33267			6
2025.05.01	01:03:59.355	1.33264	1.33268			6
2025.05.01	01:04:00.274	1.33264				2
2025.05.01	01:04:02.104	1.33263	1.33267			6
2025.05.01	01:04:02.411	1.33264	1.33268			6
2025.05.01	01:04:03.030	1.33263	1.33267			6
2025.05.01	01:04:03.646	1.33264	1.33268			6
2025.05.01	01:04:07.641	1.33263	1.33267			6
2025.05.01	01:04:07.946	1.33264	1.33268			6
2025.05.01	01:04:09.482	1.33263	1.33267			6
2025.05.01	01:04:09.782	1.33262	1.33266			6
2025.05.01	01:04:15.263	1.33261	1.33265			6
2025.05.01	01:04:17.102	1.33262	1.33266			6
2025.05.01	01:04:17.711	1.33261	1.33265			6
2025.05.01	01:04:20.454	1.33260	1.33264			6
2025.05.01	01:04:22.301	1.33261	1.33265			6
2025.05.01	01:04:34.249	1.33262	1.33266			6
2025.05.01	01:04:40.366	1.33261	1.33265			6
2025.05.01	01:04:41.286	1.33262	1.33266			6
2025.05.01	01:04:45.278	1.33263				2
2025.05.01	01:04:46.503	1.33262	1.33265			6
2025.05.01	01:04:46.810	1.33263	1.33266			6
2025.05.01	01:04:53.222	1.33262	1.33265			6
2025.05.01	01:05:00.251	1.33262				2
2025.05.01	01:05:02.993	1.33267	1.33270			6
2025.05.01	01:05:03.302		1.33269			4
2025.05.01	01:05:03.610	1.33266				2
2025.05.01	01:05:03.909	1.33261	1.33264			6
2025.05.01	01:05:04.214	1.33260				2
2025.05.01	01:05:17.403	1.33259	1.33263			6
2025.05.01	01:05:42.373	1.33260	1.33264			6
2025.05.01	01:05:43.301	1.33261				2
2025.05.01	01:05:56.135	1.33260	1.33263			6
2025.05.01	01:05:58.562	1.33261	1.33264			6
2025.05.01	01:06:00.096	1.33261	1.33265			6
2025.05.01	01:06:01.633	1.33266	1.33270			6
2025.05.01	01:06:02.557	1.33267	1.33271			6
2025.05.01	01:06:02.864	1.33266	1.33270			6
2025.05.01	01:06:03.787	1.33267	1.33271			6
2025.05.01	01:06:04.409	1.33266	1.33270			6
2025.05.01	01:06:05.025	1.33265	1.33269			6
2025.05.01	01:06:05.947	1.33266	1.33270			6
2025.05.01	01:06:06.878	1.33265	1.33269			6
2025.05.01	01:06:09.652	1.33266	1.33270			6
2025.05.01	01:06:12.736	1.33267	1.33271			6
2025.05.01	01:06:18.904	1.33268	1.33272			6
2025.05.01	01:06:22.607	1.33269	1.33273			6
2025.05.01	01:06:30.959	1.33268	1.33272			6
2025.05.01	01:06:31.262	1.33269	1.33273			6
2025.05.01	01:06:31.573	1.33268	1.33272			6
2025.05.01	01:06:34.040	1.33269	1.33273			6
2025.05.01	01:06:34.349	1.33268	1.33272			6
2025.05.01	01:06:53.155	1.33269				2
2025.05.01	01:07:00.199	1.33269				2
2025.05.01	01:07:12.071	1.33270	1.33273			6
2025.05.01	01:07:12.375	1.33269	1.33272			6
2025.05.01	01:07:38.880	1.33270	1.33273			6
2025.05.01	01:07:56.769	1.33269	1.33272			6
2025.05.01	01:07:58.007	1.33270	1.33273			6
2025.05.01	01:08:00.165	1.33270				2
2025.05.01	01:08:02.943	1.33269	1.33272			6
2025.05.01	01:08:03.564	1.33270	1.33273			6
2025.05.01	01:08:14.969	1.33269	1.33272			6
2025.05.01	01:08:17.746	1.33268	1.33271			6
2025.05.01	01:08:18.671	1.33269	1.33272			6
2025.05.01	01:08:31.909	1.33261	1.33264			6
2025.05.01	01:08:32.224	1.33259	1.33263			6
2025.05.01	01:08:32.835	1.33260	1.33264			6
2025.05.01	01:08:36.838	1.33258	1.33262			6
2025.05.01	01:08:37.147	1.33259	1.33263			6
2025.05.01	01:08:37.454	1.33258	1.33262			6
2025.05.01	01:08:37.760	1.33259	1.33263			6
2025.05.01	01:08:43.632	1.33258	1.33262			6
2025.05.01	01:08:50.407	1.33261	1.33265			6
2025.05.01	01:08:50.714	1.33260	1.33264			6
2025.05.01	01:09:00.263	1.33260				2
2025.05.01	01:09:10.431	1.33259	1.33263			6
2025.05.01	01:09:10.746	1.33260	1.33264			6
2025.05.01	01:09:11.665	1.33261	1.33265			6
2025.05.01	01:09:13.823	1.33260	1.33264			6
2025.05.01	01:09:16.283	1.33261	1.33265			6
2025.05.01	01:09:16.586	1.33260	1.33264			6
2025.05.01	01:09:20.302	1.33261	1.33265			6
2025.05.01	01:09:22.770	1.33260	1.33264			6
2025.05.01	01:09:23.077	1.33261	1.33265			6
2025.05.01	01:09:24.929	1.33262	1.33266			6
2025.05.01	01:09:27.084	1.33261	1.33265			6
2025.05.01	01:09:28.317	1.33262	1.33266			6
2025.05.01	01:09:30.786	1.33261	1.33265			6
2025.05.01	01:09:33.254	1.33262	1.33266			6
2025.05.01	01:09:34.178	1.33261	1.33265			6
2025.05.01	01:09:36.036	1.33260	1.33264			6
2025.05.01	01:09:42.825	1.33261	1.33265			6
2025.05.01	01:09:43.125	1.33260	1.33264			6
2025.05.01	01:10:00.074	1.33260				2
2025.05.01	01:10:02.236	1.33261	1.33265			6
2025.05.01	01:10:10.546	1.33260	1.33264			6
2025.05.01	01:10:11.460	1.33261	1.33265			6
2025.05.01	01:10:13.317	1.33260	1.33264			6
2025.05.01	01:10:13.618	1.33261	1.33265			6
2025.05.01	01:10:15.164	1.33260	1.33264			6
2025.05.01	01:10:16.087	1.33261	1.33265			6
2025.05.01	01:10:19.465	1.33260	1.33264			6
2025.05.01	01:10:19.773	1.33261	1.33265			6
2025.05.01	01:10:26.239	1.33260	1.33264			6
2025.05.01	01:10:27.156	1.33261	1.33265			6
2025.05.01	01:10:42.237	1.33260	1.33264			6
2025.05.01	01:10:44.082	1.33261	1.33265			6
2025.05.01	01:10:46.233	1.33260	1.33264			6
2025.05.01	01:10:47.465	1.33261	1.33265			6
2025.05.01	01:10:57.014	1.33260	1.33264			6
2025.05.01	01:10:57.928	1.33261	1.33265			6
2025.05.01	01:11:00.080	1.33261				2
2025.05.01	01:11:00.391	1.33260	1.33264			6
2025.05.01	01:11:27.169	1.33259	1.33263			6
2025.05.01	01:11:33.645	1.33260	1.33264			6
2025.05.01	01:11:49.642	1.33259	1.33263			6
2025.05.01	01:11:50.254	1.33260	1.33264			6
2025.05.01	01:11:57.046	1.33259	1.33263			6
2025.05.01	01:11:57.671	1.33260	1.33264			6
2025.05.01	01:12:00.137	1.33260				2
2025.05.01	01:12:02.313	1.33259	1.33263			6
2025.05.01	01:12:05.392	1.33260	1.33264			6
2025.05.01	01:12:10.645	1.33259	1.33263			6
2025.05.01	01:12:12.797	1.33258	1.33262			6
2025.05.01	01:12:13.106	1.33259	1.33263			6
2025.05.01	01:12:14.959	1.33260	1.33264			6
2025.05.01	01:12:18.956	1.33261	1.33265			6
2025.05.01	01:12:19.265	1.33260	1.33264			6
2025.05.01	01:12:19.580	1.33259	1.33263			6
2025.05.01	01:12:28.198	1.33258	1.33262			6
2025.05.01	01:12:32.508	1.33259	1.33263			6
2025.05.01	01:12:33.434	1.33253	1.33257			6
2025.05.01	01:12:34.355		1.33258			4
2025.05.01	01:12:38.984		1.33257			4
2025.05.01	01:12:46.382	1.33259	1.33264			6
2025.05.01	01:12:46.691	1.33260	1.33265			6
2025.05.01	01:12:47.302	1.33259				2
2025.05.01	01:12:53.770	1.33258	1.33264			6
2025.05.01	01:12:58.393	1.33259	1.33265			6
2025.05.01	01:12:59.926	1.33261	1.33267			6
2025.05.01	01:13:00.242	1.33262	1.33268			6
2025.05.01	01:13:03.015	1.33259	1.33265			6
2025.05.01	01:13:04.247	1.33261	1.33267			6
2025.05.01	01:13:08.558	1.33262				2
2025.05.01	01:13:10.723	1.33261				2
2025.05.01	01:13:12.257	1.33262				2
2025.05.01	01:13:12.563		1.33268			4
2025.05.01	01:13:15.343	1.33261	1.33267			6
2025.05.01	01:13:22.184	1.33262	1.33268			6
2025.05.01	01:13:25.262	1.33261	1.33267			6
2025.05.01	01:13:25.878	1.33262	1.33268			6
2025.05.01	01:13:26.497	1.33263	1.33269			6
2025.05.01	01:13:27.417	1.33262	1.33266			6
2025.05.01	01:13:27.718	1.33266	1.33272			6
2025.05.01	01:13:28.026	1.33267	1.33273			6
2025.05.01	01:13:28.959	1.33264	1.33270			6
2025.05.01	01:13:29.885	1.33263	1.33269			6
2025.05.01	01:13:30.504	1.33264	1.33270			6
2025.05.01	01:13:31.732	1.33263	1.33269			6
2025.05.01	01:13:32.656	1.33265	1.33271			6
2025.05.01	01:13:32.972	1.33266	1.33272			6
2025.05.01	01:13:33.888	1.33267	1.33273			6
2025.05.01	01:13:35.118	1.33266	1.33272			6
2025.05.01	01:13:35.426	1.33267	1.33273			6
2025.05.01	01:13:36.345	1.33266	1.33272			6
2025.05.01	01:13:36.669	1.33264	1.33270			6
2025.05.01	01:13:37.280	1.33265	1.33271			6
2025.05.01	01:13:38.207	1.33264	1.33270			6
2025.05.01	01:13:42.226		1.33266			4
2025.05.01	01:13:45.001	1.33270	1.33275			6
2025.05.01	01:13:45.622	1.33269				2
2025.05.01	01:13:46.241	1.33267	1.33274			6
2025.05.01	01:13:46.858	1.33268	1.33275			6
2025.05.01	01:13:48.093		1.33274			4
2025.05.01	01:13:52.107	1.33264	1.33266			6
2025.05.01	01:13:53.338	1.33268	1.33274			6
2025.05.01	01:13:53.642		1.33275			4
2025.05.01	01:13:53.949		1.33274			4
2025.05.01	01:13:54.572	1.33264	1.33266			6
2025.05.01	01:13:54.879	1.33263				2
2025.05.01	01:13:58.560	1.33262	1.33265			6
2025.05.01	01:13:58.865	1.33263	1.33266			6
2025.05.01	01:14:00.103	1.33263				2
2025.05.01	01:14:00.414		1.33265			4
2025.05.01	01:14:00.720		1.33266			4
2025.05.01	01:14:01.343	1.33261				2
2025.05.01	01:14:01.652		1.33265			4
2025.05.01	01:14:02.579	1.33260				2
2025.05.01	01:14:03.506	1.33259				2
2025.05.01	01:14:05.039	1.33262	1.33266			6
2025.05.01	01:14:05.354	1.33263				2
2025.05.01	01:14:08.734	1.33262				2
2025.05.01	01:14:09.043	1.33263				2
2025.05.01	01:14:13.351	1.33262				2
2025.05.01	01:14:14.898	1.33263	1.33265			6
2025.05.01	01:14:16.132	1.33262	1.33266			6
2025.05.01	01:14:16.747	1.33261	1.33265			6
2025.05.01	01:14:18.290	1.33260				2
2025.05.01	01:14:18.906	1.33261				2
2025.05.01	01:14:21.067	1.33260				2
2025.05.01	01:14:22.612	1.33262	1.33266			6
2025.05.01	01:14:23.535	1.33261	1.33262			6
2025.05.01	01:14:23.845	1.33262	1.33266			6
2025.05.01	01:14:24.147	1.33261	1.33262			6
2025.05.01	01:14:24.456	1.33262	1.33266			6
2025.05.01	01:14:24.762	1.33261	1.33262			6
2025.05.01	01:14:25.070	1.33262	1.33266			6
2025.05.01	01:14:25.380	1.33261	1.33262			6
2025.05.01	01:14:25.687	1.33262	1.33266			6
2025.05.01	01:14:25.998	1.33261	1.33262			6
2025.05.01	01:14:26.303	1.33262	1.33266			6
2025.05.01	01:14:26.609	1.33261	1.33262			6
2025.05.01	01:14:26.918	1.33262	1.33266			6
2025.05.01	01:14:28.458	1.33263	1.33265			6
2025.05.01	01:14:29.071	1.33262				2
2025.05.01	01:14:30.303		1.33266			4
2025.05.01	01:14:30.611		1.33265			4
2025.05.01	01:14:31.839	1.33263				2
2025.05.01	01:14:38.309		1.33266			4
2025.05.01	01:14:44.484	1.33267	1.33273			6
2025.05.01	01:14:45.102	1.33268	1.33274			6
2025.05.01	01:14:45.407	1.33267	1.33273			6
2025.05.01	01:14:46.330		1.33274			4
2025.05.01	01:14:46.631	1.33268	1.33275			6
2025.05.01	01:14:47.319		1.33274			4
2025.05.01	01:14:53.167	1.33267	1.33273			6
2025.05.01	01:14:54.704	1.33268	1.33274			6
2025.05.01	01:15:00.257	1.33268				2
2025.05.01	01:15:00.562	1.33269	1.33275			6
2025.05.01	01:15:01.491	1.33268	1.33274			6
2025.05.01	01:15:01.800	1.33269	1.33275			6
2025.05.01	01:15:02.413	1.33262	1.33268			6
2025.05.01	01:15:02.720	1.33263	1.33266			6
2025.05.01	01:15:03.340	1.33261				2
2025.05.01	01:15:03.960		1.33265			4
2025.05.01	01:15:04.263		1.33266			4
2025.05.01	01:15:06.108		1.33265			4
2025.05.01	01:15:06.420		1.33266			4
2025.05.01	01:15:07.347		1.33265			4
2025.05.01	01:15:07.655		1.33266			4
2025.05.01	01:15:09.202	1.33260				2
2025.05.01	01:15:09.511		1.33265			4
2025.05.01	01:15:17.209		1.33266			4
2025.05.01	01:15:23.378	1.33261				2
2025.05.01	01:15:25.220	1.33260	1.33265			6
2025.05.01	01:15:37.250	1.33261				2
2025.05.01	01:15:39.096	1.33264	1.33270			6
2025.05.01	01:15:39.402	1.33268	1.33274			6
2025.05.01	01:15:40.645	1.33267	1.33273			6
2025.05.01	01:15:43.420	1.33268	1.33274			6
2025.05.01	01:15:44.963	1.33267	1.33273			6
2025.05.01	01:15:45.279	1.33268				2
2025.05.01	01:15:45.899	1.33267				2
2025.05.01	01:15:46.212	1.33268				2
2025.05.01	01:15:48.683	1.33267				2
2025.05.01	01:15:49.301	1.33268				2
2025.05.01	01:15:56.392		1.33274			4
2025.05.01	01:16:00.084	1.33268				2
2025.05.01	01:16:03.783	1.33271	1.33275			6
2025.05.01	01:16:09.956	1.33270				2
2025.05.01	01:16:10.264	1.33269				2
2025.05.01	01:16:18.589	1.33270				2
2025.05.01	01:16:19.831	1.33269				2
2025.05.01	01:16:20.440		1.33274			4
2025.05.01	01:16:20.751	1.33270	1.33275			6
2025.05.01	01:16:21.677	1.33271				2
2025.05.01	01:16:21.981	1.33270				2
2025.05.01	01:16:22.907	1.33271				2
2025.05.01	01:16:27.217	1.33270				2
2025.05.01	01:16:28.744	1.33271	1.33276			6
2025.05.01	01:16:29.686		1.33275			4
2025.05.01	01:16:30.301	1.33264	1.33265			6
2025.05.01	01:16:30.908		1.33268			4
2025.05.01	01:16:31.227	1.33267	1.33270			6
2025.05.01	01:16:31.537		1.33271			4
2025.05.01	01:16:33.997		1.33270			4
2025.05.01	01:16:36.457		1.33271			4
2025.05.01	01:16:36.765		1.33270			4
2025.05.01	01:16:37.066	1.33268	1.33271			6
2025.05.01	01:16:37.385	1.33267				2
2025.05.01	01:16:44.492	1.33263	1.33269			6
2025.05.01	01:16:45.114	1.33265	1.33267			6
2025.05.01	01:16:45.424	1.33266	1.33270			6
2025.05.01	01:16:46.041		1.33267			4
2025.05.01	01:16:46.664	1.33264	1.33265			6
2025.05.01	01:16:47.279		1.33268			4
2025.05.01	01:16:48.826	1.33263				2
2025.05.01	01:16:49.130	1.33264				2
2025.05.01	01:16:49.752		1.33267			4
2025.05.01	01:16:50.058		1.33268			4
2025.05.01	01:16:50.363		1.33267			4
2025.05.01	01:16:50.666		1.33268			4
2025.05.01	01:16:51.601	1.33265	1.33267			6
2025.05.01	01:16:52.529	1.33264	1.33265			6
2025.05.01	01:16:53.754	1.33263				2
2025.05.01	01:16:54.061	1.33264	1.33268			6
2025.05.01	01:16:54.371	1.33263				2
2025.05.01	01:16:54.683	1.33264				2
2025.05.01	01:16:54.988	1.33265	1.33267			6
2025.05.01	01:16:56.212		1.33269			4
2025.05.01	01:16:56.834	1.33263	1.33267			6
2025.05.01	01:16:57.143	1.33265	1.33268			6
2025.05.01	01:16:58.063		1.33269			4
2025.05.01	01:16:58.685		1.33268			4
2025.05.01	01:17:00.234	1.33265				2
2025.05.01	01:17:01.159	1.33266	1.33269			6
2025.05.01	01:17:02.079	1.33267	1.33268			6
2025.05.01	01:17:02.395		1.33270			4
2025.05.01	01:17:06.389		1.33272			4
2025.05.01	01:17:08.249		1.33271			4
2025.05.01	01:17:13.809		1.33272			4
2025.05.01	01:17:14.107	1.33266	1.33271			6
2025.05.01	01:17:14.732	1.33267				2
2025.05.01	01:17:15.969		1.33272			4
2025.05.01	01:17:16.281		1.33271			4
2025.05.01	01:17:17.200		1.33272			4
2025.05.01	01:17:17.509		1.33271			4
2025.05.01	01:17:18.433		1.33272			4
2025.05.01	01:17:18.746		1.33271			4
2025.05.01	01:17:21.206	1.33268				2
2025.05.01	01:17:21.826	1.33267				2
2025.05.01	01:17:22.143	1.33268	1.33272			6
2025.05.01	01:17:23.068		1.33274			4
2025.05.01	01:17:23.374	1.33269				2
2025.05.01	01:17:32.002	1.33272	1.33275			6
2025.05.01	01:17:36.625	1.33270				2
2025.05.01	01:17:37.237	1.33272	1.33277			6
2025.05.01	01:17:40.938	1.33271	1.33276			6
2025.05.01	01:17:43.103	1.33272	1.33277			6
2025.05.01	01:17:47.730	1.33273	1.33278			6
2025.05.01	01:17:49.275	1.33274				2
2025.05.01	01:17:50.511	1.33273				2
2025.05.01	01:17:52.659		1.33277			4
2025.05.01	01:17:53.894		1.33278			4
2025.05.01	01:17:54.518		1.33277			4
2025.05.01	01:17:55.440	1.33274				2
2025.05.01	01:17:56.056	1.33273				2
2025.05.01	01:17:58.833	1.33274				2
2025.05.01	01:18:00.048	1.33274	1.33276			6
2025.05.01	01:18:00.354		1.33277			4
2025.05.01	01:18:00.657		1.33276			4
2025.05.01	01:18:00.967		1.33275			4
2025.05.01	01:18:01.271		1.33277			4
2025.05.01	01:18:02.506	1.33273	1.33275			6
2025.05.01	01:18:02.815		1.33274			4
2025.05.01	01:18:05.260		1.33276			4
2025.05.01	01:18:05.566	1.33271	1.33275			6
2025.05.01	01:18:06.177		1.33274			4
2025.05.01	01:18:09.847	1.33273	1.33275			6
2025.05.01	01:18:15.913		1.33277			4
2025.05.01	01:18:19.592		1.33275			4
2025.05.01	01:18:19.895		1.33277			4
2025.05.01	01:18:22.031		1.33275			4
2025.05.01	01:18:23.568		1.33276			4
2025.05.01	01:18:24.477		1.33277			4
2025.05.01	01:18:29.383	1.33271	1.33275			6
2025.05.01	01:18:42.608	1.33270	1.33274			6
2025.05.01	01:18:51.195	1.33271				2
2025.05.01	01:18:51.501	1.33264	1.33265			6
2025.05.01	01:18:51.808	1.33263	1.33266			6
2025.05.01	01:18:52.114	1.33262	1.33267			6
2025.05.01	01:18:53.337		1.33264			4
2025.05.01	01:18:53.950	1.33261				2
2025.05.01	01:18:54.563		1.33263			4
2025.05.01	01:18:54.869	1.33260	1.33264			6
2025.05.01	01:18:55.173		1.33263			4
2025.05.01	01:18:57.343		1.33264			4
2025.05.01	01:18:57.647		1.33263			4
2025.05.01	01:18:59.199		1.33264			4
2025.05.01	01:18:59.508		1.33265			4
2025.05.01	01:19:00.124	1.33260				2
2025.05.01	01:19:00.432		1.33264			4
2025.05.01	01:19:02.893		1.33265			4
2025.05.01	01:19:03.510		1.33264			4
2025.05.01	01:19:03.818		1.33263			4
2025.05.01	01:19:05.983	1.33258	1.33262			6
2025.05.01	01:19:07.232	1.33257				2
2025.05.01	01:19:09.382	1.33258	1.33263			6
2025.05.01	01:19:10.293		1.33261			4
2025.05.01	01:19:10.599	1.33257	1.33258			6
2025.05.01	01:19:10.904	1.33251	1.33254			6
2025.05.01	01:19:12.132	1.33250				2
2025.05.01	01:19:21.075	1.33249	1.33253			6
2025.05.01	01:19:21.379	1.33248	1.33252			6
2025.05.01	01:19:22.302	1.33247				2
2025.05.01	01:19:24.156		1.33253			4
2025.05.01	01:19:28.470	1.33245	1.33251			6
2025.05.01	01:19:30.629	1.33247	1.33253			6
2025.05.01	01:19:32.479		1.33252			4
2025.05.01	01:19:32.782		1.33253			4
2025.05.01	01:19:33.084	1.33246	1.33252			6
2025.05.01	01:19:33.712	1.33247	1.33253			6
2025.05.01	01:19:34.333	1.33248				2
2025.05.01	01:19:36.187	1.33249				2
2025.05.01	01:19:36.495	1.33248				2
2025.05.01	01:19:37.109	1.33249				2
2025.05.01	01:19:38.341	1.33242	1.33244			6
2025.05.01	01:19:39.269	1.33241				2
2025.05.01	01:19:42.989	1.33239				2
2025.05.01	01:19:44.523	1.33241				2
2025.05.01	01:19:44.836	1.33240	1.33245			6
2025.05.01	01:19:46.063	1.33239				2
2025.05.01	01:19:47.297		1.33244			4
2025.05.01	01:19:47.598	1.33240				2
2025.05.01	01:19:48.536	1.33239				2
2025.05.01	01:19:49.464	1.33237	1.33243			6
2025.05.01	01:19:50.083	1.33236	1.33242			6
2025.05.01	01:19:50.698		1.33243			4
2025.05.01	01:19:51.002	1.33237				2
2025.05.01	01:19:52.251		1.33242			4
2025.05.01	01:19:52.557	1.33236	1.33243			6
2025.05.01	01:19:54.405		1.33242			4
2025.05.01	01:19:55.022	1.33239	1.33243			6
2025.05.01	01:19:55.325	1.33236	1.33242			6
2025.05.01	01:19:56.263	1.33235	1.33241			6
2025.05.01	01:19:56.573	1.33236	1.33242			6
2025.05.01	01:19:59.038	1.33235	1.33241			6
2025.05.01	01:19:59.342	1.33236	1.33242			6
2025.05.01	01:20:00.272	1.33235	1.33241			6
2025.05.01	01:20:00.578	1.33236	1.33242			6
2025.05.01	01:20:03.043	1.33237	1.33243			6
2025.05.01	01:20:05.196	1.33238	1.33244			6
2025.05.01	01:20:05.505	1.33236	1.33242			6
2025.05.01	01:20:05.813	1.33235	1.33241			6
2025.05.01	01:20:09.817	1.33230	1.33234			6
2025.05.01	01:20:10.121		1.33236			4
2025.05.01	01:20:11.360		1.33237			4
2025.05.01	01:20:11.979	1.33229	1.33234			6
2025.05.01	01:20:13.521	1.33228				2
2025.05.01	01:20:15.053	1.33227				2
2025.05.01	01:20:15.368	1.33228				2
2025.05.01	01:20:15.982	1.33227				2
2025.05.01	01:20:16.290	1.33228				2
2025.05.01	01:20:19.989	1.33236	1.33240			6
2025.05.01	01:20:20.291	1.33238	1.33244			6
2025.05.01	01:20:21.200	1.33237				2
2025.05.01	01:20:23.977	1.33236	1.33243			6
2025.05.01	01:20:24.596	1.33237	1.33244			6
2025.05.01	01:20:29.217	1.33238				2
2025.05.01	01:20:30.767	1.33237				2
2025.05.01	01:20:31.378	1.33236	1.33243			6
2025.05.01	01:20:34.159	1.33235	1.33242			6
2025.05.01	01:20:34.777	1.33236	1.33243			6
2025.05.01	01:20:38.794	1.33237	1.33244			6
2025.05.01	01:20:42.820	1.33239	1.33246			6
2025.05.01	01:20:45.288	1.33242	1.33249			6
2025.05.01	01:20:48.059	1.33243				2
2025.05.01	01:20:48.361	1.33247	1.33254			6
2025.05.01	01:20:49.294	1.33246	1.33253			6
2025.05.01	01:20:59.774	1.33244	1.33251			6
2025.05.01	01:21:00.078	1.33245	1.33252			6
2025.05.01	01:21:02.244	1.33244	1.33251			6
2025.05.01	01:21:02.860	1.33245	1.33252			6
2025.05.01	01:21:03.167	1.33243	1.33250			6
2025.05.01	01:21:07.783	1.33242	1.33249			6
2025.05.01	01:21:08.091	1.33243	1.33250			6
2025.05.01	01:21:09.017	1.33244	1.33251			6
2025.05.01	01:21:10.864	1.33242	1.33249			6
2025.05.01	01:21:12.717	1.33243	1.33250			6
2025.05.01	01:21:13.338	1.33246	1.33253			6
2025.05.01	01:21:23.825	1.33248	1.33255			6
2025.05.01	01:21:27.837		1.33254			4
2025.05.01	01:21:35.556	1.33246	1.33252			6
2025.05.01	01:21:35.863	1.33247	1.33253			6
2025.05.01	01:21:51.575	1.33246	1.33252			6
2025.05.01	01:21:52.196	1.33247				2
2025.05.01	01:21:54.331	1.33248	1.33253			6
2025.05.01	01:21:54.942	1.33247	1.33252			6
2025.05.01	01:21:55.245	1.33248	1.33253			6
2025.05.01	01:21:56.782	1.33245	1.33250			6
2025.05.01	01:21:57.087	1.33244	1.33249			6
2025.05.01	01:22:00.134	1.33244				2
2025.05.01	01:22:01.042	1.33245	1.33250			6
2025.05.01	01:22:01.350	1.33243	1.33248			6
2025.05.01	01:22:01.966	1.33244	1.33249			6
2025.05.01	01:22:02.277	1.33245	1.33250			6
2025.05.01	01:22:03.516	1.33243	1.33248			6
2025.05.01	01:22:03.825	1.33245	1.33250			6
2025.05.01	01:22:04.747	1.33244	1.33249			6
2025.05.01	01:22:06.295	1.33245	1.33250			6
2025.05.01	01:22:06.603	1.33243	1.33248			6
2025.05.01	01:22:06.907	1.33244	1.33249			6
2025.05.01	01:22:09.372	1.33243	1.33248			6
2025.05.01	01:22:12.464	1.33245	1.33250			6
2025.05.01	01:22:13.388	1.33246	1.33251			6
2025.05.01	01:22:14.011	1.33244	1.33249			6
2025.05.01	01:22:15.549	1.33238	1.33243			6
2025.05.01	01:22:16.173	1.33237				2
2025.05.01	01:22:29.726	1.33236	1.33242			6
2025.05.01	01:22:30.034	1.33237	1.33243			6
2025.05.01	01:22:31.262	1.33238				2
2025.05.01	01:22:36.782	1.33237	1.33242			6
2025.05.01	01:22:45.361		1.33241			4
2025.05.01	01:23:00.301	1.33237				2
2025.05.01	01:23:01.210	1.33238	1.33242			6
2025.05.01	01:23:01.816	1.33237	1.33241			6
2025.05.01	01:23:06.382	1.33238				2
2025.05.01	01:23:09.150	1.33239	1.33242			6
2025.05.01	01:23:10.364	1.33238	1.33241			6
2025.05.01	01:23:53.409	1.33237	1.33240			6
2025.05.01	01:23:53.719	1.33238	1.33241			6
2025.05.01	01:24:00.082	1.33238				2
2025.05.01	01:24:09.857	1.33248	1.33251			6
2025.05.01	01:24:10.162	1.33246	1.33253			6
2025.05.01	01:24:21.259	1.33245	1.33252			6
2025.05.01	01:24:21.568	1.33247	1.33254			6
2025.05.01	01:24:22.188	1.33246	1.33253			6
2025.05.01	01:24:38.226		1.33252			4
2025.05.01	01:24:42.233	1.33242	1.33248			6
2025.05.01	01:24:42.533	1.33241	1.33247			6
2025.05.01	01:24:44.390		1.33248			4
2025.05.01	01:24:45.320	1.33242	1.33249			6
2025.05.01	01:24:46.550	1.33241	1.33248			6
2025.05.01	01:24:49.337		1.33247			4
2025.05.01	01:24:49.639	1.33242	1.33248			6
2025.05.01	01:24:50.555	1.33241	1.33247			6
2025.05.01	01:24:52.104	1.33240	1.33246			6
2025.05.01	01:24:53.651	1.33241	1.33247			6
2025.05.01	01:24:56.735	1.33242	1.33248			6
2025.05.01	01:24:57.965	1.33241	1.33247			6
2025.05.01	01:25:00.128	1.33241				2
2025.05.01	01:25:01.359	1.33242	1.33248			6
2025.05.01	01:25:03.823		1.33245			4
2025.05.01	01:25:04.139	1.33244	1.33248			6
2025.05.01	01:25:04.443	1.33242	1.33245			6
2025.05.01	01:25:05.363	1.33244	1.33248			6
2025.05.01	01:25:05.981		1.33247			4
2025.05.01	01:25:06.293	1.33241	1.33245			6
2025.05.01	01:25:06.598	1.33243	1.33247			6
2025.05.01	01:25:06.902	1.33244				2
2025.05.01	01:25:07.219	1.33240	1.33246			6
2025.05.01	01:25:08.142	1.33241	1.33247			6
2025.05.01	01:25:08.452	1.33242	1.33248			6
2025.05.01	01:25:09.068	1.33241	1.33247			6
2025.05.01	01:25:09.997	1.33242	1.33248			6
2025.05.01	01:25:10.613	1.33241	1.33247			6
2025.05.01	01:25:13.079	1.33240	1.33246			6
2025.05.01	01:25:14.924	1.33241	1.33247			6
2025.05.01	01:25:16.157	1.33242	1.33248			6
2025.05.01	01:25:17.082	1.33243	1.33249			6
2025.05.01	01:25:17.393	1.33244	1.33250			6
2025.05.01	01:25:17.703	1.33243	1.33249			6
2025.05.01	01:25:18.323	1.33244	1.33250			6
2025.05.01	01:25:18.938	1.33238	1.33244			6
2025.05.01	01:25:19.249	1.33237	1.33243			6
2025.05.01	01:25:20.178		1.33244			4
2025.05.01	01:25:27.254		1.33243			4
2025.05.01	01:25:37.118		1.33244			4
2025.05.01	01:25:40.513		1.33243			4
2025.05.01	01:25:41.747		1.33244			4
2025.05.01	01:25:46.365		1.33243			4
2025.05.01	01:26:00.228	1.33238				2
2025.05.01	01:26:11.303		1.33242			4
2025.05.01	01:26:18.627	1.33237	1.33241			6
2025.05.01	01:26:26.249	1.33238				2
2025.05.01	01:26:39.694	1.33239	1.33242			6
2025.05.01	01:26:42.154	1.33238	1.33241			6
2025.05.01	01:26:52.254	1.33239	1.33242			6
2025.05.01	01:26:53.784	1.33238	1.33241			6
2025.05.01	01:26:54.094	1.33239	1.33242			6
2025.05.01	01:26:56.543	1.33237	1.33240			6
2025.05.01	01:26:56.848	1.33238	1.33241			6
2025.05.01	01:26:57.774	1.33239	1.33242			6
2025.05.01	01:27:00.215	1.33239				2
2025.05.01	01:27:00.524	1.33240	1.33243			6
2025.05.01	01:27:02.978	1.33239	1.33242			6
2025.05.01	01:27:11.867	1.33238	1.33241			6
2025.05.01	01:27:32.033	1.33239	1.33242			6
2025.05.01	01:27:49.237	1.33238	1.33241			6
2025.05.01	01:27:49.551	1.33239	1.33242			6
2025.05.01	01:27:50.787	1.33238	1.33241			6
2025.05.01	01:27:51.717	1.33239	1.33242			6
2025.05.01	01:27:53.259	1.33238	1.33241			6
2025.05.01	01:27:53.558	1.33239	1.33242			6
2025.05.01	01:28:00.030	1.33239				2
2025.05.01	01:28:08.040	1.33238	1.33241			6
2025.05.01	01:28:53.543	1.33239	1.33242			6
2025.05.01	01:29:00.012	1.33239				2
2025.05.01	01:29:03.706	1.33238	1.33241			6
2025.05.01	01:29:13.887	1.33239	1.33242			6
2025.05.01	01:29:14.195	1.33238	1.33241			6
2025.05.01	01:29:35.773	1.33239	1.33242			6
2025.05.01	01:29:44.408	1.33238	1.33241			6
2025.05.01	01:29:55.180	1.33239	1.33242			6
2025.05.01	01:29:56.104	1.33238	1.33241			6
2025.05.01	01:29:57.645	1.33239	1.33242			6
2025.05.01	01:29:59.803	1.33238	1.33241			6
2025.05.01	01:30:00.107	1.33239	1.33242			6
2025.05.01	01:30:00.410	1.33238	1.33241			6
2025.05.01	01:30:01.645	1.33239	1.33242			6
2025.05.01	01:30:01.951	1.33238	1.33241			6
2025.05.01	01:30:04.728	1.33239	1.33242			6
2025.05.01	01:30:05.662	1.33238	1.33241			6
2025.05.01	01:30:09.360	1.33239	1.33242			6
2025.05.01	01:30:09.978	1.33238	1.33241			6
2025.05.01	01:30:14.917	1.33239	1.33242			6
2025.05.01	01:30:22.642	1.33240	1.33243			6
2025.05.01	01:30:23.570	1.33239	1.33242			6
2025.05.01	01:30:29.744	1.33240	1.33243			6
2025.05.01	01:30:30.363	1.33239	1.33242			6
2025.05.01	01:30:31.282	1.33238	1.33241			6
2025.05.01	01:30:32.527	1.33239	1.33242			6
2025.05.01	01:30:33.136	1.33238	1.33241			6
2025.05.01	01:30:35.609	1.33239	1.33242			6
2025.05.01	01:30:37.458	1.33238	1.33241			6
2025.05.01	01:30:42.073	1.33239	1.33242			6
2025.05.01	01:30:43.009	1.33238	1.33241			6
2025.05.01	01:30:43.627	1.33239	1.33242			6
2025.05.01	01:30:46.413	1.33238	1.33241			6
2025.05.01	01:30:47.025	1.33239	1.33242			6
2025.05.01	01:30:53.803	1.33238	1.33241			6
2025.05.01	01:30:58.735	1.33239	1.33242			6
2025.05.01	01:30:59.049	1.33238	1.33241			6
2025.05.01	01:30:59.357	1.33239	1.33242			6
2025.05.01	01:30:59.658	1.33238	1.33241			6
2025.05.01	01:31:00.281	1.33238				2
2025.05.01	01:31:00.897	1.33239	1.33242			6
2025.05.01	01:31:03.980	1.33238	1.33241			6
2025.05.01	01:31:05.220	1.33239	1.33242			6
2025.05.01	01:31:09.837	1.33240	1.33243			6
2025.05.01	01:31:10.764	1.33239	1.33242			6
2025.05.01	01:31:24.018	1.33240	1.33243			6
2025.05.01	01:31:24.955	1.33239	1.33242			6
2025.05.01	01:31:28.038	1.33240	1.33243			6
2025.05.01	01:31:29.269	1.33239	1.33242			6
2025.05.01	01:31:32.364	1.33241	1.33244			6
2025.05.01	01:31:32.984	1.33240	1.33243			6
2025.05.01	01:31:35.146	1.33241	1.33244			6
2025.05.01	01:31:36.078	1.33240	1.33243			6
2025.05.01	01:31:40.092	1.33242	1.33245			6
2025.05.01	01:31:40.397	1.33241	1.33244			6
2025.05.01	01:31:41.014	1.33240	1.33243			6
2025.05.01	01:31:43.175	1.33239	1.33242			6
2025.05.01	01:31:55.202	1.33238	1.33241			6
2025.05.01	01:32:00.126	1.33238				2
2025.05.01	01:32:02.288	1.33239	1.33242			6
2025.05.01	01:32:08.142	1.33237	1.33240			6
2025.05.01	01:32:08.447	1.33239	1.33242			6
2025.05.01	01:32:17.705	1.33230	1.33233			6
2025.05.01	01:32:18.326	1.33228	1.33234			6
2025.05.01	01:32:18.636		1.33235			4
2025.05.01	01:32:18.947		1.33234			4
2025.05.01	01:32:19.250		1.33235			4
2025.05.01	01:32:19.868		1.33234			4
2025.05.01	01:32:20.174		1.33235			4
2025.05.01	01:32:22.033		1.33234			4
2025.05.01	01:32:22.336		1.33235			4
2025.05.01	01:32:26.656		1.33234			4
2025.05.01	01:32:32.836	1.33227	1.33233			6
2025.05.01	01:32:41.790		1.33232			4
2025.05.01	01:33:00.285	1.33227				2
2025.05.01	01:33:01.832	1.33228				2
2025.05.01	01:33:02.761	1.33227				2
2025.05.01	01:33:12.009		1.33233			4
2025.05.01	01:33:16.009	1.33228				2
2025.05.01	01:33:16.313	1.33227				2
2025.05.01	01:33:17.847	1.33228				2
2025.05.01	01:33:18.765	1.33227				2
2025.05.01	01:33:23.373	1.33226	1.33232			6
2025.05.01	01:33:23.677	1.33227				2
2025.05.01	01:33:25.511	1.33226				2
2025.05.01	01:33:25.821	1.33227				2
2025.05.01	01:33:34.095	1.33228	1.33233			6
2025.05.01	01:33:36.551		1.33232			4
2025.05.01	01:33:39.623	1.33227				2
2025.05.01	01:33:40.236	1.33228	1.33233			6
2025.05.01	01:33:45.179	1.33227	1.33232			6
2025.05.01	01:33:46.100	1.33228	1.33233			6
2025.05.01	01:33:48.886	1.33229				2
2025.05.01	01:33:51.049	1.33228				2
2025.05.01	01:33:53.839	1.33230				2
2025.05.01	01:33:54.772	1.33228				2
2025.05.01	01:34:00.017	1.33228				2
2025.05.01	01:34:03.097	1.33229				2
2025.05.01	01:34:06.799		1.33232			4
2025.05.01	01:34:08.504	1.33228				2
2025.05.01	01:34:13.456	1.33227				2
2025.05.01	01:34:17.767	1.33228	1.33233			6
2025.05.01	01:34:18.082	1.33229				2
2025.05.01	01:34:18.387	1.33228				2
2025.05.01	01:34:20.248		1.33232			4
2025.05.01	01:34:44.481	1.33231				2
2025.05.01	01:34:44.788	1.33230	1.33234			6
2025.05.01	01:34:52.505	1.33229	1.33233			6
2025.05.01	01:35:00.234	1.33229				2
2025.05.01	01:35:03.614	1.33234	1.33235			6
2025.05.01	01:35:03.923	1.33232	1.33236			6
2025.05.01	01:35:04.224	1.33230	1.33234			6
2025.05.01	01:35:11.333	1.33232	1.33236			6
2025.05.01	01:35:12.558	1.33231	1.33235			6
2025.05.01	01:35:14.715	1.33233	1.33237			6
2025.05.01	01:35:15.330	1.33230	1.33234			6
2025.05.01	01:35:15.642	1.33229	1.33233			6
2025.05.01	01:35:16.259	1.33231	1.33235			6
2025.05.01	01:35:17.186		1.33236			4
2025.05.01	01:35:17.803	1.33232	1.33237			6
2025.05.01	01:35:18.117	1.33230	1.33236			6
2025.05.01	01:35:20.267	1.33231	1.33237			6
2025.05.01	01:35:21.809	1.33230	1.33236			6
2025.05.01	01:35:22.733	1.33231	1.33237			6
2025.05.01	01:35:25.217	1.33232				2
2025.05.01	01:35:25.837	1.33237	1.33241			6
2025.05.01	01:35:26.143	1.33232	1.33237			6
2025.05.01	01:35:29.230	1.33233				2
2025.05.01	01:35:29.541	1.33232	1.33236			6
2025.05.01	01:35:32.310	1.33238	1.33242			6
2025.05.01	01:35:33.240	1.33242	1.33249			6
2025.05.01	01:35:36.636	1.33243	1.33250			6
2025.05.01	01:35:36.944	1.33246	1.33253			6
2025.05.01	01:35:41.249	1.33247				2
2025.05.01	01:35:41.570	1.33246				2
2025.05.01	01:35:43.110	1.33247				2
2025.05.01	01:35:43.419	1.33248				2
2025.05.01	01:35:43.733	1.33247				2
2025.05.01	01:35:45.593	1.33248				2
2025.05.01	01:35:46.823		1.33254			4
2025.05.01	01:35:49.907	1.33247				2
2025.05.01	01:35:50.214		1.33253			4
2025.05.01	01:35:51.452	1.33242	1.33249			6
2025.05.01	01:35:52.685	1.33241	1.33248			6
2025.05.01	01:35:54.222	1.33242	1.33249			6
2025.05.01	01:35:56.383	1.33246	1.33252			6
2025.05.01	01:35:56.687		1.33253			4
2025.05.01	01:36:00.077	1.33246				2
2025.05.01	01:36:22.889		1.33252			4
2025.05.01	01:36:23.815		1.33253			4
2025.05.01	01:36:25.663	1.33247	1.33254			6
2025.05.01	01:36:33.687		1.33253			4
2025.05.01	01:36:36.467		1.33254			4
2025.05.01	01:36:36.777		1.33253			4
2025.05.01	01:36:37.696		1.33254			4
2025.05.01	01:36:38.934	1.33248				2
2025.05.01	01:36:40.786	1.33247				2
2025.05.01	01:36:48.187		1.33253			4
2025.05.01	01:36:53.407		1.33252			4
2025.05.01	01:36:54.636		1.33253			4
2025.05.01	01:36:56.475		1.33252			4
2025.05.01	01:36:58.006		1.33253			4
2025.05.01	01:36:58.312		1.33252			4
2025.05.01	01:37:00.153	1.33247				2
2025.05.01	01:37:06.894	1.33242	1.33248			6
2025.05.01	01:37:07.824		1.33247			4
2025.05.01	01:37:08.124		1.33248			4
2025.05.01	01:37:09.046		1.33249			4
2025.05.01	01:37:09.658		1.33248			4
2025.05.01	01:37:09.964		1.33249			4
2025.05.01	01:37:17.044	1.33243				2
2025.05.01	01:37:17.662	1.33242	1.33248			6
2025.05.01	01:37:20.431	1.33243	1.33249			6
2025.05.01	01:37:31.856	1.33244				2
2025.05.01	01:37:35.247	1.33243				2
2025.05.01	01:37:35.554	1.33244				2
2025.05.01	01:37:37.099	1.33243				2
2025.05.01	01:37:39.262	1.33244				2
2025.05.01	01:37:41.736	1.33243	1.33248			6
2025.05.01	01:37:42.348	1.33244	1.33249			6
2025.05.01	01:37:42.662	1.33243	1.33248			6
2025.05.01	01:37:42.972	1.33244	1.33249			6
2025.05.01	01:37:47.590	1.33246				2
2025.05.01	01:37:50.975	1.33247				2
2025.05.01	01:37:52.199	1.33246				2
2025.05.01	01:37:52.505	1.33245	1.33248			6
2025.05.01	01:37:52.809	1.33246	1.33250			6
2025.05.01	01:37:54.349	1.33247				2
2025.05.01	01:37:57.424	1.33246				2
2025.05.01	01:37:57.726		1.33249			4
2025.05.01	01:38:00.178	1.33246				2
2025.05.01	01:38:01.107	1.33249	1.33252			6
2025.05.01	01:38:01.415		1.33251			4
2025.05.01	01:38:02.031		1.33252			4
2025.05.01	01:38:02.338	1.33250	1.33251			6
2025.05.01	01:38:05.093		1.33252			4
2025.05.01	01:38:05.395		1.33251			4
2025.05.01	01:38:05.710		1.33252			4
2025.05.01	01:38:06.019	1.33247	1.33251			6
2025.05.01	01:38:13.073	1.33246	1.33250			6
2025.05.01	01:38:13.990	1.33247				2
2025.05.01	01:38:14.606		1.33251			4
2025.05.01	01:38:18.278	1.33248				2
2025.05.01	01:38:21.955	1.33244	1.33249			6
2025.05.01	01:38:22.260	1.33246				2
2025.05.01	01:38:25.333	1.33245				2
2025.05.01	01:38:25.639	1.33246	1.33251			6
2025.05.01	01:38:26.255	1.33245				2
2025.05.01	01:38:30.860	1.33240	1.33243			6
2025.05.01	01:38:31.163		1.33244			4
2025.05.01	01:38:31.465		1.33243			4
2025.05.01	01:38:31.770	1.33239				2
2025.05.01	01:38:32.390		1.33241			4
2025.05.01	01:38:32.700		1.33243			4
2025.05.01	01:38:33.619		1.33241			4
2025.05.01	01:38:33.924		1.33243			4
2025.05.01	01:38:34.235		1.33241			4
2025.05.01	01:38:34.545		1.33243			4
2025.05.01	01:38:34.855		1.33241			4
2025.05.01	01:38:35.163		1.33243			4
2025.05.01	01:38:35.477		1.33241			4
2025.05.01	01:38:35.783		1.33243			4
2025.05.01	01:38:39.464	1.33237	1.33241			6
2025.05.01	01:38:40.083	1.33238	1.33242			6
2025.05.01	01:38:40.698	1.33236	1.33239			6
2025.05.01	01:38:41.006	1.33235				2
2025.05.01	01:38:45.636	1.33236	1.33241			6
2025.05.01	01:38:45.943	1.33235				2
2025.05.01	01:38:50.258	1.33236				2
2025.05.01	01:39:00.120	1.33236				2
2025.05.01	01:39:00.422	1.33239	1.33243			6
2025.05.01	01:39:01.343	1.33240	1.33244			6
2025.05.01	01:39:02.272	1.33241				2
2025.05.01	01:39:07.213	1.33242				2
2025.05.01	01:39:09.986		1.33245			4
2025.05.01	01:39:10.906		1.33244			4
2025.05.01	01:39:11.214	1.33241				2
2025.05.01	01:39:12.138	1.33238	1.33241			6
2025.05.01	01:39:12.444	1.33237				2
2025.05.01	01:39:17.974	1.33238				2
2025.05.01	01:39:18.279	1.33239	1.33242			6
2025.05.01	01:39:18.893	1.33238				2
2025.05.01	01:39:22.265	1.33239	1.33243			6
2025.05.01	01:39:22.567	1.33240				2
2025.05.01	01:39:23.796	1.33239				2
2025.05.01	01:39:24.408	1.33238	1.33242			6
2025.05.01	01:39:24.718	1.33237	1.33240			6
2025.05.01	01:39:25.331	1.33236				2
2025.05.01	01:39:25.943	1.33237				2
2025.05.01	01:39:26.553	1.33236				2
2025.05.01	01:39:30.538	1.33237	1.33241			6
2025.05.01	01:39:30.845	1.33236				2
2025.05.01	01:39:31.155	1.33237				2
2025.05.01	01:39:33.296		1.33240			4
2025.05.01	01:39:33.604	1.33236				2
2025.05.01	01:39:36.668		1.33241			4
2025.05.01	01:39:36.978		1.33240			4
2025.05.01	01:39:40.047	1.33235	1.33239			6
2025.05.01	01:39:40.351	1.33231	1.33234			6
2025.05.01	01:39:40.657		1.33235			4
2025.05.01	01:39:42.502		1.33234			4
2025.05.01	01:39:48.936	1.33230	1.33235			6
2025.05.01	01:39:49.545		1.33233			4
2025.05.01	01:40:00.016	1.33230				2
2025.05.01	01:40:03.720	1.33229				2
2025.05.01	01:40:19.154	1.33230				2
2025.05.01	01:40:21.596		1.33232			4
2025.05.01	01:40:31.079	1.33229				2
2025.05.01	01:40:35.367	1.33228				2
2025.05.01	01:40:36.595	1.33229	1.33233			6
2025.05.01	01:40:42.420		1.33232			4
2025.05.01	01:40:50.094	1.33230				2
2025.05.01	01:40:53.136	1.33232	1.33234			6
2025.05.01	01:40:53.753		1.33233			4
2025.05.01	01:40:54.058	1.33231				2
2025.05.01	01:40:54.364	1.33230	1.33234			6
2025.05.01	01:40:55.285	1.33231				2
2025.05.01	01:40:57.123		1.33233			4
2025.05.01	01:40:57.435		1.33234			4
2025.05.01	01:40:59.274		1.33233			4
2025.05.01	01:40:59.583		1.33234			4
2025.05.01	01:41:00.199	1.33231				2
2025.05.01	01:41:01.109		1.33233			4
2025.05.01	01:41:01.416	1.33232	1.33235			6
2025.05.01	01:41:02.334		1.33233			4
2025.05.01	01:41:05.409	1.33233	1.33234			6
2025.05.01	01:41:07.842	1.33232	1.33233			6
2025.05.01	01:41:22.573		1.33235			4
2025.05.01	01:41:26.261		1.33233			4
2025.05.01	01:41:35.482	1.33231	1.33232			6
2025.05.01	01:41:37.635	1.33232	1.33233			6
2025.05.01	01:41:48.620	1.33231	1.33232			6
2025.05.01	01:41:48.928	1.33232	1.33233			6
2025.05.01	01:41:52.010	1.33231	1.33232			6
2025.05.01	01:41:52.315	1.33232	1.33233			6
2025.05.01	01:42:00.305	1.33232				2
2025.05.01	01:42:06.439	1.33231	1.33232			6
2025.05.01	01:42:06.747	1.33224	1.33225			6
2025.05.01	01:42:07.057	1.33225	1.33226			6
2025.05.01	01:42:07.368	1.33223	1.33225			6
2025.05.01	01:42:07.988	1.33222				2
2025.05.01	01:42:11.068	1.33223				2
2025.05.01	01:42:11.377	1.33222				2
2025.05.01	01:42:12.611		1.33224			4
2025.05.01	01:42:13.840	1.33228	1.33231			6
2025.05.01	01:42:14.141	1.33231	1.33233			6
2025.05.01	01:42:14.770		1.33234			4
2025.05.01	01:42:18.167	1.33230	1.33235			6
2025.05.01	01:42:20.011		1.33234			4
2025.05.01	01:42:20.625		1.33233			4
2025.05.01	01:42:20.935		1.33234			4
2025.05.01	01:42:23.394		1.33233			4
2025.05.01	01:42:25.552		1.33234			4
2025.05.01	01:42:25.858		1.33236			4
2025.05.01	01:42:27.089		1.33235			4
2025.05.01	01:42:28.015		1.33234			4
2025.05.01	01:42:28.322		1.33235			4
2025.05.01	01:42:28.629		1.33233			4
2025.05.01	01:42:32.012	1.33233	1.33238			6
2025.05.01	01:42:32.321	1.33236	1.33240			6
2025.05.01	01:42:34.779		1.33239			4
2025.05.01	01:42:38.165		1.33240			4
2025.05.01	01:42:42.498	1.33235				2
2025.05.01	01:42:42.801		1.33238			4
2025.05.01	01:42:43.114	1.33236				2
2025.05.01	01:42:44.042	1.33235				2
2025.05.01	01:42:50.816		1.33239			4
2025.05.01	01:42:56.377	1.33236	1.33238			6
2025.05.01	01:43:00.082	1.33236				2
2025.05.01	01:43:00.391	1.33237	1.33240			6
2025.05.01	01:43:00.700	1.33236	1.33239			6
2025.05.01	01:43:07.162	1.33235				2
2025.05.01	01:43:09.937	1.33236				2
2025.05.01	01:43:11.169	1.33235				2
2025.05.01	01:43:11.475	1.33236				2
2025.05.01	01:43:20.720	1.33235				2
2025.05.01	01:43:22.575	1.33236				2
2025.05.01	01:43:22.883	1.33234	1.33238			6
2025.05.01	01:43:23.198		1.33236			4
2025.05.01	01:43:29.370	1.33235				2
2025.05.01	01:43:32.144	1.33232				2
2025.05.01	01:43:33.378	1.33231				2
2025.05.01	01:43:40.158	1.33232				2
2025.05.01	01:43:40.768	1.33233				2
2025.05.01	01:43:41.693	1.33232				2
2025.05.01	01:43:48.761		1.33235			4
2025.05.01	01:44:00.067	1.33232				2
2025.05.01	01:44:01.599	1.33237	1.33239			6
2025.05.01	01:44:01.909		1.33240			4
2025.05.01	01:44:02.221	1.33236	1.33239			6
2025.05.01	01:44:02.533		1.33240			4
2025.05.01	01:44:06.234		1.33239			4
2025.05.01	01:44:07.467	1.33235	1.33240			6
2025.05.01	01:44:09.011		1.33239			4
2025.05.01	01:44:11.477		1.33241			4
2025.05.01	01:44:11.787		1.33239			4
2025.05.01	01:44:14.260	1.33236				2
2025.05.01	01:44:14.872		1.33238			4
2025.05.01	01:44:16.720	1.33235	1.33239			6
2025.05.01	01:44:17.040	1.33236				2
2025.05.01	01:44:18.884	1.33237	1.33240			6
2025.05.01	01:44:24.753	1.33238				2
2025.05.01	01:44:25.060	1.33237				2
2025.05.01	01:44:25.370		1.33239			4
2025.05.01	01:44:26.594		1.33240			4
2025.05.01	01:44:29.344	1.33236	1.33239			6
2025.05.01	01:44:29.653	1.33237	1.33241			6
2025.05.01	01:44:37.252	1.33236	1.33240			6
2025.05.01	01:44:37.557		1.33239			4
2025.05.01	01:44:38.164	1.33237				2
2025.05.01	01:44:43.379	1.33238				2
2025.05.01	01:44:49.146	1.33236				2
2025.05.01	01:44:49.449	1.33238				2
2025.05.01	01:44:49.754	1.33237				2
2025.05.01	01:44:50.370	1.33238				2
2025.05.01	01:44:56.772	1.33237				2
2025.05.01	01:44:57.374	1.33236	1.33237			6
2025.05.01	01:44:57.982	1.33237	1.33238			6
2025.05.01	01:45:00.111	1.33237				2
2025.05.01	01:45:00.730	1.33236	1.33237			6
2025.05.01	01:45:01.649	1.33239	1.33240			6
2025.05.01	01:45:01.953	1.33242	1.33244			6
2025.05.01	01:45:02.258	1.33240	1.33243			6
2025.05.01	01:45:07.196	1.33241				2
2025.05.01	01:45:07.508	1.33240				2
2025.05.01	01:45:08.124	1.33241				2
2025.05.01	01:45:08.746	1.33240				2
2025.05.01	01:45:09.049	1.33241				2
2025.05.01	01:45:10.284	1.33242				2
2025.05.01	01:45:14.909		1.33244			4
2025.05.01	01:45:17.070		1.33246			4
2025.05.01	01:45:20.157		1.33244			4
2025.05.01	01:45:26.030	1.33243	1.33247			6
2025.05.01	01:45:26.957		1.33246			4
2025.05.01	01:45:30.659		1.33247			4
2025.05.01	01:45:31.896		1.33246			4
2025.05.01	01:45:32.203		1.33247			4
2025.05.01	01:45:34.351		1.33244			4
2025.05.01	01:45:35.586	1.33242	1.33243			6
2025.05.01	01:45:37.430		1.33244			4
2025.05.01	01:45:37.743		1.33243			4
2025.05.01	01:45:38.355	1.33243	1.33244			6
2025.05.01	01:45:52.072	1.33244	1.33245			6
2025.05.01	01:46:00.006	1.33244				2
2025.05.01	01:46:01.842	1.33245	1.33246			6
2025.05.01	01:46:02.456	1.33244	1.33245			6
2025.05.01	01:46:30.683	1.33243	1.33244			6
2025.05.01	01:46:36.849	1.33244	1.33245			6
2025.05.01	01:46:38.066	1.33243	1.33244			6
2025.05.01	01:46:49.802		1.33245			4
2025.05.01	01:46:50.415		1.33244			4
2025.05.01	01:46:50.715	1.33242	1.33243			6
2025.05.01	01:47:00.283	1.33242				2
2025.05.01	01:47:03.670	1.33243	1.33244			6
2025.05.01	01:47:55.924	1.33244	1.33247			6
2025.05.01	01:47:56.243		1.33245			4
2025.05.01	01:47:58.711	1.33243	1.33244			6
2025.05.01	01:48:00.246	1.33243				2
2025.05.01	01:48:13.796		1.33246			4
2025.05.01	01:48:15.961	1.33244				2
2025.05.01	01:48:16.888		1.33245			4
2025.05.01	01:48:17.203		1.33246			4
2025.05.01	01:48:19.047	1.33243				2
2025.05.01	01:48:23.053		1.33245			4
2025.05.01	01:48:23.360		1.33246			4
2025.05.01	01:48:25.211		1.33245			4
2025.05.01	01:48:25.518		1.33246			4
2025.05.01	01:48:29.836		1.33245			4
2025.05.01	01:48:30.141		1.33244			4
2025.05.01	01:48:34.157		1.33245			4
2025.05.01	01:48:48.975	1.33241	1.33242			6
2025.05.01	01:48:50.204	1.33237	1.33238			6
2025.05.01	01:48:50.512	1.33239	1.33240			6
2025.05.01	01:48:50.821	1.33237	1.33238			6
2025.05.01	01:48:51.133	1.33239	1.33240			6
2025.05.01	01:48:54.820	1.33238				2
2025.05.01	01:48:56.969	1.33239				2
2025.05.01	01:48:59.739	1.33240	1.33241			6
2025.05.01	01:49:00.039	1.33238	1.33240			6
2025.05.01	01:49:01.590	1.33239				2
2025.05.01	01:49:02.512	1.33238				2
2025.05.01	01:49:06.196	1.33239				2
2025.05.01	01:49:06.509	1.33238				2
2025.05.01	01:49:08.670		1.33241			4
2025.05.01	01:49:09.902	1.33234	1.33236			6
2025.05.01	01:49:10.821	1.33233				2
2025.05.01	01:49:11.130	1.33232	1.33237			6
2025.05.01	01:49:15.446	1.33231	1.33235			6
2025.05.01	01:49:35.998		1.33234			4
2025.05.01	01:49:36.304		1.33235			4
2025.05.01	01:49:38.456	1.33230	1.33234			6
2025.05.01	01:49:38.763	1.33231	1.33235			6
2025.05.01	01:49:39.071	1.33230	1.33234			6
2025.05.01	01:49:40.301	1.33231	1.33235			6
2025.05.01	01:49:42.463	1.33230	1.33234			6
2025.05.01	01:49:42.773	1.33231	1.33235			6
2025.05.01	01:49:43.083	1.33230	1.33234			6
2025.05.01	01:49:43.385	1.33231	1.33235			6
2025.05.01	01:49:43.694	1.33230	1.33234			6
2025.05.01	01:49:44.312	1.33231	1.33235			6
2025.05.01	01:49:44.624	1.33230	1.33234			6
2025.05.01	01:49:46.775	1.33231	1.33235			6
2025.05.01	01:49:47.082	1.33230	1.33234			6
2025.05.01	01:49:47.394	1.33231	1.33235			6
2025.05.01	01:49:57.252	1.33232				2
2025.05.01	01:49:58.174	1.33231	1.33234			6
2025.05.01	01:50:00.023	1.33231				2
2025.05.01	01:50:00.330	1.33232	1.33235			6
2025.05.01	01:50:00.946	1.33231	1.33234			6
2025.05.01	01:50:12.957	1.33232	1.33235			6
2025.05.01	01:50:14.195	1.33231	1.33234			6
2025.05.01	01:50:19.723	1.33232	1.33235			6
2025.05.01	01:50:20.647	1.33231	1.33233			6
2025.05.01	01:50:20.954		1.33234			4
2025.05.01	01:50:26.195	1.33232	1.33235			6
2025.05.01	01:51:00.052	1.33232				2
2025.05.01	01:51:10.219	1.33233				2
2025.05.01	01:51:11.146	1.33232				2
2025.05.01	01:51:13.613	1.33233				2
2025.05.01	01:51:17.613		1.33236			4
2025.05.01	01:51:20.389		1.33235			4
2025.05.01	01:51:22.245	1.33232				2
2025.05.01	01:51:26.860	1.33233				2
2025.05.01	01:51:27.168	1.33232				2
2025.05.01	01:51:28.714	1.33233	1.33236			6
2025.05.01	01:51:29.022	1.33235	1.33238			6
2025.05.01	01:51:29.335		1.33237			4
2025.05.01	01:51:32.417	1.33242	1.33245			6
2025.05.01	01:51:32.728		1.33244			4
2025.05.01	01:51:33.349	1.33240				2
2025.05.01	01:52:00.161	1.33240				2
2025.05.01	01:52:06.324	1.33241				2
2025.05.01	01:52:06.936	1.33240	1.33245			6
2025.05.01	01:52:14.330	1.33241				2
2025.05.01	01:52:19.877	1.33242				2
2025.05.01	01:52:20.493	1.33241				2
2025.05.01	01:52:25.106	1.33242				2
2025.05.01	01:52:26.027	1.33241				2
2025.05.01	01:52:35.884	1.33242	1.33246			6
2025.05.01	01:52:36.189		1.33247			4
2025.05.01	01:52:37.430		1.33246			4
2025.05.01	01:52:41.437	1.33241				2
2025.05.01	01:52:44.212		1.33245			4
2025.05.01	01:52:49.451	1.33242				2
2025.05.01	01:52:50.372	1.33241				2
2025.05.01	01:52:50.988	1.33242				2
2025.05.01	01:52:51.607	1.33241				2
2025.05.01	01:52:54.682	1.33242	1.33246			6
2025.05.01	01:53:00.241	1.33242				2
2025.05.01	01:53:07.343		1.33245			4
2025.05.01	01:53:08.884	1.33241				2
2025.05.01	01:53:16.273	1.33242				2
2025.05.01	01:53:17.500	1.33250	1.33253			6
2025.05.01	01:53:17.806	1.33252	1.33254			6
2025.05.01	01:53:18.108	1.33249				2
2025.05.01	01:53:23.049		1.33255			4
2025.05.01	01:53:26.740	1.33240	1.33245			6
2025.05.01	01:53:27.978	1.33245	1.33249			6
2025.05.01	01:53:37.203		1.33251			4
2025.05.01	01:53:42.144	1.33246				2
2025.05.01	01:53:49.231	1.33247				2
2025.05.01	01:53:55.698	1.33249	1.33252			6
2025.05.01	01:53:56.005	1.33250				2
2025.05.01	01:53:56.622	1.33249				2
2025.05.01	01:53:57.553		1.33254			4
2025.05.01	01:53:57.866	1.33250				2
2025.05.01	01:54:00.023	1.33250				2
2025.05.01	01:54:08.651	1.33251				2
2025.05.01	01:54:10.190	1.33250				2
2025.05.01	01:54:12.346	1.33251				2
2025.05.01	01:54:22.200	1.33250				2
2025.05.01	01:54:23.429		1.33253			4
2025.05.01	01:54:24.362		1.33254			4
2025.05.01	01:54:30.218	1.33249				2
2025.05.01	01:54:31.757		1.33253			4
2025.05.01	01:54:44.073	1.33250	1.33254			6
2025.05.01	01:54:44.380	1.33249	1.33253			6
2025.05.01	01:54:57.016	1.33247	1.33251			6
2025.05.01	01:55:00.095	1.33247				2
2025.05.01	01:55:04.405		1.33250			4
2025.05.01	01:55:04.712		1.33252			4
2025.05.01	01:55:05.328	1.33249	1.33253			6
2025.05.01	01:55:12.706	1.33250				2
2025.05.01	01:55:15.167	1.33249				2
2025.05.01	01:55:20.403	1.33250				2
2025.05.01	01:55:26.573		1.33254			4
2025.05.01	01:55:26.882	1.33251	1.33256			6
2025.05.01	01:55:30.274	1.33250	1.33253			6
2025.05.01	01:55:33.360	1.33251				2
2025.05.01	01:55:46.855		1.33254			4
2025.05.01	01:55:50.531		1.33253			4
2025.05.01	01:55:52.677		1.33254			4
2025.05.01	01:55:52.984		1.33253			4
2025.05.01	01:55:55.125		1.33254			4
2025.05.01	01:56:00.007	1.33251				2
2025.05.01	01:56:00.316		1.33255			4
2025.05.01	01:56:00.931		1.33254			4
2025.05.01	01:56:01.551		1.33255			4
2025.05.01	01:56:02.159		1.33254			4
2025.05.01	01:56:02.465		1.33255			4
2025.05.01	01:56:13.708	1.33252				2
2025.05.01	01:56:14.009	1.33251				2
2025.05.01	01:56:15.548		1.33254			4
2025.05.01	01:56:16.761		1.33255			4
2025.05.01	01:56:21.333	1.33252				2
2025.05.01	01:56:24.383	1.33253				2
2025.05.01	01:56:26.821	1.33252				2
2025.05.01	01:56:28.650	1.33253				2
2025.05.01	01:56:31.096	1.33252				2
2025.05.01	01:56:32.311	1.33253				2
2025.05.01	01:56:37.468	1.33254				2
2025.05.01	01:56:38.686	1.33253				2
2025.05.01	01:56:42.946	1.33257	1.33259			6
2025.05.01	01:56:43.248	1.33259	1.33261			6
2025.05.01	01:56:44.162	1.33257				2
2025.05.01	01:56:46.313	1.33258				2
2025.05.01	01:56:47.233		1.33260			4
2025.05.01	01:56:47.851		1.33261			4
2025.05.01	01:56:51.237	1.33261	1.33265			6
2025.05.01	01:56:51.545	1.33262				2
2025.05.01	01:56:52.157	1.33261	1.33264			6
2025.05.01	01:57:00.170	1.33261				2
2025.05.01	01:57:02.329	1.33262				2
2025.05.01	01:57:03.253	1.33261				2
2025.05.01	01:57:03.558		1.33266			4
2025.05.01	01:57:03.863	1.33262	1.33265			6
2025.05.01	01:57:05.397	1.33261	1.33264			6
2025.05.01	01:57:18.043	1.33262				2
2025.05.01	01:57:18.974	1.33258	1.33260			6
2025.05.01	01:57:20.216	1.33257				2
2025.05.01	01:57:20.521	1.33258				2
2025.05.01	01:57:22.986	1.33257				2
2025.05.01	01:57:26.376	1.33258				2
2025.05.01	01:57:30.377		1.33261			4
2025.05.01	01:57:30.684	1.33259	1.33262			6
2025.05.01	01:57:32.535	1.33260				2
2025.05.01	01:57:34.073	1.33259				2
2025.05.01	01:57:34.691		1.33261			4
2025.05.01	01:57:34.999		1.33262			4
2025.05.01	01:57:35.303	1.33260				2
2025.05.01	01:57:36.535	1.33259				2
2025.05.01	01:57:41.146	1.33258	1.33261			6
2025.05.01	01:57:41.454		1.33262			4
2025.05.01	01:57:44.219	1.33259				2
2025.05.01	01:57:47.297	1.33258				2
2025.05.01	01:57:48.836	1.33259	1.33261			6
2025.05.01	01:57:49.141	1.33258				2
2025.05.01	01:57:49.446		1.33262			4
2025.05.01	01:57:54.073	1.33259	1.33263			6
2025.05.01	01:57:56.234	1.33260				2
2025.05.01	01:57:56.535	1.33253	1.33255			6
2025.05.01	01:57:57.159	1.33252				2
2025.05.01	01:58:00.246	1.33250				2
2025.05.01	01:58:00.861		1.33254			4
2025.05.01	01:58:02.401	1.33251				2
2025.05.01	01:58:11.361	1.33261	1.33264			6
2025.05.01	01:58:16.917	1.33260				2
2025.05.01	01:58:17.843	1.33261				2
2025.05.01	01:58:22.160	1.33257	1.33261			6
2025.05.01	01:58:23.701	1.33256				2
2025.05.01	01:58:24.012	1.33257				2
2025.05.01	01:58:24.629	1.33256				2
2025.05.01	01:58:28.636	1.33257				2
2025.05.01	01:58:29.252	1.33256				2
2025.05.01	01:58:32.017	1.33257				2
2025.05.01	01:58:35.091	1.33258				2
2025.05.01	01:58:37.244	1.33257				2
2025.05.01	01:58:37.554	1.33258				2
2025.05.01	01:58:40.017	1.33257				2
2025.05.01	01:58:40.635	1.33260	1.33263			6
2025.05.01	01:58:40.944	1.33257	1.33262			6
2025.05.01	01:58:46.482		1.33261			4
2025.05.01	01:58:47.104		1.33262			4
2025.05.01	01:58:48.338		1.33261			4
2025.05.01	01:58:51.108		1.33262			4
2025.05.01	01:58:51.723	1.33258				2
2025.05.01	01:58:53.571	1.33260	1.33263			6
2025.05.01	01:58:53.882		1.33264			4
2025.05.01	01:58:54.805		1.33263			4
2025.05.01	01:59:00.051	1.33260				2
2025.05.01	01:59:02.215	1.33261				2
2025.05.01	01:59:04.070	1.33260				2
2025.05.01	01:59:04.995	1.33258				2
2025.05.01	01:59:09.293	1.33257	1.33262			6
2025.05.01	01:59:09.601		1.33263			4
2025.05.01	01:59:10.519	1.33256	1.33257			6
2025.05.01	01:59:10.824	1.33251	1.33256			6
2025.05.01	01:59:12.372	1.33250				2
2025.05.01	01:59:12.683		1.33255			4
2025.05.01	01:59:19.453	1.33252	1.33257			6
2025.05.01	01:59:20.998	1.33251	1.33255			6
2025.05.01	01:59:21.921	1.33250				2
2025.05.01	01:59:24.696	1.33251				2
2025.05.01	01:59:27.780	1.33250				2
2025.05.01	01:59:31.170	1.33251				2
2025.05.01	01:59:31.481		1.33256			4
2025.05.01	01:59:31.790	1.33250				2
2025.05.01	01:59:32.710		1.33255			4
2025.05.01	01:59:36.097	1.33249	1.33252			6
2025.05.01	01:59:46.248	1.33247				2
2025.05.01	01:59:52.717	1.33246				2
2025.05.01	01:59:53.640	1.33247				2
2025.05.01	01:59:57.657	1.33246				2
2025.05.01	01:59:58.272	1.33247				2
2025.05.01	02:00:00.115	1.33248	1.33253			6
2025.05.01	02:00:00.417	1.33249	1.33255			6
2025.05.01	02:00:00.729		1.33253			4
2025.05.01	02:00:02.272	1.33248	1.33252			6
2025.05.01	02:00:02.904	1.33249	1.33253			6
2025.05.01	02:00:03.827	1.33246	1.33251			6
2025.05.01	02:00:04.137	1.33245				2
2025.05.01	02:00:04.745	1.33247	1.33253			6
2025.05.01	02:00:05.065	1.33246	1.33247			6
2025.05.01	02:00:05.371	1.33239	1.33244			6
2025.05.01	02:00:06.303		1.33245			4
2025.05.01	02:00:06.614	1.33240				2
2025.05.01	02:00:07.237	1.33239				2
2025.05.01	02:00:09.392	1.33241	1.33246			6
2025.05.01	02:00:14.933	1.33240				2
2025.05.01	02:00:17.711	1.33241				2
2025.05.01	02:00:25.112	1.33240	1.33245			6
2025.05.01	02:00:25.726	1.33241	1.33246			6
2025.05.01	02:00:28.198	1.33240				2
2025.05.01	02:00:29.432	1.33241				2
2025.05.01	02:00:31.894	1.33240				2
2025.05.01	02:00:32.196	1.33241				2
2025.05.01	02:00:38.375	1.33240				2
2025.05.01	02:00:40.845	1.33241				2
2025.05.01	02:00:48.858		1.33244			4
2025.05.01	02:00:49.162	1.33239	1.33243			6
2025.05.01	02:00:54.707	1.33238				2
2025.05.01	02:00:57.785	1.33239				2
2025.05.01	02:00:58.715	1.33238				2
2025.05.01	02:01:00.258	1.33238				2
2025.05.01	02:01:02.423	1.33239				2
2025.05.01	02:01:04.271	1.33236	1.33241			6
2025.05.01	02:01:09.525	1.33234	1.33239			6
2025.05.01	02:01:10.758	1.33230	1.33235			6
2025.05.01	02:01:15.087	1.33231	1.33233			6
2025.05.01	02:01:19.700		1.33232			4
2025.05.01	02:01:20.006	1.33230				2
2025.05.01	02:01:20.933	1.33231				2
2025.05.01	02:01:21.856	1.33230				2
2025.05.01	02:01:22.164	1.33231				2
2025.05.01	02:01:25.256	1.33230				2
2025.05.01	02:01:25.567	1.33231				2
2025.05.01	02:01:27.420	1.33229				2
2025.05.01	02:01:33.586		1.33233			4
2025.05.01	02:01:38.218	1.33230				2
2025.05.01	02:01:39.137		1.33231			4
2025.05.01	02:01:39.440	1.33225	1.33227			6
2025.05.01	02:01:40.366	1.33222	1.33223			6
2025.05.01	02:01:40.673	1.33221				2
2025.05.01	02:01:40.981	1.33220	1.33224			6
2025.05.01	02:02:00.102	1.33220				2
2025.05.01	02:02:02.257		1.33226			4
2025.05.01	02:02:04.107	1.33225	1.33228			6
2025.05.01	02:02:04.412	1.33226				2
2025.05.01	02:02:05.333	1.33225				2
2025.05.01	02:02:08.121	1.33224				2
2025.05.01	02:02:08.427	1.33225				2
2025.05.01	02:02:10.282	1.33224				2
2025.05.01	02:02:11.208	1.33223				2
2025.05.01	02:02:13.675	1.33224				2
2025.05.01	02:02:14.908	1.33223				2
2025.05.01	02:02:15.218	1.33225				2
2025.05.01	02:02:15.524	1.33224				2
2025.05.01	02:02:16.137	1.33220	1.33225			6
2025.05.01	02:02:20.450	1.33219				2
2025.05.01	02:02:21.677	1.33220				2
2025.05.01	02:02:22.296	1.33221	1.33226			6
2025.05.01	02:02:22.912	1.33220	1.33225			6
2025.05.01	02:02:25.383	1.33219				2
2025.05.01	02:02:26.004	1.33221				2
2025.05.01	02:02:28.776		1.33228			4
2025.05.01	02:02:30.003	1.33220	1.33227			6
2025.05.01	02:02:31.242		1.33225			4
2025.05.01	02:02:31.853	1.33219				2
2025.05.01	02:02:33.402	1.33220				2
2025.05.01	02:02:34.642	1.33219				2
2025.05.01	02:02:35.255	1.33220				2
2025.05.01	02:02:35.563		1.33224			4
2025.05.01	02:02:35.875	1.33219				2
2025.05.01	02:02:42.347		1.33221			4
2025.05.01	02:02:42.653	1.33220	1.33224			6
2025.05.01	02:02:42.964	1.33219	1.33221			6
2025.05.01	02:02:43.578	1.33220	1.33224			6
2025.05.01	02:02:43.891	1.33219	1.33221			6
2025.05.01	02:02:44.504	1.33220	1.33224			6
2025.05.01	02:02:44.820	1.33219	1.33221			6
2025.05.01	02:02:45.123	1.33220	1.33224			6
2025.05.01	02:02:47.296	1.33219				2
2025.05.01	02:02:49.755	1.33220				2
2025.05.01	02:02:50.068	1.33219				2
2025.05.01	02:02:54.700	1.33220				2
2025.05.01	02:02:57.787	1.33219				2
2025.05.01	02:02:58.402	1.33220				2
2025.05.01	02:03:00.231	1.33220				2
2025.05.01	02:03:07.220	1.33217	1.33220			6
2025.05.01	02:03:07.521	1.33215				2
2025.05.01	02:03:08.133	1.33214				2
2025.05.01	02:03:11.515		1.33219			4
2025.05.01	02:03:12.129		1.33220			4
2025.05.01	02:03:12.438	1.33213	1.33219			6
2025.05.01	02:03:15.226	1.33214				2
2025.05.01	02:03:16.769		1.33215			4
2025.05.01	02:03:20.160	1.33215	1.33216			6
2025.05.01	02:03:22.006	1.33214	1.33215			6
2025.05.01	02:03:22.313	1.33215	1.33216			6
2025.05.01	02:03:23.850	1.33214	1.33215			6
2025.05.01	02:03:26.616	1.33215	1.33216			6
2025.05.01	02:03:29.077	1.33214	1.33215			6
2025.05.01	02:03:29.983	1.33215	1.33216			6
2025.05.01	02:03:31.519	1.33214	1.33215			6
2025.05.01	02:03:36.132	1.33210	1.33211			6
2025.05.01	02:03:36.433	1.33213	1.33214			6
2025.05.01	02:03:37.045	1.33214	1.33215			6
2025.05.01	02:03:39.795	1.33215	1.33216			6
2025.05.01	02:03:40.098	1.33219	1.33220			6
2025.05.01	02:03:40.405	1.33222	1.33223			6
2025.05.01	02:03:41.344	1.33221	1.33222			6
2025.05.01	02:03:41.650	1.33220	1.33221			6
2025.05.01	02:03:48.440	1.33219	1.33220			6
2025.05.01	02:03:52.738	1.33218	1.33219			6
2025.05.01	02:03:53.981	1.33219	1.33220			6
2025.05.01	02:03:54.290	1.33213	1.33214			6
2025.05.01	02:03:57.069	1.33212	1.33213			6
2025.05.01	02:03:59.537	1.33213	1.33214			6
2025.05.01	02:04:00.153	1.33213				2
2025.05.01	02:04:02.308	1.33212	1.33213			6
2025.05.01	02:04:02.616		1.33214			4
2025.05.01	02:04:06.937		1.33213			4
2025.05.01	02:04:07.251	1.33211	1.33212			6
2025.05.01	02:04:07.562	1.33213	1.33214			6
2025.05.01	02:04:26.999	1.33212	1.33218			6
2025.05.01	02:04:29.478	1.33213	1.33214			6
2025.05.01	02:04:32.260	1.33214	1.33215			6
2025.05.01	02:04:32.566	1.33213	1.33214			6
2025.05.01	02:04:33.801	1.33214	1.33215			6
2025.05.01	02:04:35.036	1.33213	1.33214			6
2025.05.01	02:04:39.968	1.33214	1.33215			6
2025.05.01	02:04:42.422	1.33223	1.33225			6
2025.05.01	02:04:42.727		1.33224			4
2025.05.01	02:04:43.037	1.33224	1.33225			6
2025.05.01	02:04:43.342	1.33223				2
2025.05.01	02:04:45.802		1.33224			4
2025.05.01	02:04:51.343		1.33225			4
2025.05.01	02:04:59.957	1.33226	1.33228			6
2025.05.01	02:05:00.260	1.33226	1.33227			6
2025.05.01	02:05:01.193	1.33227	1.33228			6
2025.05.01	02:05:06.118	1.33226				2
2025.05.01	02:05:11.680		1.33227			4
2025.05.01	02:05:27.026		1.33228			4
2025.05.01	02:05:27.333		1.33227			4
2025.05.01	02:05:30.096		1.33231			4
2025.05.01	02:05:31.021		1.33228			4
2025.05.01	02:05:33.163	1.33227	1.33229			6
2025.05.01	02:05:36.547		1.33233			4
2025.05.01	02:05:37.472		1.33229			4
2025.05.01	02:05:41.164		1.33230			4
2025.05.01	02:05:41.777	1.33226	1.33228			6
2025.05.01	02:05:44.225	1.33227				2
2025.05.01	02:05:45.754		1.33232			4
2025.05.01	02:05:46.666		1.33228			4
2025.05.01	02:05:49.420		1.33232			4
2025.05.01	02:05:50.029		1.33228			4
2025.05.01	02:05:50.337		1.33232			4
2025.05.01	02:05:50.957		1.33228			4
2025.05.01	02:05:56.796		1.33232			4
2025.05.01	02:05:57.101		1.33231			4
2025.05.01	02:05:57.408		1.33228			4
2025.05.01	02:06:00.172	1.33227				2
2025.05.01	02:06:03.255	1.33228	1.33229			6
2025.05.01	02:06:12.439	1.33227	1.33228			6
2025.05.01	02:06:12.741	1.33228	1.33229			6
2025.05.01	02:06:13.050	1.33227	1.33228			6
2025.05.01	02:06:13.353	1.33228	1.33229			6
2025.05.01	02:06:13.963	1.33227	1.33228			6
2025.05.01	02:06:14.886	1.33228	1.33229			6
2025.05.01	02:06:21.330	1.33226	1.33227			6
2025.05.01	02:06:23.168	1.33225	1.33226			6
2025.05.01	02:06:26.541	1.33226	1.33227			6
2025.05.01	02:06:28.059	1.33225	1.33226			6
2025.05.01	02:06:28.986	1.33219	1.33220			6
2025.05.01	02:06:29.288	1.33218	1.33219			6
2025.05.01	02:06:33.309		1.33224			4
2025.05.01	02:06:33.614	1.33217	1.33222			6
2025.05.01	02:06:33.923		1.33218			4
2025.05.01	02:06:35.163		1.33219			4
2025.05.01	02:06:37.323	1.33218				2
2025.05.01	02:06:39.793	1.33214	1.33215			6
2025.05.01	02:06:40.096	1.33213	1.33214			6
2025.05.01	02:06:46.580	1.33212	1.33213			6
2025.05.01	02:06:46.885		1.33214			4
2025.05.01	02:06:49.352	1.33213				2
2025.05.01	02:06:52.434	1.33214	1.33215			6
2025.05.01	02:06:53.358	1.33213	1.33214			6
2025.05.01	02:06:57.690	1.33217	1.33218			6
2025.05.01	02:07:00.163	1.33217				2
2025.05.01	02:07:01.391		1.33219			4
2025.05.01	02:07:08.151	1.33218				2
2025.05.01	02:07:12.126	1.33219	1.33220			6
2025.05.01	02:07:12.735	1.33218	1.33219			6
2025.05.01	02:07:14.272	1.33219	1.33220			6
2025.05.01	02:07:16.723	1.33218	1.33219			6
2025.05.01	02:07:17.642	1.33219	1.33220			6
2025.05.01	02:07:20.401	1.33218	1.33219			6
2025.05.01	02:07:29.242		1.33220			4
2025.05.01	02:07:32.287	1.33224	1.33225			6
2025.05.01	02:07:33.208	1.33223				2
2025.05.01	02:07:33.512	1.33222				2
2025.05.01	02:07:37.212	1.33223				2
2025.05.01	02:07:37.515		1.33224			4
2025.05.01	02:07:43.666	1.33222				2
2025.05.01	02:07:43.970	1.33223				2
2025.05.01	02:07:44.590	1.33222				2
2025.05.01	02:07:46.422	1.33223				2
2025.05.01	02:07:47.342	1.33224	1.33225			6
2025.05.01	02:07:49.488	1.33223	1.33224			6
2025.05.01	02:07:49.793	1.33224	1.33225			6
2025.05.01	02:07:52.834	1.33223	1.33224			6
2025.05.01	02:07:53.746	1.33224	1.33225			6
2025.05.01	02:07:54.058	1.33223	1.33224			6
2025.05.01	02:07:57.703	1.33224	1.33225			6
2025.05.01	02:08:00.155	1.33224				2
2025.05.01	02:08:03.213	1.33223	1.33224			6
2025.05.01	02:08:03.829	1.33224	1.33225			6
2025.05.01	02:08:06.283	1.33219	1.33220			6
2025.05.01	02:08:12.439	1.33217	1.33219			6
2025.05.01	02:08:12.742	1.33218				2
2025.05.01	02:08:14.282	1.33219	1.33220			6
2025.05.01	02:08:16.436	1.33218	1.33219			6
2025.05.01	02:08:41.375	1.33219	1.33220			6
2025.05.01	02:08:47.785	1.33218	1.33219			6
2025.05.01	02:08:58.464	1.33214	1.33215			6
2025.05.01	02:08:59.388	1.33213	1.33214			6
2025.05.01	02:09:00.000	1.33213				2
2025.05.01	02:09:00.308	1.33210	1.33211			6
2025.05.01	02:09:00.610	1.33211	1.33212			6
2025.05.01	02:09:01.223	1.33210	1.33211			6
2025.05.01	02:09:06.144	1.33211	1.33212			6
2025.05.01	02:09:08.294	1.33210	1.33213			6
2025.05.01	02:09:09.207	1.33209	1.33210			6
2025.05.01	02:09:15.348	1.33210	1.33211			6
2025.05.01	02:09:16.268	1.33209	1.33210			6
2025.05.01	02:09:19.335	1.33210	1.33211			6
2025.05.01	02:09:19.945	1.33209	1.33210			6
2025.05.01	02:09:24.227	1.33210	1.33211			6
2025.05.01	02:09:25.441	1.33211	1.33212			6
2025.05.01	02:09:25.742	1.33214	1.33215			6
2025.05.01	02:09:38.942	1.33215	1.33216			6
2025.05.01	02:09:39.859	1.33218	1.33219			6
2025.05.01	02:09:40.784	1.33214	1.33215			6
2025.05.01	02:09:42.625	1.33213	1.33214			6
2025.05.01	02:09:58.653	1.33214	1.33215			6
2025.05.01	02:09:59.271	1.33213	1.33214			6
2025.05.01	02:10:00.202	1.33213				2
2025.05.01	02:10:01.432	1.33214	1.33215			6
2025.05.01	02:10:01.739	1.33213	1.33214			6
2025.05.01	02:10:02.967	1.33214	1.33215			6
2025.05.01	02:10:03.587	1.33213	1.33214			6
2025.05.01	02:10:04.205	1.33214	1.33215			6
2025.05.01	02:10:20.374	1.33215	1.33216			6
2025.05.01	02:10:21.885	1.33216	1.33217			6
2025.05.01	02:10:22.186	1.33218	1.33219			6
2025.05.01	02:10:25.263	1.33217	1.33218			6
2025.05.01	02:10:34.060	1.33216	1.33217			6
2025.05.01	02:10:34.361	1.33214	1.33215			6
2025.05.01	02:10:54.957	1.33215	1.33216			6
2025.05.01	02:10:55.261	1.33217	1.33218			6
2025.05.01	02:10:57.725	1.33219	1.33220			6
2025.05.01	02:11:00.191	1.33219				2
2025.05.01	02:11:02.653	1.33218	1.33219			6
2025.05.01	02:11:02.959	1.33219	1.33220			6
2025.05.01	02:11:13.453	1.33214	1.33215			6
2025.05.01	02:11:29.805	1.33218	1.33219			6
2025.05.01	02:11:31.349	1.33217	1.33218			6
2025.05.01	02:11:34.123	1.33218	1.33219			6
2025.05.01	02:11:39.976		1.33221			4
2025.05.01	02:11:40.899		1.33219			4
2025.05.01	02:11:52.305		1.33220			4
2025.05.01	02:11:56.613	1.33220	1.33221			6
2025.05.01	02:12:00.295	1.33220				2
2025.05.01	02:12:04.912	1.33217	1.33218			6
2025.05.01	02:12:07.682	1.33225	1.33226			6
2025.05.01	02:12:07.990	1.33228	1.33229			6
2025.05.01	02:12:08.297	1.33227	1.33228			6
2025.05.01	02:12:09.226	1.33226	1.33227			6
2025.05.01	02:12:10.151	1.33221	1.33222			6
2025.05.01	02:12:17.240	1.33220	1.33221			6
2025.05.01	02:12:17.855	1.33219	1.33220			6
2025.05.01	02:12:18.163	1.33220	1.33221			6
2025.05.01	02:12:19.397	1.33221	1.33222			6
2025.05.01	02:12:23.707	1.33223	1.33224			6
2025.05.01	02:12:24.939	1.33226	1.33227			6
2025.05.01	02:12:25.240	1.33227	1.33228			6
2025.05.01	02:12:25.557	1.33232	1.33233			6
2025.05.01	02:12:30.799	1.33233	1.33234			6
2025.05.01	02:13:00.272	1.33233				2
2025.05.01	02:13:30.675	1.33229	1.33230			6
2025.05.01	02:13:30.982	1.33228	1.33229			6
2025.05.01	02:13:34.044	1.33231	1.33232			6
2025.05.01	02:13:34.348	1.33232	1.33233			6
2025.05.01	02:13:44.504	1.33233	1.33234			6
2025.05.01	02:13:54.362	1.33231	1.33232			6
2025.05.01	02:14:00.225	1.33227	1.33228			6
2025.05.01	02:14:00.528	1.33225	1.33226			6
2025.05.01	02:14:00.848	1.33224	1.33225			6
2025.05.01	02:14:01.461	1.33225	1.33226			6
2025.05.01	02:14:01.774	1.33221	1.33222			6
2025.05.01	02:14:02.081	1.33219	1.33220			6
2025.05.01	02:14:02.388	1.33220	1.33221			6
2025.05.01	02:14:03.624	1.33217	1.33218			6
2025.05.01	02:14:04.551	1.33219	1.33220			6
2025.05.01	02:14:09.175	1.33216	1.33218			6
2025.05.01	02:14:10.101	1.33214	1.33215			6
2025.05.01	02:14:11.029	1.33213	1.33214			6
2025.05.01	02:14:11.330	1.33214	1.33215			6
2025.05.01	02:14:13.181	1.33205	1.33207			6
2025.05.01	02:14:15.650		1.33206			4
2025.05.01	02:14:16.264	1.33204	1.33205			6
2025.05.01	02:14:20.599	1.33205	1.33206			6
2025.05.01	02:14:20.902	1.33207	1.33208			6
2025.05.01	02:14:21.524	1.33213	1.33214			6
2025.05.01	02:14:25.231	1.33208	1.33209			6
2025.05.01	02:14:25.544	1.33204	1.33205			6
2025.05.01	02:14:26.474	1.33205	1.33206			6
