<DATE>	<TIME>	<BID>	<ASK>	<LAST>	<VOLUME>	<FLAGS>
2025.02.05	00:00:00.153	1.24737	1.24827			6
2025.02.05	00:00:00.944	1.24707	1.24870			6
2025.02.05	00:00:26.887		1.24867			4
2025.02.05	00:00:55.456	1.24796	1.24833			6
2025.02.05	00:01:10.699	1.24796				2
2025.02.05	00:01:17.095	1.24712	1.24870			6
2025.02.05	00:01:41.734	1.24732	1.24828			6
2025.02.05	00:02:00.201	1.24732				2
2025.02.05	00:02:21.821		1.24827			4
2025.02.05	00:02:50.584	1.24738	1.24826			6
2025.02.05	00:02:52.175		1.24807			4
2025.02.05	00:03:00.702	1.24739				2
2025.02.05	00:03:37.142	1.24763	1.24812			6
2025.02.05	00:03:41.483	1.24761	1.24811			6
2025.02.05	00:03:43.825	1.24762	1.24812			6
2025.02.05	00:04:00.700	1.24762				2
2025.02.05	00:04:06.808	1.24740	1.24807			6
2025.02.05	00:04:15.385		1.24809			4
2025.02.05	00:04:18.283	1.24739				2
2025.02.05	00:04:32.667	1.24741	1.24811			6
2025.02.05	00:04:32.973		1.24812			4
2025.02.05	00:04:34.828		1.24813			4
2025.02.05	00:04:42.814	1.24742				2
2025.02.05	00:04:45.800	1.24739	1.24811			6
2025.02.05	00:04:52.927		1.24816			4
2025.02.05	00:05:00.702	1.24739				2
2025.02.05	00:05:20.702	1.24740				2
2025.02.05	00:05:40.700		1.24815			4
2025.02.05	00:06:00.705	1.24740				2
2025.02.05	00:06:40.700		1.24815			4
2025.02.05	00:06:50.701	1.24741	1.24814			6
2025.02.05	00:07:00.701	1.24741				2
2025.02.05	00:07:48.903	1.24742	1.24817			6
2025.02.05	00:08:00.699	1.24742				2
2025.02.05	00:08:30.702	1.24743				2
2025.02.05	00:08:40.701		1.24816			4
2025.02.05	00:09:00.311	1.24743				2
2025.02.05	00:09:03.581	1.24744	1.24833			6
2025.02.05	00:09:09.102	1.24738	1.24802			6
2025.02.05	00:10:00.309	1.24738				2
2025.02.05	00:10:09.220		1.24802			4
2025.02.05	00:10:11.288	1.24726	1.24816			6
2025.02.05	00:10:17.728	1.24727	1.24817			6
2025.02.05	00:10:18.340	1.24726	1.24816			6
2025.02.05	00:10:18.643	1.24727	1.24817			6
2025.02.05	00:10:19.572	1.24726	1.24816			6
2025.02.05	00:10:27.855	1.24727	1.24817			6
2025.02.05	00:10:31.851	1.24743	1.24833			6
2025.02.05	00:10:42.252	1.24742	1.24832			6
2025.02.05	00:10:45.058	1.24743	1.24833			6
2025.02.05	00:10:57.452	1.24742	1.24832			6
2025.02.05	00:10:59.895	1.24743	1.24833			6
2025.02.05	00:11:00.201	1.24742	1.24832			6
2025.02.05	00:11:01.732	1.24743	1.24833			6
2025.02.05	00:11:02.963	1.24744	1.24831			6
2025.02.05	00:11:07.012	1.24743	1.24833			6
2025.02.05	00:11:07.931	1.24744	1.24831			6
2025.02.05	00:11:11.909	1.24743	1.24833			6
2025.02.05	00:11:12.846	1.24744	1.24831			6
2025.02.05	00:11:29.881		1.24833			4
2025.02.05	00:11:36.321	1.24751	1.24836			6
2025.02.05	00:11:36.981	1.24753				2
2025.02.05	00:12:00.991	1.24753				2
2025.02.05	00:12:31.888		1.24837			4
2025.02.05	00:12:44.177		1.24836			4
2025.02.05	00:12:47.842		1.24837			4
2025.02.05	00:13:00.689	1.24753				2
2025.02.05	00:13:17.511		1.24835			4
2025.02.05	00:14:01.300	1.24753				2
2025.02.05	00:14:17.763		1.24835			4
2025.02.05	00:15:00.915	1.24753				2
2025.02.05	00:16:16.150	1.24753	1.24835			6
2025.02.05	00:16:54.184	1.24729	1.24836			6
2025.02.05	00:16:54.494	1.24744				2
2025.02.05	00:16:59.201	1.24743				2
2025.02.05	00:17:00.114	1.24743				2
2025.02.05	00:17:49.791	1.24741				2
2025.02.05	00:17:52.862	1.24738	1.24826			6
2025.02.05	00:17:53.164	1.24737	1.24833			6
2025.02.05	00:18:00.201	1.24737				2
2025.02.05	00:18:02.337	1.24738				2
2025.02.05	00:18:05.396	1.24739				2
2025.02.05	00:18:28.395	1.24738				2
2025.02.05	00:18:53.333		1.24833			4
2025.02.05	00:19:00.115	1.24738				2
2025.02.05	00:19:03.188	1.24739				2
2025.02.05	00:19:12.440	1.24732				2
2025.02.05	00:19:18.284	1.24733				2
2025.02.05	00:19:22.596	1.24734				2
2025.02.05	00:19:25.047	1.24735				2
2025.02.05	00:19:28.134	1.24736				2
2025.02.05	00:19:33.370	1.24737				2
2025.02.05	00:19:38.606	1.24736				2
2025.02.05	00:19:43.529	1.24734				2
2025.02.05	00:19:43.837	1.24737				2
2025.02.05	00:19:49.078	1.24732				2
2025.02.05	00:19:53.090	1.24735				2
2025.02.05	00:19:53.396		1.24833			4
2025.02.05	00:20:00.173	1.24735				2
2025.02.05	00:20:03.242	1.24733				2
2025.02.05	00:20:06.627	1.24734				2
2025.02.05	00:20:10.322	1.24733				2
2025.02.05	00:20:12.168	1.24734				2
2025.02.05	00:20:13.404	1.24733				2
2025.02.05	00:20:13.706	1.24732				2
2025.02.05	00:20:24.797	1.24733				2
2025.02.05	00:20:34.965	1.24734				2
2025.02.05	00:20:38.968	1.24735				2
2025.02.05	00:20:48.522	1.24736				2
2025.02.05	00:20:53.444		1.24833			4
2025.02.05	00:21:00.217	1.24736				2
2025.02.05	00:21:03.301	1.24737				2
2025.02.05	00:21:03.615	1.24734				2
2025.02.05	00:21:31.582	1.24732				2
2025.02.05	00:21:39.222	1.24733				2
2025.02.05	00:21:41.370		1.24845			4
2025.02.05	00:21:50.564	1.24734				2
2025.02.05	00:21:55.473	1.24735				2
2025.02.05	00:22:00.092	1.24735				2
2025.02.05	00:22:12.069	1.24736				2
2025.02.05	00:22:16.671	1.24734	1.24844			6
2025.02.05	00:22:47.244		1.24845			4
2025.02.05	00:22:51.563	1.24736				2
2025.02.05	00:23:00.188	1.24736				2
2025.02.05	00:23:02.959	1.24737				2
2025.02.05	00:23:06.661	1.24738				2
2025.02.05	00:23:29.802	1.24734	1.24843			6
2025.02.05	00:24:00.229	1.24734				2
2025.02.05	00:24:16.534	1.24733	1.24841			6
2025.02.05	00:24:51.911	1.24732	1.24845			6
2025.02.05	00:24:52.215	1.24734	1.24843			6
2025.02.05	00:24:55.607	1.24733	1.24841			6
2025.02.05	00:25:00.219	1.24733				2
2025.02.05	00:25:32.519	1.24732	1.24839			6
2025.02.05	00:25:36.221		1.24845			4
2025.02.05	00:25:37.453	1.24733	1.24840			6
2025.02.05	00:25:43.904	1.24732	1.24843			6
2025.02.05	00:25:44.215	1.24733	1.24839			6
2025.02.05	00:25:46.991	1.24732	1.24837			6
2025.02.05	00:25:53.155		1.24835			4
2025.02.05	00:25:59.913		1.24842			4
2025.02.05	00:26:00.229	1.24732				2
2025.02.05	00:26:02.681		1.24843			4
2025.02.05	00:26:03.301	1.24739	1.24845			6
2025.02.05	00:26:07.305	1.24737				2
2025.02.05	00:26:07.613	1.24739				2
2025.02.05	00:26:07.926	1.24740				2
2025.02.05	00:26:10.064	1.24739				2
2025.02.05	00:26:11.283	1.24738				2
2025.02.05	00:26:13.121	1.24742				2
2025.02.05	00:26:13.428	1.24740				2
2025.02.05	00:26:15.880	1.24734				2
2025.02.05	00:26:16.190	1.24737				2
2025.02.05	00:26:19.860	1.24739	1.24836			6
2025.02.05	00:26:20.774	1.24738				2
2025.02.05	00:26:24.747	1.24739				2
2025.02.05	00:26:27.797	1.24738				2
2025.02.05	00:26:33.307	1.24740				2
2025.02.05	00:26:33.618	1.24741				2
2025.02.05	00:26:33.921	1.24747				2
2025.02.05	00:26:37.285	1.24748				2
2025.02.05	00:26:41.265		1.24849			4
2025.02.05	00:26:42.797	1.24749				2
2025.02.05	00:26:43.721	1.24748				2
2025.02.05	00:26:44.027	1.24751				2
2025.02.05	00:26:44.337	1.24748				2
2025.02.05	00:26:48.343	1.24749	1.24839			6
2025.02.05	00:26:49.980	1.24750	1.24840			6
2025.02.05	00:26:51.497	1.24751	1.24841			6
2025.02.05	00:27:00.008	1.24751				2
2025.02.05	00:27:03.369	1.24752	1.24842			6
2025.02.05	00:27:10.453	1.24751	1.24841			6
2025.02.05	00:27:16.288	1.24752	1.24842			6
2025.02.05	00:27:21.931	1.24754	1.24844			6
2025.02.05	00:27:23.158	1.24753	1.24843			6
2025.02.05	00:27:26.532	1.24754	1.24844			6
2025.02.05	00:27:41.268	1.24753	1.24843			6
2025.02.05	00:27:42.494	1.24754	1.24844			6
2025.02.05	00:28:00.030	1.24754				2
2025.02.05	00:28:42.797		1.24844			4
2025.02.05	00:28:46.502	1.24755				2
2025.02.05	00:28:49.577	1.24748	1.24838			6
2025.02.05	00:29:00.042	1.24748				2
2025.02.05	00:29:00.964	1.24749	1.24839			6
2025.02.05	00:29:11.723	1.24748	1.24838			6
2025.02.05	00:29:18.791	1.24749	1.24839			6
2025.02.05	00:29:33.693	1.24748	1.24838			6
2025.02.05	00:29:54.864	1.24747	1.24837			6
2025.02.05	00:30:00.070	1.24747				2
2025.02.05	00:30:00.386		1.24836			4
2025.02.05	00:30:04.377		1.24837			4
2025.02.05	00:30:06.524	1.24752	1.24841			6
2025.02.05	00:30:08.670	1.24753				2
2025.02.05	00:30:10.819	1.24752				2
2025.02.05	00:30:11.121	1.24753				2
2025.02.05	00:30:17.567	1.24750	1.24831			6
2025.02.05	00:30:19.120	1.24751				2
2025.02.05	00:30:21.877	1.24753	1.24834			6
2025.02.05	00:30:24.335	1.24752	1.24831			6
2025.02.05	00:30:56.163	1.24755				2
2025.02.05	00:31:00.151	1.24755				2
2025.02.05	00:31:01.381	1.24754				2
2025.02.05	00:31:09.673	1.24757	1.24840			6
2025.02.05	00:31:12.449	1.24758				2
2025.02.05	00:31:21.973	1.24756				2
2025.02.05	00:31:22.276	1.24757				2
2025.02.05	00:31:23.203	1.24758				2
2025.02.05	00:31:25.348	1.24757				2
2025.02.05	00:31:29.951	1.24758				2
2025.02.05	00:31:34.255	1.24774	1.24841			6
2025.02.05	00:31:41.477	1.24755	1.24834			6
2025.02.05	00:31:49.466	1.24754				2
2025.02.05	00:31:53.144	1.24755				2
2025.02.05	00:31:56.515	1.24754				2
2025.02.05	00:31:58.360	1.24752				2
2025.02.05	00:31:58.668	1.24753				2
2025.02.05	00:32:00.209	1.24753				2
2025.02.05	00:32:02.354	1.24752				2
2025.02.05	00:32:02.823	1.24753				2
2025.02.05	00:32:06.509	1.24752				2
2025.02.05	00:32:06.819	1.24753				2
2025.02.05	00:32:14.501	1.24755				2
2025.02.05	00:32:31.171	1.24756				2
2025.02.05	00:32:41.609	1.24755	1.24834			6
2025.02.05	00:32:48.361		1.24836			4
2025.02.05	00:32:50.202	1.24754				2
2025.02.05	00:32:52.965		1.24833			4
2025.02.05	00:33:00.035	1.24754				2
2025.02.05	00:33:00.950	1.24756	1.24829			6
2025.02.05	00:35:02.817	1.24756	1.24829			6
2025.02.05	00:35:09.411	1.24757				2
2025.02.05	00:35:45.733	1.24756				2
2025.02.05	00:35:46.158	1.24758				2
2025.02.05	00:35:47.109	1.24756				2
2025.02.05	00:35:51.087	1.24758				2
2025.02.05	00:35:54.027	1.24756				2
2025.02.05	00:35:55.980	1.24760				2
2025.02.05	00:36:00.665	1.24756				2
2025.02.05	00:36:04.288	1.24762	1.24829			6
2025.02.05	00:36:05.547	1.24768				2
2025.02.05	00:36:09.788	1.24770				2
2025.02.05	00:36:10.557	1.24766				2
2025.02.05	00:36:11.825	1.24762				2
2025.02.05	00:36:26.143	1.24767				2
2025.02.05	00:36:29.193	1.24770				2
2025.02.05	00:36:30.989	1.24776				2
2025.02.05	00:36:33.086	1.24775				2
2025.02.05	00:36:33.685	1.24774				2
2025.02.05	00:36:41.867	1.24777				2
2025.02.05	00:36:42.401	1.24778				2
2025.02.05	00:36:48.119	1.24779				2
2025.02.05	00:36:48.547	1.24782				2
2025.02.05	00:36:50.388	1.24783				2
2025.02.05	00:36:50.769	1.24784				2
2025.02.05	00:37:00.687	1.24784				2
2025.02.05	00:37:04.886		1.24829			4
2025.02.05	00:37:06.395	1.24783				2
2025.02.05	00:37:09.102	1.24784				2
2025.02.05	00:37:11.185	1.24782				2
2025.02.05	00:37:12.386	1.24781				2
2025.02.05	00:37:15.387	1.24782				2
2025.02.05	00:37:17.199	1.24784				2
2025.02.05	00:37:18.243	1.24782				2
2025.02.05	00:37:22.586		1.24833			4
2025.02.05	00:37:27.987	1.24783	1.24829			6
2025.02.05	00:37:29.188	1.24784				2
2025.02.05	00:37:30.320	1.24783				2
2025.02.05	00:37:30.646	1.24779				2
2025.02.05	00:37:30.964	1.24774				2
2025.02.05	00:37:32.790	1.24779				2
2025.02.05	00:37:34.950	1.24782	1.24832			6
2025.02.05	00:37:35.260	1.24784				2
2025.02.05	00:37:36.740	1.24785				2
2025.02.05	00:37:39.460	1.24786	1.24827			6
2025.02.05	00:37:41.121	1.24787				2
2025.02.05	00:37:41.924	1.24786				2
2025.02.05	00:37:46.344	1.24784	1.24831			6
2025.02.05	00:37:52.920	1.24785				2
2025.02.05	00:38:00.092	1.24785				2
2025.02.05	00:38:00.438	1.24784				2
2025.02.05	00:38:32.187	1.24785				2
2025.02.05	00:38:34.587	1.24786				2
2025.02.05	00:38:36.091	1.24787				2
2025.02.05	00:38:36.990	1.24784				2
2025.02.05	00:38:38.757	1.24785				2
2025.02.05	00:38:39.113	1.24786				2
2025.02.05	00:38:39.512	1.24787				2
2025.02.05	00:38:40.289	1.24786				2
2025.02.05	00:38:40.699	1.24788				2
2025.02.05	00:38:46.589		1.24831			4
2025.02.05	00:38:52.141	1.24784				2
2025.02.05	00:38:52.594	1.24788				2
2025.02.05	00:38:53.075	1.24790				2
2025.02.05	00:38:54.086	1.24791				2
2025.02.05	00:38:54.591	1.24775				2
2025.02.05	00:38:56.720	1.24774				2
2025.02.05	00:39:00.100	1.24774				2
2025.02.05	00:39:00.704	1.24772				2
2025.02.05	00:39:01.108	1.24776				2
2025.02.05	00:39:03.297	1.24775				2
2025.02.05	00:39:04.737	1.24774	1.24833			6
2025.02.05	00:39:11.578	1.24772				2
2025.02.05	00:39:13.587	1.24773				2
2025.02.05	00:39:16.286	1.24772				2
2025.02.05	00:39:21.993	1.24773				2
2025.02.05	00:39:28.715	1.24774				2
2025.02.05	00:39:41.721	1.24772				2
2025.02.05	00:39:42.053	1.24771				2
2025.02.05	00:40:00.091	1.24771				2
2025.02.05	00:40:03.888	1.24770				2
2025.02.05	00:40:04.986		1.24833			4
2025.02.05	00:40:13.561	1.24772				2
2025.02.05	00:40:13.891	1.24773				2
2025.02.05	00:40:16.744	1.24774				2
2025.02.05	00:40:25.094	1.24772				2
2025.02.05	00:40:26.068	1.24774				2
2025.02.05	00:40:30.699	1.24773				2
2025.02.05	00:40:32.601	1.24772				2
2025.02.05	00:40:33.747	1.24771				2
2025.02.05	00:40:40.359	1.24772				2
2025.02.05	00:40:47.637	1.24774				2
2025.02.05	00:40:54.264	1.24773				2
2025.02.05	00:40:55.046	1.24774				2
2025.02.05	00:41:00.747	1.24774				2
2025.02.05	00:41:04.129	1.24773				2
2025.02.05	00:41:05.054		1.24833			4
2025.02.05	00:41:06.670	1.24774				2
2025.02.05	00:41:22.081	1.24773				2
2025.02.05	00:41:22.542	1.24774				2
2025.02.05	00:41:23.180	1.24772				2
2025.02.05	00:41:24.404	1.24774				2
2025.02.05	00:41:26.500	1.24773				2
2025.02.05	00:41:29.786	1.24774				2
2025.02.05	00:41:32.295	1.24773	1.24829			6
2025.02.05	00:41:35.272	1.24774				2
2025.02.05	00:41:46.271	1.24772				2
2025.02.05	00:41:46.612	1.24771				2
2025.02.05	00:41:46.930	1.24773				2
2025.02.05	00:41:47.982	1.24760	1.24833			6
2025.02.05	00:41:58.020	1.24762				2
2025.02.05	00:41:58.733	1.24761				2
2025.02.05	00:42:00.664	1.24761				2
2025.02.05	00:42:07.743	1.24758				2
2025.02.05	00:42:10.167	1.24757				2
2025.02.05	00:42:13.543	1.24759				2
2025.02.05	00:42:13.996	1.24760				2
2025.02.05	00:42:14.302	1.24759				2
2025.02.05	00:42:14.622	1.24760				2
2025.02.05	00:42:23.190	1.24759				2
2025.02.05	00:42:30.451	1.24760				2
2025.02.05	00:42:31.170	1.24759				2
2025.02.05	00:42:31.542	1.24760				2
2025.02.05	00:42:35.561	1.24759				2
2025.02.05	00:42:36.606	1.24755				2
2025.02.05	00:42:36.932	1.24756				2
2025.02.05	00:42:37.627	1.24755				2
2025.02.05	00:42:38.545	1.24754				2
2025.02.05	00:42:44.879	1.24753				2
2025.02.05	00:42:49.541		1.24833			4
2025.02.05	00:42:51.125		1.24831			4
2025.02.05	00:42:53.437		1.24833			4
2025.02.05	00:42:55.117		1.24831			4
2025.02.05	00:42:56.488		1.24832			4
2025.02.05	00:42:57.699		1.24833			4
2025.02.05	00:42:59.849	1.24755				2
2025.02.05	00:43:00.150	1.24755				2
2025.02.05	00:43:01.079	1.24753	1.24832			6
2025.02.05	00:43:01.421	1.24754				2
2025.02.05	00:43:02.035		1.24833			4
2025.02.05	00:43:03.576	1.24759				2
2025.02.05	00:43:03.883	1.24761				2
2025.02.05	00:43:05.682	1.24763				2
2025.02.05	00:43:06.182	1.24762				2
2025.02.05	00:43:06.835	1.24765				2
2025.02.05	00:43:08.617	1.24766				2
2025.02.05	00:43:14.499	1.24767				2
2025.02.05	00:43:21.613	1.24766				2
2025.02.05	00:43:22.836	1.24767				2
2025.02.05	00:43:23.833	1.24766				2
2025.02.05	00:43:28.071	1.24769				2
2025.02.05	00:43:29.536	1.24768				2
2025.02.05	00:43:32.334	1.24767				2
2025.02.05	00:43:32.787	1.24766				2
2025.02.05	00:43:35.974	1.24767				2
2025.02.05	00:43:36.562	1.24766				2
2025.02.05	00:43:37.180	1.24768				2
2025.02.05	00:43:42.576	1.24767				2
2025.02.05	00:43:47.793		1.24834			4
2025.02.05	00:43:53.410	1.24768				2
2025.02.05	00:44:00.092	1.24769				2
2025.02.05	00:44:04.160	1.24770				2
2025.02.05	00:44:08.839	1.24771				2
2025.02.05	00:44:12.625	1.24772				2
2025.02.05	00:44:19.291	1.24773				2
2025.02.05	00:44:20.186	1.24772				2
2025.02.05	00:44:21.386	1.24773				2
2025.02.05	00:44:22.836	1.24774				2
2025.02.05	00:44:24.086	1.24773				2
2025.02.05	00:44:25.831	1.24774				2
2025.02.05	00:44:32.868	1.24772				2
2025.02.05	00:44:35.071	1.24776				2
2025.02.05	00:44:35.391	1.24774				2
2025.02.05	00:44:36.090	1.24775				2
2025.02.05	00:44:37.840	1.24776				2
2025.02.05	00:44:39.090	1.24775				2
2025.02.05	00:44:40.462	1.24774				2
2025.02.05	00:44:41.034	1.24775				2
2025.02.05	00:44:41.499	1.24774				2
2025.02.05	00:44:42.692	1.24775				2
2025.02.05	00:44:44.922	1.24774				2
2025.02.05	00:44:47.937	1.24775	1.24834			6
2025.02.05	00:44:51.180	1.24776				2
2025.02.05	00:44:51.669	1.24775				2
2025.02.05	00:44:54.560	1.24778				2
2025.02.05	00:44:57.624	1.24777				2
2025.02.05	00:44:59.002	1.24778				2
2025.02.05	00:45:00.698	1.24778				2
2025.02.05	00:45:01.184	1.24779				2
2025.02.05	00:45:01.900	1.24759	1.24849			6
2025.02.05	00:45:02.514	1.24758	1.24848			6
2025.02.05	00:45:04.060	1.24780	1.24834			6
2025.02.05	00:45:05.372	1.24778				2
2025.02.05	00:45:07.995	1.24794	1.24818			6
2025.02.05	00:45:08.590	1.24795				2
2025.02.05	00:45:09.514	1.24796				2
2025.02.05	00:45:29.521	1.24797				2
2025.02.05	00:45:29.829	1.24798				2
2025.02.05	00:45:38.461	1.24796				2
2025.02.05	00:45:40.929	1.24798				2
2025.02.05	00:45:41.850	1.24799				2
2025.02.05	00:45:43.395	1.24798				2
2025.02.05	00:45:44.005	1.24799				2
2025.02.05	00:45:45.858	1.24800				2
2025.02.05	00:45:48.621	1.24801				2
2025.02.05	00:45:49.238	1.24800				2
2025.02.05	00:45:49.541		1.24821			4
2025.02.05	00:45:49.856	1.24799				2
2025.02.05	00:45:50.776	1.24798				2
2025.02.05	00:45:51.397	1.24797				2
2025.02.05	00:45:52.010	1.24796				2
2025.02.05	00:46:00.019	1.24796				2
2025.02.05	00:46:27.754	1.24795				2
2025.02.05	00:46:37.907	1.24796				2
2025.02.05	00:46:49.608		1.24821			4
2025.02.05	00:47:00.081	1.24796				2
2025.02.05	00:47:01.930	1.24777	1.24835			6
2025.02.05	00:47:04.098	1.24796	1.24821			6
2025.02.05	00:47:41.206	1.24797				2
2025.02.05	00:47:50.438		1.24836			4
2025.02.05	00:47:58.433	1.24796	1.24814			6
2025.02.05	00:48:00.288	1.24796				2
2025.02.05	00:48:01.209	1.24797				2
2025.02.05	00:48:03.996	1.24796				2
2025.02.05	00:48:04.605	1.24797				2
2025.02.05	00:48:07.386	1.24795				2
2025.02.05	00:48:16.023	1.24794				2
2025.02.05	00:48:19.104	1.24793				2
2025.02.05	00:48:23.416	1.24794				2
2025.02.05	00:48:27.104		1.24812			4
2025.02.05	00:48:27.721	1.24795				2
2025.02.05	00:48:29.568	1.24794				2
2025.02.05	00:48:31.118	1.24795				2
2025.02.05	00:48:35.422	1.24796				2
2025.02.05	00:48:45.264	1.24797				2
2025.02.05	00:49:00.057	1.24797				2
2025.02.05	00:49:00.672	1.24786				2
2025.02.05	00:49:27.381		1.24812			4
2025.02.05	00:50:00.245	1.24786				2
2025.02.05	00:50:05.472	1.24787				2
2025.02.05	00:50:05.782	1.24786				2
2025.02.05	00:50:27.318		1.24820			4
2025.02.05	00:50:29.782	1.24787				2
2025.02.05	00:50:36.243	1.24786				2
2025.02.05	00:50:42.700		1.24819			4
2025.02.05	00:50:46.695		1.24820			4
2025.02.05	00:50:47.617		1.24819			4
2025.02.05	00:51:00.236	1.24786				2
2025.02.05	00:51:03.920		1.24820			4
2025.02.05	00:51:15.604	1.24785				2
2025.02.05	00:51:19.913	1.24786	1.24819			6
2025.02.05	00:51:20.524	1.24785	1.24820			6
2025.02.05	00:51:33.136	1.24786	1.24819			6
2025.02.05	00:51:37.436	1.24787	1.24818			6
2025.02.05	00:51:55.887	1.24786	1.24819			6
2025.02.05	00:51:56.201	1.24785	1.24820			6
2025.02.05	00:51:58.658	1.24787	1.24818			6
2025.02.05	00:52:00.197	1.24787				2
2025.02.05	00:52:17.730	1.24785	1.24820			6
2025.02.05	00:52:18.647	1.24786	1.24819			6
2025.02.05	00:52:19.880	1.24785	1.24820			6
2025.02.05	00:52:28.800	1.24786	1.24819			6
2025.02.05	00:52:36.483	1.24787	1.24818			6
2025.02.05	00:53:00.185	1.24787				2
2025.02.05	00:53:08.792	1.24785	1.24820			6
2025.02.05	00:53:09.716		1.24819			4
2025.02.05	00:53:13.711	1.24786				2
2025.02.05	00:53:19.551	1.24784	1.24809			6
2025.02.05	00:53:19.856	1.24779				2
2025.02.05	00:53:34.673		1.24811			4
2025.02.05	00:53:34.977		1.24810			4
2025.02.05	00:53:35.599		1.24811			4
2025.02.05	00:53:36.521		1.24810			4
2025.02.05	00:53:39.604		1.24812			4
2025.02.05	00:53:46.059		1.24811			4
2025.02.05	00:53:53.444	1.24783	1.24824			6
2025.02.05	00:53:53.759		1.24823			4
2025.02.05	00:53:54.060	1.24784	1.24822			6
2025.02.05	00:53:56.533	1.24782	1.24820			6
2025.02.05	00:54:00.223	1.24782				2
2025.02.05	00:54:00.839		1.24821			4
2025.02.05	00:54:02.682	1.24783	1.24822			6
2025.02.05	00:54:12.522		1.24823			4
2025.02.05	00:54:16.207	1.24782				2
2025.02.05	00:54:18.039	1.24783	1.24824			6
2025.02.05	00:54:21.101	1.24782				2
2025.02.05	00:54:31.241	1.24781				2
2025.02.05	00:54:53.989	1.24782				2
2025.02.05	00:54:56.759	1.24781				2
2025.02.05	00:54:58.903	1.24789				2
2025.02.05	00:55:00.132	1.24789				2
2025.02.05	00:55:01.981	1.24782	1.24820			6
2025.02.05	00:55:02.282	1.24781				2
2025.02.05	00:55:05.046	1.24782				2
2025.02.05	00:55:07.196	1.24783				2
2025.02.05	00:55:07.504	1.24780				2
2025.02.05	00:55:10.890		1.24817			4
2025.02.05	00:55:19.498		1.24819			4
2025.02.05	00:55:19.804		1.24820			4
2025.02.05	00:55:24.108		1.24819			4
2025.02.05	00:55:34.240		1.24820			4
2025.02.05	00:55:40.694	1.24777	1.24817			6
2025.02.05	00:55:45.001	1.24775				2
2025.02.05	00:55:46.231		1.24816			4
2025.02.05	00:55:46.538	1.24776	1.24812			6
2025.02.05	00:55:47.460		1.24813			4
2025.02.05	00:55:48.996		1.24815			4
2025.02.05	00:55:50.225		1.24817			4
2025.02.05	00:55:51.758	1.24782				2
2025.02.05	00:55:52.687	1.24783				2
2025.02.05	00:55:53.300	1.24785				2
2025.02.05	00:55:53.601	1.24786				2
2025.02.05	00:55:54.215	1.24787				2
2025.02.05	00:56:00.047	1.24787				2
2025.02.05	00:56:00.353	1.24789				2
2025.02.05	00:56:03.425	1.24791				2
2025.02.05	00:56:05.571	1.24792				2
2025.02.05	00:56:11.722	1.24793				2
2025.02.05	00:56:14.173	1.24789				2
2025.02.05	00:56:15.400	1.24788				2
2025.02.05	00:56:16.018	1.24790				2
2025.02.05	00:56:19.084	1.24788				2
2025.02.05	00:56:20.936	1.24789				2
2025.02.05	00:56:23.701	1.24792				2
2025.02.05	00:56:24.011	1.24794				2
2025.02.05	00:56:26.173	1.24793				2
2025.02.05	00:56:27.103	1.24794				2
2025.02.05	00:56:35.698	1.24793				2
2025.02.05	00:56:37.548	1.24790				2
2025.02.05	00:56:38.766	1.24795				2
2025.02.05	00:56:40.310	1.24796				2
2025.02.05	00:56:43.073	1.24797				2
2025.02.05	00:56:43.689	1.24799				2
2025.02.05	00:56:45.846	1.24800				2
2025.02.05	00:56:50.451		1.24817			4
2025.02.05	00:56:50.760	1.24796				2
2025.02.05	00:56:51.685	1.24797				2
2025.02.05	00:56:54.448	1.24799				2
2025.02.05	00:56:54.758	1.24800				2
2025.02.05	00:56:55.060	1.24796	1.24822			6
2025.02.05	00:56:57.207	1.24797				2
2025.02.05	00:56:59.056	1.24800				2
2025.02.05	00:57:00.295	1.24800				2
2025.02.05	00:57:00.596	1.24794				2
2025.02.05	00:57:01.213	1.24790				2
2025.02.05	00:57:02.135	1.24788				2
2025.02.05	00:57:07.962	1.24779	1.24816			6
2025.02.05	00:57:08.263		1.24817			4
2025.02.05	00:57:08.568	1.24777				2
2025.02.05	00:57:11.020		1.24816			4
2025.02.05	00:57:11.327	1.24778				2
2025.02.05	00:57:16.563	1.24779				2
2025.02.05	00:57:20.861		1.24817			4
2025.02.05	00:57:23.022		1.24815			4
2025.02.05	00:57:26.090		1.24816			4
2025.02.05	00:57:31.320		1.24817			4
2025.02.05	00:57:32.544		1.24818			4
2025.02.05	00:57:34.385		1.24816			4
2025.02.05	00:57:59.610		1.24817			4
2025.02.05	00:58:00.223	1.24779				2
2025.02.05	00:58:55.541		1.24818			4
2025.02.05	00:58:55.846		1.24819			4
2025.02.05	00:58:56.155		1.24818			4
2025.02.05	00:59:00.151	1.24779				2
2025.02.05	00:59:08.752		1.24819			4
2025.02.05	00:59:11.807		1.24818			4
2025.02.05	00:59:12.124		1.24819			4
2025.02.05	00:59:12.431		1.24820			4
2025.02.05	00:59:12.733		1.24822			4
2025.02.05	00:59:23.486	1.24780				2
2025.02.05	00:59:24.092	1.24782				2
2025.02.05	00:59:24.401	1.24783				2
2025.02.05	00:59:24.713	1.24784				2
2025.02.05	00:59:25.634	1.24786				2
2025.02.05	00:59:26.557	1.24785				2
2025.02.05	00:59:27.472	1.24784				2
2025.02.05	00:59:29.011	1.24787				2
2025.02.05	00:59:29.929	1.24790				2
2025.02.05	00:59:30.237	1.24789				2
2025.02.05	00:59:35.458	1.24793				2
2025.02.05	00:59:39.456	1.24790				2
2025.02.05	00:59:42.227	1.24789				2
2025.02.05	00:59:43.455	1.24788				2
2025.02.05	00:59:44.681	1.24785				2
2025.02.05	00:59:45.299	1.24784				2
2025.02.05	00:59:51.746	1.24783				2
2025.02.05	00:59:52.973	1.24781				2
2025.02.05	00:59:53.585	1.24782				2
2025.02.05	00:59:53.895	1.24783				2
2025.02.05	01:00:00.041	1.24783	1.24815			6
2025.02.05	01:00:00.347	1.24789	1.24812			6
2025.02.05	01:00:00.650	1.24786	1.24813			6
2025.02.05	01:00:00.959	1.24787				2
2025.02.05	01:00:01.266		1.24809			4
2025.02.05	01:00:01.567	1.24783				2
2025.02.05	01:00:01.869	1.24774				2
2025.02.05	01:00:02.170	1.24787	1.24806			6
2025.02.05	01:00:02.477	1.24771	1.24803			6
2025.02.05	01:00:02.783	1.24783				2
2025.02.05	01:00:03.084	1.24782				2
2025.02.05	01:00:03.388	1.24768	1.24800			6
2025.02.05	01:00:03.694	1.24779	1.24790			6
2025.02.05	01:00:04.310	1.24780	1.24789			6
2025.02.05	01:00:04.615	1.24768	1.24800			6
2025.02.05	01:00:04.915	1.24769	1.24801			6
2025.02.05	01:00:05.524	1.24772	1.24781			6
2025.02.05	01:00:06.127	1.24771				2
2025.02.05	01:00:06.441	1.24772	1.24782			6
2025.02.05	01:00:07.661	1.24773	1.24783			6
2025.02.05	01:00:08.568	1.24774	1.24784			6
2025.02.05	01:00:09.174	1.24773	1.24783			6
2025.02.05	01:00:10.080	1.24772	1.24782			6
2025.02.05	01:00:10.381	1.24774	1.24783			6
2025.02.05	01:00:13.127	1.24773	1.24782			6
2025.02.05	01:00:13.736	1.24774	1.24783			6
2025.02.05	01:00:14.044		1.24782			4
2025.02.05	01:00:14.351	1.24773				2
2025.02.05	01:00:15.269	1.24772	1.24781			6
2025.02.05	01:00:15.580	1.24774	1.24782			6
2025.02.05	01:00:15.890	1.24771	1.24780			6
2025.02.05	01:00:16.194	1.24774	1.24783			6
2025.02.05	01:00:17.105	1.24776				2
2025.02.05	01:00:18.020		1.24782			4
2025.02.05	01:00:18.328		1.24783			4
2025.02.05	01:00:19.247		1.24782			4
2025.02.05	01:00:19.547	1.24778	1.24783			6
2025.02.05	01:00:19.856		1.24784			4
2025.02.05	01:00:20.158	1.24776				2
2025.02.05	01:00:20.465	1.24778				2
2025.02.05	01:00:21.079		1.24785			4
2025.02.05	01:00:21.682	1.24780	1.24786			6
2025.02.05	01:00:21.984	1.24777				2
2025.02.05	01:00:22.591	1.24775	1.24784			6
2025.02.05	01:00:23.199	1.24780	1.24782			6
2025.02.05	01:00:23.502		1.24783			4
2025.02.05	01:00:23.805	1.24778	1.24784			6
2025.02.05	01:00:24.719		1.24783			4
2025.02.05	01:00:26.262	1.24779	1.24782			6
2025.02.05	01:00:26.569	1.24774	1.24783			6
2025.02.05	01:00:27.186	1.24773	1.24782			6
2025.02.05	01:00:27.800	1.24774	1.24783			6
2025.02.05	01:00:29.323	1.24773	1.24782			6
2025.02.05	01:00:30.544	1.24779	1.24781			6
2025.02.05	01:00:30.852		1.24785			4
2025.02.05	01:00:31.157	1.24776				2
2025.02.05	01:00:33.306	1.24779	1.24784			6
2025.02.05	01:00:34.536	1.24774	1.24783			6
2025.02.05	01:00:34.842	1.24776	1.24785			6
2025.02.05	01:00:37.584	1.24777	1.24786			6
2025.02.05	01:00:38.806	1.24775	1.24784			6
2025.02.05	01:00:39.112	1.24777	1.24786			6
2025.02.05	01:00:39.721		1.24800			4
2025.02.05	01:00:40.336	1.24776	1.24798			6
2025.02.05	01:00:41.871	1.24792	1.24797			6
2025.02.05	01:00:42.175	1.24797	1.24802			6
2025.02.05	01:00:43.094	1.24800	1.24806			6
2025.02.05	01:00:46.140	1.24801	1.24807			6
2025.02.05	01:00:46.750	1.24802	1.24808			6
2025.02.05	01:00:47.368	1.24803	1.24809			6
2025.02.05	01:00:48.288	1.24802	1.24808			6
2025.02.05	01:00:49.199	1.24801	1.24807			6
2025.02.05	01:00:50.111	1.24799	1.24805			6
2025.02.05	01:00:50.719	1.24800	1.24806			6
2025.02.05	01:00:54.373		1.24805			4
2025.02.05	01:00:54.678	1.24803	1.24809			6
2025.02.05	01:01:00.758	1.24805	1.24811			6
2025.02.05	01:01:03.188		1.24810			4
2025.02.05	01:01:25.498	1.24813	1.24818			6
2025.02.05	01:01:26.734	1.24815	1.24820			6
2025.02.05	01:01:32.203	1.24814	1.24819			6
2025.02.05	01:01:47.170		1.24818			4
2025.02.05	01:01:48.083	1.24813	1.24816			6
2025.02.05	01:01:48.388	1.24814				2
2025.02.05	01:01:48.992	1.24806	1.24811			6
2025.02.05	01:01:57.274	1.24809	1.24813			6
2025.02.05	01:01:58.195		1.24814			4
2025.02.05	01:02:00.052	1.24809				2
2025.02.05	01:02:01.263	1.24810				2
2025.02.05	01:02:06.461	1.24812	1.24816			6
2025.02.05	01:02:08.608		1.24814			4
2025.02.05	01:02:09.535	1.24813				2
2025.02.05	01:02:12.280	1.24812				2
2025.02.05	01:02:14.110	1.24810				2
2025.02.05	01:02:33.245	1.24811	1.24815			6
2025.02.05	01:02:43.012	1.24809	1.24813			6
2025.02.05	01:02:43.918	1.24810	1.24814			6
2025.02.05	01:02:47.889	1.24811	1.24815			6
2025.02.05	01:02:55.508	1.24812	1.24816			6
2025.02.05	01:02:55.814	1.24811	1.24815			6
2025.02.05	01:03:00.090	1.24811				2
2025.02.05	01:03:01.324	1.24810	1.24814			6
2025.02.05	01:03:11.414	1.24811	1.24815			6
2025.02.05	01:03:14.171	1.24812	1.24816			6
2025.02.05	01:03:15.091	1.24813	1.24817			6
2025.02.05	01:03:17.211	1.24812	1.24816			6
2025.02.05	01:03:20.250	1.24813	1.24817			6
2025.02.05	01:03:21.167	1.24811	1.24815			6
2025.02.05	01:03:27.279	1.24810	1.24814			6
2025.02.05	01:03:30.665	1.24811				2
2025.02.05	01:03:30.974	1.24816	1.24820			6
2025.02.05	01:03:41.961	1.24814	1.24818			6
2025.02.05	01:03:42.267	1.24813	1.24817			6
2025.02.05	01:03:43.494	1.24814	1.24818			6
2025.02.05	01:03:43.796	1.24813	1.24817			6
2025.02.05	01:03:44.713	1.24814	1.24818			6
2025.02.05	01:03:45.939	1.24816	1.24820			6
2025.02.05	01:03:46.853	1.24817	1.24821			6
2025.02.05	01:03:47.155	1.24816	1.24820			6
2025.02.05	01:03:47.459	1.24817	1.24821			6
2025.02.05	01:03:56.357	1.24816	1.24820			6
2025.02.05	01:03:57.263	1.24817	1.24821			6
2025.02.05	01:04:00.029	1.24817				2
2025.02.05	01:04:04.301	1.24818	1.24822			6
2025.02.05	01:04:15.364	1.24819	1.24823			6
2025.02.05	01:04:16.590	1.24818	1.24822			6
2025.02.05	01:04:41.159	1.24817	1.24821			6
2025.02.05	01:04:41.762	1.24818	1.24822			6
2025.02.05	01:04:42.076	1.24817	1.24821			6
2025.02.05	01:04:42.380	1.24818	1.24822			6
2025.02.05	01:04:43.307	1.24819	1.24823			6
2025.02.05	01:04:44.535	1.24818	1.24822			6
2025.02.05	01:04:46.068	1.24819	1.24823			6
2025.02.05	01:04:51.901	1.24820	1.24824			6
2025.02.05	01:05:00.194	1.24820				2
2025.02.05	01:05:05.405	1.24816	1.24820			6
2025.02.05	01:05:20.408	1.24815	1.24819			6
2025.02.05	01:05:20.715	1.24816	1.24820			6
2025.02.05	01:05:21.626	1.24815	1.24819			6
2025.02.05	01:05:22.243	1.24816	1.24820			6
2025.02.05	01:05:23.162	1.24815	1.24819			6
2025.02.05	01:05:28.066	1.24819	1.24823			6
2025.02.05	01:05:39.772	1.24820				2
2025.02.05	01:05:45.311		1.24824			4
2025.02.05	01:05:45.928		1.24823			4
2025.02.05	01:05:46.238	1.24819				2
2025.02.05	01:05:46.544	1.24820	1.24824			6
2025.02.05	01:05:53.013	1.24819	1.24823			6
2025.02.05	01:06:00.096	1.24819				2
2025.02.05	01:06:00.404	1.24809	1.24813			6
2025.02.05	01:06:01.335	1.24808	1.24814			6
2025.02.05	01:06:18.231		1.24813			4
2025.02.05	01:06:27.128	1.24794	1.24795			6
2025.02.05	01:06:27.442	1.24791				2
2025.02.05	01:06:28.054	1.24796	1.24801			6
2025.02.05	01:06:28.362	1.24795	1.24802			6
2025.02.05	01:06:36.380	1.24796	1.24803			6
2025.02.05	01:06:37.608	1.24795	1.24802			6
2025.02.05	01:06:43.154	1.24796	1.24803			6
2025.02.05	01:06:44.991	1.24795	1.24802			6
2025.02.05	01:06:50.494	1.24796	1.24803			6
2025.02.05	01:06:52.328	1.24795	1.24802			6
2025.02.05	01:06:54.169	1.24796				2
2025.02.05	01:07:00.110	1.24796				2
2025.02.05	01:07:09.047	1.24800	1.24804			6
2025.02.05	01:07:09.347	1.24801	1.24807			6
2025.02.05	01:07:15.214	1.24796	1.24802			6
2025.02.05	01:07:15.835	1.24797	1.24803			6
2025.02.05	01:07:17.986	1.24796	1.24802			6
2025.02.05	01:07:30.917	1.24797	1.24803			6
2025.02.05	01:07:31.222	1.24796	1.24802			6
2025.02.05	01:07:37.376	1.24797				2
2025.02.05	01:08:00.198	1.24797				2
2025.02.05	01:08:02.968	1.24790	1.24794			6
2025.02.05	01:08:05.440		1.24793			4
2025.02.05	01:08:06.978	1.24794	1.24800			6
2025.02.05	01:08:07.285	1.24792	1.24798			6
2025.02.05	01:08:11.915	1.24796	1.24802			6
2025.02.05	01:08:24.253		1.24801			4
2025.02.05	01:08:39.667	1.24797	1.24802			6
2025.02.05	01:08:41.821	1.24796	1.24801			6
2025.02.05	01:08:42.742	1.24793	1.24798			6
2025.02.05	01:08:47.671	1.24790	1.24793			6
2025.02.05	01:09:00.300	1.24789				2
2025.02.05	01:09:01.519	1.24790				2
2025.02.05	01:09:02.436	1.24789	1.24794			6
2025.02.05	01:09:02.741	1.24790	1.24795			6
2025.02.05	01:09:04.275	1.24777	1.24782			6
2025.02.05	01:09:05.219	1.24776	1.24783			6
2025.02.05	01:09:09.218	1.24777				2
2025.02.05	01:09:10.147	1.24776				2
2025.02.05	01:09:12.303	1.24777				2
2025.02.05	01:09:14.142	1.24776				2
2025.02.05	01:09:17.227	1.24777				2
2025.02.05	01:09:19.696	1.24776	1.24782			6
2025.02.05	01:09:23.393	1.24778	1.24783			6
2025.02.05	01:09:23.702	1.24777				2
2025.02.05	01:09:43.061	1.24782	1.24788			6
2025.02.05	01:09:54.108		1.24787			4
2025.02.05	01:09:58.087	1.24783	1.24788			6
2025.02.05	01:09:59.615	1.24782	1.24787			6
2025.02.05	01:10:00.229	1.24782				2
2025.02.05	01:10:02.679	1.24786	1.24791			6
2025.02.05	01:10:04.214	1.24795	1.24800			6
2025.02.05	01:10:05.135	1.24794				2
2025.02.05	01:10:05.446	1.24795	1.24801			6
2025.02.05	01:10:06.365		1.24799			4
2025.02.05	01:10:06.668	1.24785	1.24791			6
2025.02.05	01:10:07.291	1.24784				2
2025.02.05	01:10:07.593	1.24785	1.24792			6
2025.02.05	01:10:18.379		1.24791			4
2025.02.05	01:10:18.685	1.24780	1.24783			6
2025.02.05	01:10:31.004	1.24783	1.24790			6
2025.02.05	01:10:31.920	1.24784	1.24791			6
2025.02.05	01:10:41.394		1.24790			4
2025.02.05	01:10:50.629	1.24779	1.24783			6
2025.02.05	01:10:50.931	1.24776	1.24782			6
2025.02.05	01:10:51.246	1.24775				2
2025.02.05	01:10:54.631	1.24777				2
2025.02.05	01:10:55.863	1.24778	1.24783			6
2025.02.05	01:11:00.172	1.24779				2
2025.02.05	01:11:00.478	1.24784	1.24790			6
2025.02.05	01:11:01.096	1.24783				2
2025.02.05	01:11:01.399	1.24784	1.24791			6
2025.02.05	01:11:06.326	1.24785				2
2025.02.05	01:11:27.326		1.24790			4
2025.02.05	01:11:47.336	1.24786				2
2025.02.05	01:12:00.116	1.24786				2
2025.02.05	01:12:19.387	1.24787				2
2025.02.05	01:12:23.047	1.24789	1.24792			6
2025.02.05	01:12:25.194	1.24790				2
2025.02.05	01:12:26.409	1.24786	1.24789			6
2025.02.05	01:12:27.321		1.24790			4
2025.02.05	01:12:38.112	1.24787				2
2025.02.05	01:13:00.129	1.24787				2
2025.02.05	01:13:27.326		1.24790			4
2025.02.05	01:13:34.401	1.24790	1.24793			6
2025.02.05	01:13:34.705	1.24795	1.24798			6
2025.02.05	01:13:35.319	1.24794	1.24799			6
2025.02.05	01:13:35.622	1.24795	1.24800			6
2025.02.05	01:13:36.541	1.24796	1.24801			6
2025.02.05	01:13:37.156		1.24800			4
2025.02.05	01:13:56.508	1.24793	1.24796			6
2025.02.05	01:14:00.204	1.24793				2
2025.02.05	01:14:01.743	1.24792				2
2025.02.05	01:14:07.598	1.24795	1.24799			6
2025.02.05	01:14:08.833	1.24796	1.24800			6
2025.02.05	01:14:28.248	1.24797	1.24801			6
2025.02.05	01:14:30.393	1.24801	1.24805			6
2025.02.05	01:14:31.629	1.24802	1.24806			6
2025.02.05	01:14:35.932	1.24805	1.24809			6
2025.02.05	01:14:38.089	1.24806	1.24810			6
2025.02.05	01:14:59.615	1.24802	1.24806			6
2025.02.05	01:15:00.231	1.24802				2
2025.02.05	01:15:21.416	1.24794	1.24796			6
2025.02.05	01:15:21.727	1.24792				2
2025.02.05	01:15:22.340		1.24797			4
2025.02.05	01:15:48.143	1.24799	1.24803			6
2025.02.05	01:15:49.079	1.24800				2
2025.02.05	01:16:00.184	1.24800				2
2025.02.05	01:16:01.734	1.24804	1.24809			6
2025.02.05	01:16:02.962	1.24805	1.24810			6
2025.02.05	01:16:03.276	1.24804				2
2025.02.05	01:16:04.192	1.24805	1.24811			6
2025.02.05	01:16:11.585	1.24800	1.24806			6
2025.02.05	01:16:11.891	1.24799	1.24804			6
2025.02.05	01:16:12.201	1.24800				2
2025.02.05	01:16:14.669		1.24805			4
2025.02.05	01:16:14.987		1.24804			4
2025.02.05	01:16:16.525		1.24805			4
2025.02.05	01:16:16.826		1.24804			4
2025.02.05	01:16:23.000		1.24805			4
2025.02.05	01:16:23.302		1.24806			4
2025.02.05	01:16:32.227	1.24802	1.24807			6
2025.02.05	01:16:32.532	1.24805	1.24811			6
2025.02.05	01:16:33.146	1.24806				2
2025.02.05	01:16:34.064	1.24807				2
2025.02.05	01:16:34.366	1.24808	1.24814			6
2025.02.05	01:16:35.287	1.24809	1.24815			6
2025.02.05	01:16:41.696	1.24808	1.24812			6
2025.02.05	01:16:51.165		1.24811			4
2025.02.05	01:16:56.703	1.24806				2
2025.02.05	01:17:00.100	1.24806				2
2025.02.05	01:17:01.636	1.24805	1.24810			6
2025.02.05	01:17:03.176	1.24806	1.24811			6
2025.02.05	01:17:05.639	1.24807				2
2025.02.05	01:17:09.014		1.24810			4
2025.02.05	01:17:36.276	1.24810	1.24813			6
2025.02.05	01:17:37.189	1.24809				2
2025.02.05	01:17:40.270	1.24811	1.24814			6
2025.02.05	01:17:44.271	1.24810	1.24811			6
2025.02.05	01:17:44.574		1.24813			4
2025.02.05	01:17:45.193		1.24812			4
2025.02.05	01:17:46.110		1.24813			4
2025.02.05	01:17:47.340		1.24812			4
2025.02.05	01:17:48.249	1.24811				2
2025.02.05	01:17:59.228		1.24813			4
2025.02.05	01:18:00.138	1.24811				2
2025.02.05	01:18:02.274	1.24812	1.24814			6
2025.02.05	01:18:02.886	1.24813	1.24816			6
2025.02.05	01:18:13.859	1.24814	1.24817			6
2025.02.05	01:18:15.389	1.24813	1.24816			6
2025.02.05	01:18:30.637	1.24810	1.24813			6
2025.02.05	01:18:33.701		1.24812			4
2025.02.05	01:18:38.323		1.24813			4
2025.02.05	01:18:45.706	1.24809	1.24811			6
2025.02.05	01:18:48.481	1.24808				2
2025.02.05	01:18:50.931	1.24809				2
2025.02.05	01:18:51.243	1.24808				2
2025.02.05	01:18:51.858	1.24807	1.24809			6
2025.02.05	01:18:52.166		1.24810			4
2025.02.05	01:18:52.481	1.24806	1.24809			6
2025.02.05	01:18:57.406	1.24805	1.24807			6
2025.02.05	01:18:57.715	1.24803	1.24806			6
2025.02.05	01:19:00.175	1.24803				2
2025.02.05	01:19:15.853	1.24805	1.24808			6
2025.02.05	01:19:17.396	1.24806	1.24809			6
2025.02.05	01:19:20.467	1.24805	1.24808			6
2025.02.05	01:19:21.395	1.24806	1.24809			6
2025.02.05	01:19:27.241	1.24805	1.24808			6
2025.02.05	01:19:29.378	1.24806	1.24809			6
2025.02.05	01:19:30.594	1.24805	1.24808			6
2025.02.05	01:19:32.428	1.24806	1.24809			6
2025.02.05	01:19:32.733	1.24805	1.24808			6
2025.02.05	01:19:33.038	1.24806	1.24809			6
2025.02.05	01:19:33.341	1.24805	1.24808			6
2025.02.05	01:19:40.371	1.24806	1.24809			6
2025.02.05	01:19:40.984	1.24805	1.24808			6
2025.02.05	01:19:41.894	1.24806	1.24809			6
2025.02.05	01:19:44.042	1.24808	1.24811			6
2025.02.05	01:19:47.094	1.24807	1.24810			6
2025.02.05	01:19:47.395	1.24808	1.24811			6
2025.02.05	01:19:49.861	1.24807	1.24810			6
2025.02.05	01:19:52.013	1.24808	1.24811			6
2025.02.05	01:19:52.629	1.24807	1.24810			6
2025.02.05	01:19:54.782	1.24808	1.24811			6
2025.02.05	01:19:55.098	1.24807	1.24810			6
2025.02.05	01:19:56.016	1.24808	1.24811			6
2025.02.05	01:19:56.325	1.24807	1.24810			6
2025.02.05	01:19:56.635	1.24808	1.24811			6
2025.02.05	01:19:57.250	1.24807	1.24810			6
2025.02.05	01:19:57.559	1.24808	1.24811			6
2025.02.05	01:20:00.021	1.24810	1.24813			6
2025.02.05	01:20:00.628	1.24808	1.24811			6
2025.02.05	01:20:01.252	1.24807	1.24810			6
2025.02.05	01:20:01.861	1.24808	1.24811			6
2025.02.05	01:20:02.163	1.24807	1.24810			6
2025.02.05	01:20:02.785	1.24808	1.24811			6
2025.02.05	01:20:03.095	1.24807	1.24810			6
2025.02.05	01:20:03.710	1.24808	1.24811			6
2025.02.05	01:20:04.325	1.24807	1.24810			6
2025.02.05	01:20:06.173	1.24808	1.24811			6
2025.02.05	01:20:14.487	1.24807	1.24810			6
2025.02.05	01:20:14.794	1.24808	1.24811			6
2025.02.05	01:20:50.531	1.24807	1.24810			6
2025.02.05	01:20:52.067	1.24808	1.24811			6
2025.02.05	01:20:57.281	1.24807	1.24810			6
2025.02.05	01:20:57.588	1.24808	1.24811			6
2025.02.05	01:20:59.119	1.24807	1.24810			6
2025.02.05	01:20:59.431	1.24808	1.24811			6
2025.02.05	01:21:00.044	1.24808				2
2025.02.05	01:21:00.351	1.24807	1.24810			6
2025.02.05	01:21:03.121	1.24808	1.24811			6
2025.02.05	01:21:06.198	1.24807	1.24810			6
2025.02.05	01:21:06.817	1.24802	1.24805			6
2025.02.05	01:21:07.119		1.24806			4
2025.02.05	01:21:07.732	1.24801	1.24805			6
2025.02.05	01:21:11.729	1.24802	1.24806			6
2025.02.05	01:21:14.194	1.24803	1.24807			6
2025.02.05	01:21:15.116	1.24802	1.24806			6
2025.02.05	01:21:17.659	1.24803				2
2025.02.05	01:21:18.590	1.24802				2
2025.02.05	01:21:35.181	1.24803				2
2025.02.05	01:21:40.988	1.24808	1.24811			6
2025.02.05	01:21:42.213	1.24807	1.24812			6
2025.02.05	01:21:44.367	1.24808				2
2025.02.05	01:21:49.286	1.24807	1.24811			6
2025.02.05	01:21:50.207	1.24808	1.24812			6
2025.02.05	01:21:52.662	1.24806	1.24810			6
2025.02.05	01:21:52.964	1.24810	1.24814			6
2025.02.05	01:21:53.273	1.24809	1.24813			6
2025.02.05	01:21:53.575	1.24811	1.24815			6
2025.02.05	01:21:54.498	1.24810	1.24814			6
2025.02.05	01:21:57.539	1.24811	1.24815			6
2025.02.05	01:22:00.285	1.24811				2
2025.02.05	01:22:19.948	1.24812	1.24816			6
2025.02.05	01:22:20.262	1.24811	1.24815			6
2025.02.05	01:22:22.737	1.24812	1.24816			6
2025.02.05	01:22:23.656	1.24811	1.24815			6
2025.02.05	01:22:23.959	1.24812	1.24816			6
2025.02.05	01:22:24.272	1.24811	1.24815			6
2025.02.05	01:22:37.195		1.24814			4
2025.02.05	01:22:39.040	1.24813	1.24816			6
2025.02.05	01:22:39.351	1.24812	1.24815			6
2025.02.05	01:22:40.890	1.24813	1.24816			6
2025.02.05	01:22:41.505	1.24812	1.24815			6
2025.02.05	01:22:41.816	1.24813	1.24816			6
2025.02.05	01:22:42.436	1.24812	1.24815			6
2025.02.05	01:22:42.745	1.24813	1.24816			6
2025.02.05	01:22:43.356	1.24812	1.24815			6
2025.02.05	01:22:43.664	1.24813	1.24816			6
2025.02.05	01:22:44.283	1.24812	1.24815			6
2025.02.05	01:22:44.589	1.24813	1.24816			6
2025.02.05	01:22:45.204	1.24812	1.24815			6
2025.02.05	01:22:45.816	1.24813	1.24816			6
2025.02.05	01:22:46.122	1.24812	1.24815			6
2025.02.05	01:22:47.052	1.24813	1.24816			6
2025.02.05	01:22:47.663	1.24812	1.24815			6
2025.02.05	01:22:47.968	1.24813	1.24816			6
2025.02.05	01:22:48.276	1.24812	1.24815			6
2025.02.05	01:22:48.891	1.24813	1.24816			6
2025.02.05	01:22:49.202	1.24812	1.24815			6
2025.02.05	01:22:49.508	1.24813	1.24816			6
2025.02.05	01:22:50.430	1.24812	1.24815			6
2025.02.05	01:22:51.349	1.24813	1.24816			6
2025.02.05	01:22:51.664	1.24812	1.24815			6
2025.02.05	01:22:54.133	1.24813	1.24816			6
2025.02.05	01:22:54.439	1.24812	1.24815			6
2025.02.05	01:23:00.274	1.24812				2
2025.02.05	01:23:09.747	1.24807	1.24810			6
2025.02.05	01:23:10.054	1.24806	1.24809			6
2025.02.05	01:23:10.358	1.24805	1.24810			6
2025.02.05	01:23:11.894	1.24804	1.24809			6
2025.02.05	01:23:12.205	1.24803	1.24808			6
2025.02.05	01:23:12.814	1.24804	1.24809			6
2025.02.05	01:23:13.125	1.24803	1.24808			6
2025.02.05	01:23:14.663	1.24806	1.24811			6
2025.02.05	01:23:14.969	1.24807	1.24812			6
2025.02.05	01:23:15.279	1.24806				2
2025.02.05	01:23:19.278	1.24807				2
2025.02.05	01:23:19.895	1.24809	1.24814			6
2025.02.05	01:23:20.201		1.24815			4
2025.02.05	01:23:20.817	1.24810	1.24816			6
2025.02.05	01:23:23.896	1.24812				2
2025.02.05	01:23:25.436	1.24811				2
2025.02.05	01:23:29.130	1.24812	1.24817			6
2025.02.05	01:23:29.436	1.24811	1.24816			6
2025.02.05	01:23:31.280	1.24812				2
2025.02.05	01:23:31.583	1.24811				2
2025.02.05	01:23:32.828	1.24812	1.24817			6
2025.02.05	01:23:52.128		1.24816			4
2025.02.05	01:23:53.977	1.24813	1.24817			6
2025.02.05	01:24:00.138	1.24814	1.24818			6
2025.02.05	01:24:00.445	1.24812	1.24816			6
2025.02.05	01:24:00.754	1.24813	1.24817			6
2025.02.05	01:24:06.308	1.24809	1.24813			6
2025.02.05	01:24:07.236	1.24808				2
2025.02.05	01:24:18.317		1.24812			4
2025.02.05	01:24:19.542	1.24803	1.24807			6
2025.02.05	01:24:20.181	1.24802				2
2025.02.05	01:24:22.333	1.24801				2
2025.02.05	01:24:23.864	1.24802	1.24808			6
2025.02.05	01:24:24.167	1.24801	1.24807			6
2025.02.05	01:24:26.957	1.24802				2
2025.02.05	01:24:27.269	1.24801				2
2025.02.05	01:24:30.653	1.24802	1.24808			6
2025.02.05	01:24:32.535	1.24801	1.24807			6
2025.02.05	01:24:33.150	1.24797	1.24803			6
2025.02.05	01:24:34.082	1.24794	1.24800			6
2025.02.05	01:24:34.700		1.24801			4
2025.02.05	01:24:38.387	1.24793	1.24799			6
2025.02.05	01:24:39.002	1.24795	1.24801			6
2025.02.05	01:25:00.162	1.24795				2
2025.02.05	01:25:03.212		1.24800			4
2025.02.05	01:25:05.342	1.24793	1.24798			6
2025.02.05	01:25:05.967	1.24794				2
2025.02.05	01:25:06.273	1.24793				2
2025.02.05	01:25:15.186	1.24792	1.24797			6
2025.02.05	01:25:15.493	1.24791	1.24796			6
2025.02.05	01:25:15.798	1.24788	1.24793			6
2025.02.05	01:25:16.106		1.24794			4
2025.02.05	01:25:18.257		1.24793			4
2025.02.05	01:25:40.059	1.24791	1.24796			6
2025.02.05	01:25:40.370	1.24792	1.24797			6
2025.02.05	01:25:41.900	1.24793	1.24798			6
2025.02.05	01:26:00.030	1.24793				2
2025.02.05	01:26:00.336	1.24792	1.24797			6
2025.02.05	01:26:03.105	1.24793				2
2025.02.05	01:26:08.616	1.24794				2
2025.02.05	01:26:09.551	1.24793				2
2025.02.05	01:26:12.003	1.24792	1.24796			6
2025.02.05	01:26:14.453	1.24791	1.24795			6
2025.02.05	01:26:14.756	1.24792	1.24796			6
2025.02.05	01:26:16.886	1.24791	1.24795			6
2025.02.05	01:26:17.806	1.24792	1.24796			6
2025.02.05	01:26:29.163	1.24794	1.24798			6
2025.02.05	01:26:29.476	1.24793	1.24797			6
2025.02.05	01:26:32.852	1.24794	1.24798			6
2025.02.05	01:26:33.469	1.24793	1.24797			6
2025.02.05	01:26:38.680		1.24796			4
2025.02.05	01:26:38.985		1.24797			4
2025.02.05	01:26:42.343		1.24796			4
2025.02.05	01:26:42.646		1.24797			4
2025.02.05	01:26:43.569		1.24796			4
2025.02.05	01:26:43.873		1.24797			4
2025.02.05	01:26:44.485		1.24796			4
2025.02.05	01:26:44.786	1.24792				2
2025.02.05	01:26:51.836	1.24793	1.24797			6
2025.02.05	01:26:52.154	1.24792	1.24796			6
2025.02.05	01:26:53.063	1.24793	1.24797			6
2025.02.05	01:26:53.377	1.24792	1.24796			6
2025.02.05	01:26:58.903	1.24793	1.24797			6
2025.02.05	01:26:59.211	1.24792	1.24796			6
2025.02.05	01:27:00.124	1.24792				2
2025.02.05	01:27:04.112	1.24791	1.24795			6
2025.02.05	01:27:06.584	1.24792	1.24796			6
2025.02.05	01:27:17.357	1.24793				2
2025.02.05	01:27:21.917	1.24792	1.24795			6
2025.02.05	01:27:22.222	1.24791	1.24794			6
2025.02.05	01:27:23.136		1.24795			4
2025.02.05	01:27:28.356	1.24792				2
2025.02.05	01:27:28.664	1.24791	1.24794			6
2025.02.05	01:27:28.970	1.24792	1.24795			6
2025.02.05	01:27:29.274	1.24791	1.24794			6
2025.02.05	01:27:29.883	1.24792	1.24795			6
2025.02.05	01:27:31.106	1.24791	1.24794			6
2025.02.05	01:27:32.012	1.24792	1.24795			6
2025.02.05	01:27:33.229	1.24791	1.24794			6
2025.02.05	01:27:33.833	1.24792	1.24795			6
2025.02.05	01:27:35.353	1.24791				2
2025.02.05	01:27:36.266	1.24792				2
2025.02.05	01:27:37.183	1.24793	1.24796			6
2025.02.05	01:27:38.101	1.24792				2
2025.02.05	01:27:38.710	1.24793	1.24797			6
2025.02.05	01:27:42.078		1.24796			4
2025.02.05	01:27:43.907	1.24794	1.24797			6
2025.02.05	01:27:45.727	1.24793	1.24796			6
2025.02.05	01:27:46.033	1.24794	1.24797			6
2025.02.05	01:27:47.548	1.24793	1.24796			6
2025.02.05	01:27:47.855	1.24794	1.24797			6
2025.02.05	01:27:48.157	1.24793	1.24796			6
2025.02.05	01:27:49.370	1.24794	1.24797			6
2025.02.05	01:27:51.496	1.24793	1.24796			6
2025.02.05	01:27:53.011	1.24794	1.24797			6
2025.02.05	01:27:53.616	1.24793	1.24796			6
2025.02.05	01:27:53.923	1.24794	1.24797			6
2025.02.05	01:28:00.293	1.24793	1.24796			6
2025.02.05	01:28:19.081	1.24794	1.24797			6
2025.02.05	01:28:22.165	1.24793	1.24796			6
2025.02.05	01:28:23.704	1.24794	1.24797			6
2025.02.05	01:28:25.283	1.24788	1.24791			6
2025.02.05	01:28:26.213	1.24787	1.24792			6
2025.02.05	01:28:44.380		1.24791			4
2025.02.05	01:28:44.990	1.24790	1.24792			6
2025.02.05	01:28:45.300	1.24789	1.24793			6
2025.02.05	01:28:45.603	1.24788	1.24792			6
2025.02.05	01:28:45.918	1.24790	1.24794			6
2025.02.05	01:28:47.150		1.24795			4
2025.02.05	01:28:48.375	1.24789	1.24794			6
2025.02.05	01:28:55.444	1.24788	1.24793			6
2025.02.05	01:28:56.683	1.24789	1.24794			6
2025.02.05	01:29:00.057	1.24789				2
2025.02.05	01:29:00.364	1.24790				2
2025.02.05	01:29:03.418	1.24787	1.24791			6
2025.02.05	01:29:03.725	1.24788	1.24792			6
2025.02.05	01:29:04.336		1.24793			4
2025.02.05	01:29:08.339	1.24787	1.24792			6
2025.02.05	01:29:08.646	1.24788	1.24793			6
2025.02.05	01:29:29.247	1.24789				2
2025.02.05	01:29:32.906	1.24788	1.24792			6
2025.02.05	01:29:34.741	1.24789	1.24793			6
2025.02.05	01:29:35.357	1.24788	1.24792			6
2025.02.05	01:29:38.107	1.24789	1.24793			6
2025.02.05	01:29:44.229	1.24784	1.24788			6
2025.02.05	01:29:46.682	1.24783				2
2025.02.05	01:30:00.142	1.24785	1.24790			6
2025.02.05	01:30:00.447	1.24790	1.24795			6
2025.02.05	01:30:01.376	1.24787	1.24793			6
2025.02.05	01:30:01.685	1.24788	1.24794			6
2025.02.05	01:30:02.307	1.24787				2
2025.02.05	01:30:03.228	1.24788				2
2025.02.05	01:30:06.004	1.24787	1.24793			6
2025.02.05	01:30:08.464	1.24790	1.24795			6
2025.02.05	01:30:08.770	1.24791	1.24797			6
2025.02.05	01:30:09.079	1.24792				2
2025.02.05	01:30:10.620	1.24791				2
2025.02.05	01:30:11.239	1.24794	1.24798			6
2025.02.05	01:30:11.539	1.24793				2
2025.02.05	01:30:12.158	1.24794	1.24799			6
2025.02.05	01:30:12.471		1.24798			4
2025.02.05	01:30:14.004		1.24799			4
2025.02.05	01:30:14.313		1.24798			4
2025.02.05	01:30:14.929	1.24791	1.24796			6
2025.02.05	01:30:15.241	1.24790				2
2025.02.05	01:30:16.161	1.24787	1.24794			6
2025.02.05	01:30:16.469		1.24793			4
2025.02.05	01:30:17.391		1.24794			4
2025.02.05	01:30:18.321		1.24793			4
2025.02.05	01:30:19.241		1.24794			4
2025.02.05	01:30:20.469	1.24790	1.24796			6
2025.02.05	01:30:20.779		1.24797			4
2025.02.05	01:30:21.386	1.24789	1.24796			6
2025.02.05	01:30:23.544	1.24790	1.24797			6
2025.02.05	01:30:23.854		1.24796			4
2025.02.05	01:30:24.163	1.24789				2
2025.02.05	01:30:27.239	1.24790	1.24797			6
2025.02.05	01:30:27.543	1.24789	1.24796			6
2025.02.05	01:30:27.854	1.24790				2
2025.02.05	01:30:28.161	1.24789	1.24795			6
2025.02.05	01:30:29.076	1.24790	1.24796			6
2025.02.05	01:30:34.878	1.24791	1.24797			6
2025.02.05	01:30:35.798	1.24792	1.24798			6
2025.02.05	01:30:36.106		1.24797			4
2025.02.05	01:30:36.414	1.24796	1.24800			6
2025.02.05	01:30:36.723	1.24795				2
2025.02.05	01:30:40.115	1.24796				2
2025.02.05	01:30:43.811	1.24797				2
2025.02.05	01:30:44.420		1.24803			4
2025.02.05	01:30:46.280	1.24798	1.24804			6
2025.02.05	01:30:47.198		1.24803			4
2025.02.05	01:30:48.119		1.24804			4
2025.02.05	01:30:58.874	1.24797	1.24803			6
2025.02.05	01:31:00.096	1.24797				2
2025.02.05	01:31:00.399	1.24796	1.24800			6
2025.02.05	01:31:00.707	1.24799	1.24805			6
2025.02.05	01:31:01.012	1.24798	1.24804			6
2025.02.05	01:31:03.475	1.24799	1.24805			6
2025.02.05	01:31:03.777		1.24804			4
2025.02.05	01:31:04.090	1.24798				2
2025.02.05	01:31:04.397	1.24799				2
2025.02.05	01:31:05.015	1.24798				2
2025.02.05	01:31:05.939	1.24799				2
2025.02.05	01:31:06.243		1.24805			4
2025.02.05	01:31:07.159	1.24800	1.24806			6
2025.02.05	01:31:08.082	1.24801				2
2025.02.05	01:31:08.383	1.24800				2
2025.02.05	01:31:08.690	1.24801				2
2025.02.05	01:31:08.999	1.24804	1.24807			6
2025.02.05	01:31:09.302	1.24803				2
2025.02.05	01:31:17.306	1.24802				2
2025.02.05	01:31:17.614	1.24803				2
2025.02.05	01:31:17.917	1.24802				2
2025.02.05	01:31:28.947	1.24803				2
2025.02.05	01:31:29.258	1.24802				2
2025.02.05	01:31:31.726	1.24803				2
2025.02.05	01:31:32.027	1.24802				2
2025.02.05	01:31:34.806	1.24803				2
2025.02.05	01:31:35.117	1.24802				2
2025.02.05	01:31:35.425	1.24803				2
2025.02.05	01:31:36.044	1.24802				2
2025.02.05	01:31:36.349	1.24803				2
2025.02.05	01:31:36.656	1.24802				2
2025.02.05	01:31:40.051	1.24803				2
2025.02.05	01:31:40.663	1.24802				2
2025.02.05	01:31:41.276	1.24803				2
2025.02.05	01:31:42.814	1.24802				2
2025.02.05	01:31:44.358		1.24806			4
2025.02.05	01:31:47.112	1.24803	1.24807			6
2025.02.05	01:31:50.448	1.24802	1.24806			6
2025.02.05	01:31:52.575	1.24803	1.24807			6
2025.02.05	01:31:53.483		1.24806			4
2025.02.05	01:31:53.792	1.24802				2
2025.02.05	01:31:55.322	1.24803				2
2025.02.05	01:31:55.623	1.24802				2
2025.02.05	01:32:00.195	1.24802				2
2025.02.05	01:32:26.071	1.24804	1.24808			6
2025.02.05	01:32:37.801	1.24805	1.24809			6
2025.02.05	01:32:56.213		1.24808			4
2025.02.05	01:33:00.201	1.24805				2
2025.02.05	01:33:05.970	1.24806	1.24809			6
2025.02.05	01:33:30.061	1.24807	1.24810			6
2025.02.05	01:33:33.733	1.24806	1.24809			6
2025.02.05	01:33:35.877	1.24805	1.24808			6
2025.02.05	01:33:36.490	1.24806	1.24809			6
2025.02.05	01:33:42.040	1.24807	1.24810			6
2025.02.05	01:33:42.653	1.24806	1.24809			6
2025.02.05	01:33:43.579	1.24807	1.24810			6
2025.02.05	01:33:43.883	1.24806	1.24809			6
2025.02.05	01:33:51.892	1.24807	1.24810			6
2025.02.05	01:33:55.573	1.24806	1.24809			6
2025.02.05	01:33:58.952	1.24807	1.24810			6
2025.02.05	01:34:00.179	1.24807				2
2025.02.05	01:34:04.197	1.24806	1.24809			6
2025.02.05	01:34:20.848	1.24805	1.24808			6
2025.02.05	01:34:21.155	1.24806	1.24809			6
2025.02.05	01:34:21.773	1.24805	1.24808			6
2025.02.05	01:34:25.474	1.24804	1.24807			6
2025.02.05	01:34:27.017	1.24805	1.24808			6
2025.02.05	01:34:27.327	1.24817	1.24819			6
2025.02.05	01:34:28.246	1.24814	1.24821			6
2025.02.05	01:34:28.553	1.24813	1.24820			6
2025.02.05	01:34:34.101	1.24814				2
2025.02.05	01:34:34.406	1.24813				2
2025.02.05	01:34:37.186	1.24814				2
2025.02.05	01:34:37.493	1.24813				2
2025.02.05	01:34:38.110	1.24814				2
2025.02.05	01:34:39.647		1.24821			4
2025.02.05	01:34:44.287	1.24815				2
2025.02.05	01:34:45.519		1.24820			4
2025.02.05	01:34:47.668	1.24814	1.24821			6
2025.02.05	01:34:49.517	1.24815				2
2025.02.05	01:34:49.823	1.24814				2
2025.02.05	01:34:54.131	1.24815				2
2025.02.05	01:34:55.054	1.24816				2
2025.02.05	01:34:55.364	1.24815				2
2025.02.05	01:34:59.036	1.24816				2
2025.02.05	01:34:59.643	1.24815				2
2025.02.05	01:35:00.258	1.24816				2
2025.02.05	01:35:00.559	1.24815				2
2025.02.05	01:35:01.166	1.24814				2
2025.02.05	01:35:01.787	1.24813	1.24820			6
2025.02.05	01:35:09.171	1.24814				2
2025.02.05	01:35:33.377		1.24819			4
2025.02.05	01:35:39.541	1.24815	1.24820			6
2025.02.05	01:35:47.874	1.24814	1.24819			6
2025.02.05	01:35:54.941	1.24815	1.24820			6
2025.02.05	01:35:58.334		1.24819			4
2025.02.05	01:36:00.162	1.24815				2
2025.02.05	01:36:00.463	1.24814	1.24818			6
2025.02.05	01:36:00.767	1.24815	1.24819			6
2025.02.05	01:36:35.165	1.24811	1.24815			6
2025.02.05	01:36:43.488	1.24812	1.24816			6
2025.02.05	01:36:45.646	1.24810	1.24814			6
2025.02.05	01:36:46.268	1.24811	1.24815			6
2025.02.05	01:36:49.035	1.24809	1.24813			6
2025.02.05	01:36:49.344	1.24810	1.24814			6
2025.02.05	01:36:49.959	1.24811	1.24815			6
2025.02.05	01:36:50.275	1.24810				2
2025.02.05	01:36:52.124	1.24811				2
2025.02.05	01:37:00.126	1.24811				2
2025.02.05	01:37:02.284	1.24810	1.24814			6
2025.02.05	01:37:02.894	1.24812	1.24816			6
2025.02.05	01:37:03.201	1.24811	1.24815			6
2025.02.05	01:37:03.505	1.24810	1.24814			6
2025.02.05	01:37:04.121		1.24815			4
2025.02.05	01:37:07.199	1.24811				2
2025.02.05	01:37:18.254	1.24810	1.24814			6
2025.02.05	01:37:32.195	1.24811	1.24815			6
2025.02.05	01:37:38.053	1.24810	1.24814			6
2025.02.05	01:37:50.706	1.24808	1.24811			6
2025.02.05	01:37:51.633	1.24805	1.24809			6
2025.02.05	01:37:53.179	1.24804				2
2025.02.05	01:37:54.407	1.24803	1.24808			6
2025.02.05	01:38:00.265	1.24803				2
2025.02.05	01:38:02.119		1.24807			4
2025.02.05	01:38:03.046	1.24804	1.24808			6
2025.02.05	01:38:03.345	1.24803	1.24807			6
2025.02.05	01:38:06.430	1.24804				2
2025.02.05	01:38:06.738	1.24803				2
2025.02.05	01:38:08.577	1.24804	1.24808			6
2025.02.05	01:38:08.882	1.24803	1.24807			6
2025.02.05	01:38:12.275	1.24804	1.24808			6
2025.02.05	01:38:14.429	1.24803	1.24807			6
2025.02.05	01:38:15.048	1.24804	1.24808			6
2025.02.05	01:38:15.357	1.24803	1.24807			6
2025.02.05	01:38:16.591	1.24804	1.24808			6
2025.02.05	01:38:17.518	1.24803	1.24807			6
2025.02.05	01:38:18.449	1.24804	1.24808			6
2025.02.05	01:38:19.380	1.24803	1.24807			6
2025.02.05	01:38:19.681	1.24804	1.24808			6
2025.02.05	01:38:21.843	1.24803	1.24807			6
2025.02.05	01:38:22.153	1.24804	1.24808			6
2025.02.05	01:38:23.069	1.24803	1.24807			6
2025.02.05	01:38:23.996	1.24804	1.24808			6
2025.02.05	01:38:24.303		1.24807			4
2025.02.05	01:38:24.611		1.24808			4
2025.02.05	01:38:24.915		1.24807			4
2025.02.05	01:38:25.222		1.24808			4
2025.02.05	01:38:25.536		1.24807			4
2025.02.05	01:38:26.150		1.24808			4
2025.02.05	01:38:26.463		1.24807			4
2025.02.05	01:38:26.771		1.24808			4
2025.02.05	01:38:27.390		1.24807			4
2025.02.05	01:38:27.695		1.24808			4
2025.02.05	01:38:28.004		1.24807			4
2025.02.05	01:38:29.546	1.24803				2
2025.02.05	01:38:29.854	1.24804	1.24808			6
2025.02.05	01:38:30.165	1.24803	1.24807			6
2025.02.05	01:38:30.780	1.24804	1.24808			6
2025.02.05	01:38:31.082	1.24803	1.24807			6
2025.02.05	01:38:31.402	1.24804	1.24808			6
2025.02.05	01:38:32.013	1.24803	1.24807			6
2025.02.05	01:38:32.323	1.24804	1.24808			6
2025.02.05	01:38:34.481	1.24803	1.24807			6
2025.02.05	01:38:36.945	1.24804	1.24808			6
2025.02.05	01:38:37.254	1.24803	1.24807			6
2025.02.05	01:38:37.560	1.24804	1.24808			6
2025.02.05	01:38:37.871	1.24803	1.24807			6
2025.02.05	01:38:39.106	1.24804	1.24808			6
2025.02.05	01:38:39.717	1.24803	1.24807			6
2025.02.05	01:38:41.568	1.24804				2
2025.02.05	01:38:43.114		1.24808			4
2025.02.05	01:38:47.121	1.24803	1.24807			6
2025.02.05	01:38:47.740	1.24804	1.24808			6
2025.02.05	01:38:48.043	1.24803	1.24807			6
2025.02.05	01:38:49.292	1.24804	1.24808			6
2025.02.05	01:38:49.597	1.24803	1.24807			6
2025.02.05	01:38:49.903	1.24804				2
2025.02.05	01:38:50.217		1.24808			4
2025.02.05	01:38:52.987	1.24805				2
2025.02.05	01:38:53.296	1.24804				2
2025.02.05	01:38:59.769	1.24802	1.24806			6
2025.02.05	01:39:00.077	1.24802				2
2025.02.05	01:39:02.847	1.24803	1.24807			6
2025.02.05	01:39:05.601	1.24799	1.24803			6
2025.02.05	01:39:07.149		1.24804			4
2025.02.05	01:39:08.066	1.24797	1.24801			6
2025.02.05	01:39:08.372	1.24799	1.24804			6
2025.02.05	01:39:11.149	1.24800				2
2025.02.05	01:39:14.854	1.24801	1.24805			6
2025.02.05	01:39:15.162	1.24800	1.24804			6
2025.02.05	01:39:16.091	1.24801	1.24805			6
2025.02.05	01:39:16.399	1.24800	1.24804			6
2025.02.05	01:39:17.939	1.24802	1.24806			6
2025.02.05	01:39:24.721	1.24805	1.24809			6
2025.02.05	01:39:26.264		1.24810			4
2025.02.05	01:39:29.343	1.24804	1.24809			6
2025.02.05	01:39:29.962	1.24805	1.24810			6
2025.02.05	01:39:30.272	1.24804	1.24809			6
2025.02.05	01:39:34.273	1.24805	1.24810			6
2025.02.05	01:39:34.576	1.24804	1.24809			6
2025.02.05	01:39:35.194	1.24805	1.24810			6
2025.02.05	01:39:41.673	1.24804	1.24809			6
2025.02.05	01:39:42.284	1.24800	1.24805			6
2025.02.05	01:39:42.594	1.24801	1.24806			6
2025.02.05	01:39:43.208	1.24800				2
2025.02.05	01:39:43.517	1.24801	1.24807			6
2025.02.05	01:39:44.748	1.24800	1.24806			6
2025.02.05	01:39:50.602	1.24801	1.24807			6
2025.02.05	01:39:53.989	1.24800	1.24806			6
2025.02.05	01:39:55.216	1.24801	1.24807			6
2025.02.05	01:39:58.908	1.24800	1.24806			6
2025.02.05	01:39:59.213	1.24801				2
2025.02.05	01:40:00.140	1.24801				2
2025.02.05	01:40:01.979	1.24800	1.24805			6
2025.02.05	01:40:02.286	1.24801	1.24806			6
2025.02.05	01:40:02.593	1.24800	1.24805			6
2025.02.05	01:40:03.207	1.24801	1.24806			6
2025.02.05	01:40:06.890	1.24800	1.24805			6
2025.02.05	01:40:07.502	1.24801	1.24806			6
2025.02.05	01:40:08.117	1.24800	1.24805			6
2025.02.05	01:40:08.728	1.24803	1.24807			6
2025.02.05	01:40:09.040	1.24802				2
2025.02.05	01:40:11.490	1.24805	1.24809			6
2025.02.05	01:40:12.100	1.24806	1.24811			6
2025.02.05	01:40:15.479	1.24805	1.24810			6
2025.02.05	01:40:20.420	1.24802	1.24808			6
2025.02.05	01:40:22.269	1.24800	1.24806			6
2025.02.05	01:40:23.501	1.24801				2
2025.02.05	01:40:24.731		1.24807			4
2025.02.05	01:40:25.041		1.24806			4
2025.02.05	01:40:25.343		1.24807			4
2025.02.05	01:40:25.659		1.24806			4
2025.02.05	01:40:26.587		1.24807			4
2025.02.05	01:40:27.198		1.24806			4
2025.02.05	01:40:27.501		1.24807			4
2025.02.05	01:40:29.032	1.24804	1.24808			6
2025.02.05	01:40:31.484	1.24805	1.24809			6
2025.02.05	01:40:31.789		1.24810			4
2025.02.05	01:40:49.281	1.24806				2
2025.02.05	01:40:50.820	1.24805				2
2025.02.05	01:40:51.122	1.24806				2
2025.02.05	01:40:56.675	1.24807	1.24811			6
2025.02.05	01:41:00.068	1.24807				2
2025.02.05	01:41:00.982	1.24806	1.24810			6
2025.02.05	01:41:02.225		1.24811			4
2025.02.05	01:41:02.534		1.24810			4
2025.02.05	01:41:10.233	1.24807	1.24811			6
2025.02.05	01:41:14.846	1.24806	1.24810			6
2025.02.05	01:41:15.150	1.24807	1.24811			6
2025.02.05	01:41:15.460	1.24806				2
2025.02.05	01:41:17.002	1.24807				2
2025.02.05	01:41:21.608	1.24806				2
2025.02.05	01:41:22.835	1.24807				2
2025.02.05	01:41:23.448	1.24806				2
2025.02.05	01:41:24.680	1.24807				2
2025.02.05	01:41:26.212	1.24808				2
2025.02.05	01:41:34.756	1.24807				2
2025.02.05	01:41:35.361	1.24808				2
2025.02.05	01:41:45.856	1.24816	1.24819			6
2025.02.05	01:41:47.399	1.24814				2
2025.02.05	01:41:48.015		1.24820			4
2025.02.05	01:41:48.319		1.24819			4
2025.02.05	01:41:48.934	1.24815	1.24820			6
2025.02.05	01:41:52.951	1.24814				2
2025.02.05	01:41:53.876	1.24815				2
2025.02.05	01:41:54.796	1.24814				2
2025.02.05	01:41:55.730		1.24819			4
2025.02.05	01:41:56.034		1.24820			4
2025.02.05	01:41:56.340		1.24819			4
2025.02.05	01:41:56.959		1.24820			4
2025.02.05	01:41:57.264		1.24819			4
2025.02.05	01:41:57.578		1.24820			4
2025.02.05	01:41:58.505	1.24815				2
2025.02.05	01:42:00.062	1.24815				2
2025.02.05	01:42:00.684	1.24814	1.24819			6
2025.02.05	01:42:00.990	1.24811	1.24817			6
2025.02.05	01:42:01.916	1.24810				2
2025.02.05	01:42:02.536	1.24811				2
2025.02.05	01:42:02.842	1.24809	1.24815			6
2025.02.05	01:42:03.145	1.24810				2
2025.02.05	01:42:03.459		1.24816			4
2025.02.05	01:42:06.249		1.24815			4
2025.02.05	01:42:07.477	1.24809	1.24816			6
2025.02.05	01:42:07.786	1.24810				2
2025.02.05	01:42:10.546		1.24815			4
2025.02.05	01:42:11.461		1.24816			4
2025.02.05	01:42:12.381	1.24807	1.24812			6
2025.02.05	01:42:12.685	1.24806				2
2025.02.05	01:42:16.678		1.24811			4
2025.02.05	01:42:20.723		1.24812			4
2025.02.05	01:42:21.039		1.24811			4
2025.02.05	01:42:22.881		1.24812			4
2025.02.05	01:42:23.182	1.24810	1.24815			6
2025.02.05	01:42:23.495	1.24811	1.24816			6
2025.02.05	01:42:23.805	1.24810	1.24815			6
2025.02.05	01:42:25.646		1.24816			4
2025.02.05	01:42:29.327	1.24811				2
2025.02.05	01:42:29.639	1.24810				2
2025.02.05	01:42:29.945	1.24809	1.24815			6
2025.02.05	01:42:30.254	1.24810	1.24816			6
2025.02.05	01:42:33.005		1.24815			4
2025.02.05	01:42:33.321		1.24816			4
2025.02.05	01:42:34.542		1.24815			4
2025.02.05	01:42:34.843		1.24816			4
2025.02.05	01:42:36.999		1.24815			4
2025.02.05	01:42:37.919	1.24814	1.24819			6
2025.02.05	01:42:39.144	1.24813	1.24818			6
2025.02.05	01:42:39.450		1.24819			4
2025.02.05	01:42:39.758	1.24814	1.24818			6
2025.02.05	01:42:40.061	1.24813				2
2025.02.05	01:42:41.599	1.24814	1.24819			6
2025.02.05	01:42:43.748		1.24820			4
2025.02.05	01:42:44.056		1.24819			4
2025.02.05	01:42:46.526	1.24816	1.24821			6
2025.02.05	01:42:46.833		1.24822			4
2025.02.05	01:42:47.145		1.24821			4
2025.02.05	01:42:47.761	1.24814	1.24820			6
2025.02.05	01:42:49.604	1.24816				2
2025.02.05	01:42:49.921	1.24813				2
2025.02.05	01:42:50.539	1.24816				2
2025.02.05	01:42:51.147	1.24814				2
2025.02.05	01:42:54.528	1.24813				2
2025.02.05	01:42:57.917	1.24814				2
2025.02.05	01:42:58.829	1.24815				2
2025.02.05	01:42:59.130	1.24814				2
2025.02.05	01:43:00.047	1.24814				2
2025.02.05	01:43:03.114		1.24819			4
2025.02.05	01:43:04.952		1.24820			4
2025.02.05	01:43:06.483	1.24815				2
2025.02.05	01:43:06.792	1.24814				2
2025.02.05	01:43:08.635	1.24816				2
2025.02.05	01:43:09.862	1.24814				2
2025.02.05	01:43:11.408		1.24819			4
2025.02.05	01:43:15.084		1.24818			4
2025.02.05	01:43:15.387	1.24812				2
2025.02.05	01:43:15.697	1.24813				2
2025.02.05	01:43:16.308		1.24819			4
2025.02.05	01:43:16.615	1.24814				2
2025.02.05	01:43:17.541	1.24813	1.24818			6
2025.02.05	01:43:17.852	1.24812				2
2025.02.05	01:43:21.382	1.24813				2
2025.02.05	01:43:21.687	1.24812				2
2025.02.05	01:43:24.157	1.24813				2
2025.02.05	01:43:24.773	1.24812				2
2025.02.05	01:43:25.703	1.24813				2
2025.02.05	01:43:26.319	1.24812				2
2025.02.05	01:43:27.247	1.24813				2
2025.02.05	01:43:27.560	1.24812				2
2025.02.05	01:43:29.095	1.24813				2
2025.02.05	01:43:29.410		1.24817			4
2025.02.05	01:43:29.711		1.24818			4
2025.02.05	01:43:31.872	1.24812	1.24817			6
2025.02.05	01:43:32.178	1.24813	1.24818			6
2025.02.05	01:43:34.338	1.24812	1.24817			6
2025.02.05	01:43:37.711	1.24813	1.24818			6
2025.02.05	01:43:38.328	1.24812	1.24817			6
2025.02.05	01:43:42.932	1.24814	1.24818			6
2025.02.05	01:43:44.779		1.24819			4
2025.02.05	01:43:45.399		1.24818			4
2025.02.05	01:43:45.709		1.24819			4
2025.02.05	01:43:46.938		1.24818			4
2025.02.05	01:43:48.174		1.24819			4
2025.02.05	01:43:48.483		1.24818			4
2025.02.05	01:43:51.561	1.24813				2
2025.02.05	01:43:56.193		1.24817			4
2025.02.05	01:44:00.150	1.24813				2
2025.02.05	01:44:01.066	1.24815	1.24819			6
2025.02.05	01:44:01.989	1.24814	1.24818			6
2025.02.05	01:44:14.220	1.24813	1.24817			6
2025.02.05	01:44:19.392	1.24814				2
2025.02.05	01:44:20.302	1.24813				2
2025.02.05	01:44:21.824	1.24814	1.24818			6
2025.02.05	01:44:24.254	1.24815	1.24819			6
2025.02.05	01:44:25.480	1.24817	1.24821			6
2025.02.05	01:44:30.063	1.24818				2
2025.02.05	01:44:31.279	1.24819				2
2025.02.05	01:44:33.422	1.24820				2
2025.02.05	01:44:33.735	1.24827	1.24828			6
2025.02.05	01:44:34.349	1.24823	1.24829			6
2025.02.05	01:44:34.659	1.24822				2
2025.02.05	01:44:35.893	1.24824				2
2025.02.05	01:44:36.816	1.24825				2
2025.02.05	01:44:38.981	1.24826	1.24830			6
2025.02.05	01:44:39.282	1.24823	1.24829			6
2025.02.05	01:44:39.893	1.24824				2
2025.02.05	01:44:40.200	1.24827				2
2025.02.05	01:44:55.282	1.24829	1.24835			6
2025.02.05	01:44:55.589	1.24828	1.24834			6
2025.02.05	01:44:56.810	1.24827	1.24833			6
2025.02.05	01:44:57.116		1.24834			4
2025.02.05	01:45:00.175	1.24827				2
2025.02.05	01:45:03.851	1.24828				2
2025.02.05	01:45:05.380	1.24823	1.24828			6
2025.02.05	01:45:05.988	1.24821				2
2025.02.05	01:45:06.603	1.24823				2
2025.02.05	01:45:07.214	1.24822				2
2025.02.05	01:45:10.939	1.24818	1.24823			6
2025.02.05	01:45:11.250		1.24824			4
2025.02.05	01:45:14.021	1.24817	1.24821			6
2025.02.05	01:45:14.328	1.24816	1.24820			6
2025.02.05	01:45:14.637		1.24819			4
2025.02.05	01:45:14.940	1.24817	1.24823			6
2025.02.05	01:45:17.412	1.24819				2
2025.02.05	01:45:22.008		1.24824			4
2025.02.05	01:45:26.898	1.24818				2
2025.02.05	01:45:31.810	1.24817	1.24823			6
2025.02.05	01:45:32.432		1.24824			4
2025.02.05	01:45:33.043	1.24816	1.24820			6
2025.02.05	01:45:33.343		1.24819			4
2025.02.05	01:45:33.661		1.24820			4
2025.02.05	01:45:33.971		1.24819			4
2025.02.05	01:45:34.282		1.24820			4
2025.02.05	01:45:35.515		1.24819			4
2025.02.05	01:45:35.828		1.24820			4
2025.02.05	01:45:36.134		1.24819			4
2025.02.05	01:45:36.443		1.24820			4
2025.02.05	01:45:36.747	1.24811	1.24817			6
2025.02.05	01:45:37.360	1.24810				2
2025.02.05	01:45:37.668	1.24811				2
2025.02.05	01:45:38.600	1.24812				2
2025.02.05	01:45:39.210	1.24814	1.24818			6
2025.02.05	01:45:39.521	1.24813				2
2025.02.05	01:45:39.823		1.24817			4
2025.02.05	01:45:41.686	1.24811				2
2025.02.05	01:45:42.610	1.24812				2
2025.02.05	01:45:42.913	1.24811				2
2025.02.05	01:45:44.129	1.24812				2
2025.02.05	01:45:49.980	1.24808	1.24814			6
2025.02.05	01:45:54.599	1.24811	1.24816			6
2025.02.05	01:45:55.520		1.24814			4
2025.02.05	01:45:55.825	1.24808				2
2025.02.05	01:45:56.745	1.24810				2
2025.02.05	01:45:57.049	1.24808				2
2025.02.05	01:45:57.358	1.24809	1.24816			6
2025.02.05	01:45:57.663	1.24810	1.24817			6
2025.02.05	01:45:57.971	1.24809	1.24816			6
2025.02.05	01:45:58.582	1.24812	1.24817			6
2025.02.05	01:45:58.885	1.24814	1.24818			6
2025.02.05	01:46:00.127	1.24814				2
2025.02.05	01:46:01.353	1.24811	1.24817			6
2025.02.05	01:46:01.662	1.24810				2
2025.02.05	01:46:01.966		1.24816			4
2025.02.05	01:46:02.276		1.24817			4
2025.02.05	01:46:02.892		1.24816			4
2025.02.05	01:46:03.507		1.24817			4
2025.02.05	01:46:04.438		1.24816			4
2025.02.05	01:46:09.666	1.24815	1.24817			6
2025.02.05	01:46:09.970	1.24814	1.24818			6
2025.02.05	01:46:13.955	1.24813				2
2025.02.05	01:46:14.259	1.24814				2
2025.02.05	01:46:16.702	1.24809	1.24814			6
2025.02.05	01:46:17.005	1.24808				2
2025.02.05	01:46:20.078	1.24809				2
2025.02.05	01:46:26.827	1.24810	1.24816			6
2025.02.05	01:46:27.133	1.24809				2
2025.02.05	01:46:27.436	1.24808	1.24814			6
2025.02.05	01:46:34.219		1.24813			4
2025.02.05	01:46:44.012		1.24814			4
2025.02.05	01:46:47.072		1.24813			4
2025.02.05	01:46:47.989		1.24812			4
2025.02.05	01:46:48.297	1.24804	1.24808			6
2025.02.05	01:46:48.907	1.24805				2
2025.02.05	01:46:49.211		1.24809			4
2025.02.05	01:46:49.520		1.24808			4
2025.02.05	01:46:50.440		1.24809			4
2025.02.05	01:46:51.670		1.24808			4
2025.02.05	01:46:52.593		1.24809			4
2025.02.05	01:46:55.967	1.24806				2
2025.02.05	01:46:56.283	1.24805				2
2025.02.05	01:46:56.590	1.24806				2
2025.02.05	01:46:56.898	1.24805				2
2025.02.05	01:46:57.206		1.24810			4
2025.02.05	01:46:57.521	1.24806				2
2025.02.05	01:46:58.133	1.24808	1.24814			6
2025.02.05	01:46:58.443	1.24810	1.24815			6
2025.02.05	01:46:59.368	1.24807	1.24813			6
2025.02.05	01:46:59.675		1.24812			4
2025.02.05	01:47:00.296	1.24807	1.24811			6
2025.02.05	01:47:00.606		1.24812			4
2025.02.05	01:47:01.221	1.24805	1.24810			6
2025.02.05	01:47:01.835	1.24804				2
2025.02.05	01:47:02.144	1.24805				2
2025.02.05	01:47:03.682	1.24806				2
2025.02.05	01:47:07.988		1.24811			4
2025.02.05	01:47:08.289		1.24810			4
2025.02.05	01:47:09.211		1.24811			4
2025.02.05	01:47:10.746		1.24810			4
2025.02.05	01:47:11.971		1.24811			4
2025.02.05	01:47:13.505	1.24805	1.24809			6
2025.02.05	01:47:13.810		1.24810			4
2025.02.05	01:47:14.736		1.24809			4
2025.02.05	01:47:15.041		1.24810			4
2025.02.05	01:47:17.502		1.24809			4
2025.02.05	01:47:17.808	1.24806	1.24810			6
2025.02.05	01:47:21.793		1.24811			4
2025.02.05	01:47:22.098	1.24809	1.24814			6
2025.02.05	01:47:26.383	1.24810	1.24815			6
2025.02.05	01:47:27.302		1.24816			4
2025.02.05	01:47:27.604		1.24815			4
2025.02.05	01:47:27.914		1.24816			4
2025.02.05	01:47:31.274		1.24815			4
2025.02.05	01:47:31.582	1.24811	1.24816			6
2025.02.05	01:47:32.202		1.24815			4
2025.02.05	01:47:32.516	1.24810				2
2025.02.05	01:47:34.662		1.24816			4
2025.02.05	01:47:34.969		1.24815			4
2025.02.05	01:47:36.509		1.24816			4
2025.02.05	01:47:37.124	1.24811				2
2025.02.05	01:47:38.663	1.24807	1.24810			6
2025.02.05	01:47:38.965	1.24806				2
2025.02.05	01:47:39.280	1.24805				2
2025.02.05	01:47:39.897	1.24804	1.24809			6
2025.02.05	01:47:40.514		1.24808			4
2025.02.05	01:47:41.130		1.24809			4
2025.02.05	01:47:41.748		1.24808			4
2025.02.05	01:47:42.363		1.24809			4
2025.02.05	01:47:42.669	1.24803	1.24808			6
2025.02.05	01:47:42.980		1.24807			4
2025.02.05	01:47:44.213	1.24799	1.24804			6
2025.02.05	01:47:51.315		1.24803			4
2025.02.05	01:47:52.543	1.24802	1.24806			6
2025.02.05	01:47:52.846	1.24800	1.24804			6
2025.02.05	01:48:00.213	1.24800				2
2025.02.05	01:48:02.973	1.24794	1.24798			6
2025.02.05	01:48:04.499	1.24793				2
2025.02.05	01:48:05.725	1.24794				2
2025.02.05	01:48:06.955	1.24793				2
2025.02.05	01:48:10.967	1.24794				2
2025.02.05	01:48:11.273	1.24793				2
2025.02.05	01:48:12.195	1.24794				2
2025.02.05	01:48:12.802	1.24793				2
2025.02.05	01:48:13.112	1.24794				2
2025.02.05	01:48:13.719	1.24793				2
2025.02.05	01:48:14.030	1.24794				2
2025.02.05	01:48:14.335	1.24790	1.24794			6
2025.02.05	01:48:14.645	1.24791	1.24795			6
2025.02.05	01:48:18.639	1.24792	1.24797			6
2025.02.05	01:48:20.800	1.24794	1.24798			6
2025.02.05	01:48:23.887		1.24799			4
2025.02.05	01:48:24.190		1.24798			4
2025.02.05	01:48:25.422	1.24792	1.24797			6
2025.02.05	01:48:25.725	1.24793				2
2025.02.05	01:48:29.433	1.24792				2
2025.02.05	01:48:38.365	1.24793				2
2025.02.05	01:48:41.423	1.24792	1.24796			6
2025.02.05	01:48:43.862		1.24797			4
2025.02.05	01:48:48.437		1.24796			4
2025.02.05	01:48:52.411		1.24797			4
2025.02.05	01:48:52.716	1.24793				2
2025.02.05	01:48:53.021	1.24792				2
2025.02.05	01:48:53.942	1.24793				2
2025.02.05	01:48:56.094		1.24796			4
2025.02.05	01:48:56.711		1.24797			4
2025.02.05	01:48:57.314	1.24792	1.24796			6
2025.02.05	01:48:57.921	1.24793	1.24797			6
2025.02.05	01:48:59.133		1.24796			4
2025.02.05	01:48:59.738		1.24797			4
2025.02.05	01:49:00.039	1.24793				2
2025.02.05	01:49:02.779	1.24792	1.24796			6
2025.02.05	01:49:03.391	1.24795	1.24799			6
2025.02.05	01:49:04.300		1.24798			4
2025.02.05	01:49:04.609		1.24799			4
2025.02.05	01:49:13.447		1.24798			4
2025.02.05	01:49:18.383	1.24794				2
2025.02.05	01:49:19.302	1.24795				2
2025.02.05	01:49:20.526	1.24794	1.24795			6
2025.02.05	01:49:20.830	1.24795	1.24796			6
2025.02.05	01:49:22.977	1.24794	1.24795			6
2025.02.05	01:49:23.280	1.24796	1.24799			6
2025.02.05	01:49:26.653	1.24797				2
2025.02.05	01:49:26.964	1.24796				2
2025.02.05	01:49:27.578	1.24797				2
2025.02.05	01:49:27.881	1.24796				2
2025.02.05	01:49:28.791	1.24797				2
2025.02.05	01:49:29.094	1.24796				2
2025.02.05	01:49:29.699	1.24797				2
2025.02.05	01:49:30.001	1.24796				2
2025.02.05	01:49:30.307	1.24797				2
2025.02.05	01:49:30.609	1.24796				2
2025.02.05	01:49:31.212	1.24797				2
2025.02.05	01:49:35.494	1.24796				2
2025.02.05	01:49:37.006	1.24797				2
2025.02.05	01:49:37.311	1.24796				2
2025.02.05	01:49:37.916	1.24797				2
2025.02.05	01:49:39.126		1.24800			4
2025.02.05	01:49:40.042		1.24799			4
2025.02.05	01:49:40.349		1.24800			4
2025.02.05	01:49:41.273		1.24798			4
2025.02.05	01:49:41.587		1.24800			4
2025.02.05	01:49:42.799	1.24796	1.24799			6
2025.02.05	01:49:43.104	1.24797	1.24800			6
2025.02.05	01:49:43.709	1.24796	1.24799			6
2025.02.05	01:49:44.013	1.24797	1.24800			6
2025.02.05	01:49:44.925	1.24796				2
2025.02.05	01:49:45.229	1.24797				2
2025.02.05	01:49:45.845		1.24799			4
2025.02.05	01:49:46.148		1.24800			4
2025.02.05	01:49:47.377		1.24799			4
2025.02.05	01:49:47.684	1.24794	1.24797			6
2025.02.05	01:49:54.715	1.24796	1.24799			6
2025.02.05	01:49:59.607	1.24795	1.24798			6
2025.02.05	01:49:59.916	1.24794				2
2025.02.05	01:50:00.218	1.24795				2
2025.02.05	01:50:00.531	1.24796				2
2025.02.05	01:50:00.834	1.24794				2
2025.02.05	01:50:01.140	1.24795				2
2025.02.05	01:50:01.441	1.24794				2
2025.02.05	01:50:02.964	1.24795				2
2025.02.05	01:50:09.405		1.24797			4
2025.02.05	01:50:12.164	1.24794	1.24796			6
2025.02.05	01:50:13.079		1.24797			4
2025.02.05	01:50:18.295	1.24795				2
2025.02.05	01:50:26.545	1.24797	1.24799			6
2025.02.05	01:50:28.068		1.24798			4
2025.02.05	01:50:33.950		1.24799			4
2025.02.05	01:50:37.921	1.24795	1.24798			6
2025.02.05	01:50:38.224	1.24797				2
2025.02.05	01:50:38.529		1.24799			4
2025.02.05	01:50:38.831		1.24800			4
2025.02.05	01:50:41.269	1.24796	1.24799			6
2025.02.05	01:50:41.575	1.24797	1.24800			6
2025.02.05	01:50:41.882	1.24796	1.24799			6
2025.02.05	01:50:42.494		1.24800			4
2025.02.05	01:50:42.807		1.24799			4
2025.02.05	01:50:43.114		1.24800			4
2025.02.05	01:50:43.724		1.24799			4
2025.02.05	01:50:44.647	1.24797				2
2025.02.05	01:50:44.952	1.24796				2
2025.02.05	01:50:45.566		1.24800			4
2025.02.05	01:50:45.878		1.24799			4
2025.02.05	01:50:46.180		1.24800			4
2025.02.05	01:50:46.799	1.24797				2
2025.02.05	01:50:47.102		1.24798			4
2025.02.05	01:50:47.410	1.24791	1.24792			6
2025.02.05	01:50:48.341	1.24790	1.24794			6
2025.02.05	01:50:48.646	1.24789				2
2025.02.05	01:50:50.188	1.24779	1.24780			6
2025.02.05	01:50:50.491	1.24777	1.24778			6
2025.02.05	01:50:50.796	1.24774	1.24777			6
2025.02.05	01:50:51.112	1.24772				2
2025.02.05	01:50:52.655	1.24771	1.24776			6
2025.02.05	01:50:52.960	1.24772				2
2025.02.05	01:50:54.191	1.24771				2
2025.02.05	01:50:54.501		1.24773			4
2025.02.05	01:50:54.806	1.24768	1.24772			6
2025.02.05	01:50:55.423	1.24764	1.24768			6
2025.02.05	01:50:55.731	1.24763				2
2025.02.05	01:50:56.354	1.24762	1.24766			6
2025.02.05	01:50:56.661	1.24764	1.24768			6
2025.02.05	01:50:56.967		1.24767			4
2025.02.05	01:50:57.269		1.24768			4
2025.02.05	01:50:59.124	1.24765				2
2025.02.05	01:50:59.428	1.24764				2
2025.02.05	01:51:00.043	1.24764				2
2025.02.05	01:51:00.659	1.24765				2
2025.02.05	01:51:01.281		1.24769			4
2025.02.05	01:51:01.585	1.24764				2
2025.02.05	01:51:01.894		1.24768			4
2025.02.05	01:51:02.199	1.24765				2
2025.02.05	01:51:02.813	1.24766	1.24770			6
2025.02.05	01:51:03.118	1.24770	1.24775			6
2025.02.05	01:51:03.426	1.24771				2
2025.02.05	01:51:09.292	1.24766	1.24770			6
2025.02.05	01:51:09.601		1.24769			4
2025.02.05	01:51:09.912	1.24765				2
2025.02.05	01:51:11.455	1.24764	1.24768			6
2025.02.05	01:51:11.763	1.24763				2
2025.02.05	01:51:13.618	1.24764				2
2025.02.05	01:51:13.922		1.24767			4
2025.02.05	01:51:15.769		1.24768			4
2025.02.05	01:51:16.386		1.24767			4
2025.02.05	01:51:16.695		1.24768			4
2025.02.05	01:51:17.311		1.24767			4
2025.02.05	01:51:17.929	1.24765				2
2025.02.05	01:51:18.241	1.24763				2
2025.02.05	01:51:20.396		1.24768			4
2025.02.05	01:51:20.701	1.24764	1.24769			6
2025.02.05	01:51:21.319	1.24761	1.24766			6
2025.02.05	01:51:23.774	1.24762				2
2025.02.05	01:51:32.370	1.24761	1.24765			6
2025.02.05	01:51:36.964	1.24760				2
2025.02.05	01:51:40.951	1.24761				2
2025.02.05	01:51:50.202	1.24763	1.24767			6
2025.02.05	01:51:51.127		1.24768			4
2025.02.05	01:51:51.433		1.24767			4
2025.02.05	01:51:52.048		1.24768			4
2025.02.05	01:51:52.360		1.24767			4
2025.02.05	01:51:56.378	1.24764	1.24768			6
2025.02.05	01:51:56.685	1.24765	1.24769			6
2025.02.05	01:51:56.993		1.24768			4
2025.02.05	01:51:57.610		1.24769			4
2025.02.05	01:52:00.072	1.24765				2
2025.02.05	01:52:05.011		1.24770			4
2025.02.05	01:52:05.318	1.24766	1.24769			6
2025.02.05	01:52:05.630		1.24770			4
2025.02.05	01:52:06.855		1.24769			4
2025.02.05	01:52:07.163	1.24765				2
2025.02.05	01:52:07.475	1.24766				2
2025.02.05	01:52:07.785	1.24765				2
2025.02.05	01:52:08.400	1.24766				2
2025.02.05	01:52:08.710	1.24765				2
2025.02.05	01:52:09.020		1.24770			4
2025.02.05	01:52:09.641		1.24769			4
2025.02.05	01:52:09.946	1.24766	1.24770			6
2025.02.05	01:52:11.185	1.24770	1.24775			6
2025.02.05	01:52:15.809	1.24771				2
2025.02.05	01:52:21.968	1.24770				2
2025.02.05	01:52:22.582	1.24773	1.24776			6
2025.02.05	01:52:27.202	1.24774				2
2025.02.05	01:52:33.979	1.24773				2
2025.02.05	01:52:42.298	1.24774				2
2025.02.05	01:52:43.525		1.24778			4
2025.02.05	01:52:45.035		1.24779			4
2025.02.05	01:52:45.944	1.24775				2
2025.02.05	01:52:46.850	1.24774				2
2025.02.05	01:52:47.154	1.24775				2
2025.02.05	01:52:52.692	1.24774				2
2025.02.05	01:52:53.921		1.24778			4
2025.02.05	01:52:54.537		1.24779			4
2025.02.05	01:52:55.460		1.24778			4
2025.02.05	01:52:57.301	1.24775				2
2025.02.05	01:52:57.613		1.24779			4
2025.02.05	01:52:59.145		1.24778			4
2025.02.05	01:53:00.064	1.24775				2
2025.02.05	01:53:00.367		1.24779			4
2025.02.05	01:53:01.579		1.24778			4
2025.02.05	01:53:03.716		1.24779			4
2025.02.05	01:53:09.821	1.24774	1.24778			6
2025.02.05	01:53:12.567	1.24775				2
2025.02.05	01:53:13.174		1.24779			4
2025.02.05	01:53:18.347		1.24777			4
2025.02.05	01:53:18.655	1.24774	1.24778			6
2025.02.05	01:53:18.959	1.24775				2
2025.02.05	01:53:20.173		1.24779			4
2025.02.05	01:53:21.093		1.24778			4
2025.02.05	01:53:22.912	1.24777	1.24779			6
2025.02.05	01:53:23.522	1.24776				2
2025.02.05	01:53:24.143	1.24777				2
2025.02.05	01:53:24.765	1.24775				2
2025.02.05	01:53:29.338		1.24778			4
2025.02.05	01:54:00.113	1.24775				2
2025.02.05	01:54:17.751	1.24776	1.24779			6
2025.02.05	01:54:22.417		1.24778			4
2025.02.05	01:54:23.023	1.24775				2
2025.02.05	01:54:23.933	1.24774	1.24777			6
2025.02.05	01:54:25.154	1.24776	1.24779			6
2025.02.05	01:54:32.198	1.24777				2
2025.02.05	01:54:33.126	1.24772	1.24774			6
2025.02.05	01:54:33.433	1.24774	1.24777			6
2025.02.05	01:54:33.736	1.24775	1.24778			6
2025.02.05	01:55:00.233	1.24775				2
2025.02.05	01:55:01.771	1.24779	1.24782			6
2025.02.05	01:55:02.078	1.24780	1.24783			6
2025.02.05	01:55:02.696	1.24779				2
2025.02.05	01:55:03.006	1.24780				2
2025.02.05	01:55:07.005		1.24784			4
2025.02.05	01:55:08.239	1.24781				2
2025.02.05	01:55:09.162	1.24777	1.24779			6
2025.02.05	01:55:09.473	1.24776				2
2025.02.05	01:55:10.088	1.24777	1.24780			6
2025.02.05	01:55:11.321	1.24781	1.24785			6
2025.02.05	01:55:16.874	1.24778	1.24781			6
2025.02.05	01:55:17.182	1.24777	1.24780			6
2025.02.05	01:55:17.489	1.24776	1.24779			6
2025.02.05	01:55:17.794		1.24780			4
2025.02.05	01:55:19.336	1.24777	1.24779			6
2025.02.05	01:55:19.958	1.24776	1.24780			6
2025.02.05	01:55:20.568	1.24778	1.24781			6
2025.02.05	01:55:21.185	1.24777	1.24780			6
2025.02.05	01:55:21.497	1.24776	1.24779			6
2025.02.05	01:55:21.798		1.24780			4
2025.02.05	01:55:23.952	1.24777				2
2025.02.05	01:55:24.260	1.24776				2
2025.02.05	01:55:25.801	1.24775	1.24778			6
2025.02.05	01:55:27.654	1.24774				2
2025.02.05	01:55:27.959	1.24775				2
2025.02.05	01:55:29.194	1.24776				2
2025.02.05	01:55:29.496		1.24780			4
2025.02.05	01:55:29.801	1.24778				2
2025.02.05	01:55:30.415	1.24781	1.24783			6
2025.02.05	01:55:30.722	1.24780	1.24784			6
2025.02.05	01:55:31.329	1.24779	1.24783			6
2025.02.05	01:55:32.247	1.24776	1.24778			6
2025.02.05	01:55:32.562	1.24775				2
2025.02.05	01:55:32.867	1.24776				2
2025.02.05	01:55:33.179	1.24775				2
2025.02.05	01:55:33.487	1.24774	1.24777			6
2025.02.05	01:55:34.107	1.24775	1.24778			6
2025.02.05	01:55:36.258	1.24774				2
2025.02.05	01:55:36.562	1.24775				2
2025.02.05	01:55:44.223	1.24774				2
2025.02.05	01:55:45.157	1.24775				2
2025.02.05	01:55:45.467	1.24774				2
2025.02.05	01:55:47.924	1.24775				2
2025.02.05	01:55:48.533	1.24774				2
2025.02.05	01:55:49.159	1.24775				2
2025.02.05	01:55:54.365	1.24776				2
2025.02.05	01:55:54.678	1.24775				2
2025.02.05	01:55:56.821	1.24776				2
2025.02.05	01:55:57.741	1.24775				2
2025.02.05	01:56:00.199	1.24775				2
2025.02.05	01:56:09.346	1.24774	1.24777			6
2025.02.05	01:56:09.648	1.24773				2
2025.02.05	01:56:09.951	1.24774				2
2025.02.05	01:56:10.251	1.24772	1.24776			6
2025.02.05	01:56:11.163	1.24767	1.24771			6
2025.02.05	01:56:12.385	1.24766				2
2025.02.05	01:56:16.388	1.24762	1.24767			6
2025.02.05	01:56:18.236		1.24768			4
2025.02.05	01:56:22.244		1.24767			4
2025.02.05	01:56:36.097	1.24763				2
2025.02.05	01:56:39.146	1.24762	1.24766			6
2025.02.05	01:56:50.153	1.24763	1.24767			6
2025.02.05	01:56:50.457	1.24762	1.24766			6
2025.02.05	01:56:50.762	1.24763	1.24767			6
2025.02.05	01:56:52.290	1.24762	1.24766			6
2025.02.05	01:56:55.679	1.24761	1.24765			6
2025.02.05	01:57:00.303	1.24758	1.24762			6
2025.02.05	01:57:01.845	1.24761	1.24765			6
2025.02.05	01:57:03.081	1.24762	1.24766			6
2025.02.05	01:57:03.384	1.24761				2
2025.02.05	01:57:04.311	1.24762				2
2025.02.05	01:57:10.477	1.24763				2
2025.02.05	01:57:11.400	1.24762				2
2025.02.05	01:57:16.325	1.24761	1.24765			6
2025.02.05	01:57:20.332	1.24755	1.24759			6
2025.02.05	01:57:21.261	1.24754	1.24760			6
2025.02.05	01:57:24.340	1.24753	1.24759			6
2025.02.05	01:57:25.270		1.24758			4
2025.02.05	01:57:26.809	1.24749	1.24755			6
2025.02.05	01:57:29.568	1.24751	1.24757			6
2025.02.05	01:57:31.105	1.24752	1.24758			6
2025.02.05	01:57:31.411	1.24751	1.24757			6
2025.02.05	01:57:40.043	1.24753	1.24759			6
2025.02.05	01:57:40.346	1.24751	1.24757			6
2025.02.05	01:57:40.658	1.24752				2
2025.02.05	01:57:43.438	1.24753	1.24758			6
2025.02.05	01:57:44.055	1.24754	1.24759			6
2025.02.05	01:57:44.365	1.24755	1.24760			6
2025.02.05	01:57:44.674		1.24759			4
2025.02.05	01:57:45.294	1.24754	1.24760			6
2025.02.05	01:57:45.602		1.24759			4
2025.02.05	01:57:45.910		1.24760			4
2025.02.05	01:57:46.524		1.24759			4
2025.02.05	01:57:46.831	1.24756	1.24762			6
2025.02.05	01:57:47.140		1.24761			4
2025.02.05	01:57:48.374	1.24755				2
2025.02.05	01:57:48.991	1.24756	1.24762			6
2025.02.05	01:57:49.296		1.24761			4
2025.02.05	01:57:50.836	1.24760	1.24765			6
2025.02.05	01:57:51.143	1.24763	1.24768			6
2025.02.05	01:57:51.456	1.24762	1.24767			6
2025.02.05	01:57:52.374		1.24768			4
2025.02.05	01:57:52.681	1.24764	1.24769			6
2025.02.05	01:57:59.441	1.24760	1.24767			6
2025.02.05	01:57:59.743	1.24762	1.24768			6
2025.02.05	01:58:00.060	1.24762				2
2025.02.05	01:58:11.117		1.24767			4
2025.02.05	01:58:16.623		1.24768			4
2025.02.05	01:58:20.285	1.24763	1.24767			6
2025.02.05	01:58:23.957	1.24761				2
2025.02.05	01:58:24.871	1.24763				2
2025.02.05	01:58:28.253		1.24765			4
2025.02.05	01:58:28.559	1.24754	1.24759			6
2025.02.05	01:58:29.169	1.24756	1.24761			6
2025.02.05	01:58:38.109		1.24762			4
2025.02.05	01:58:38.724		1.24761			4
2025.02.05	01:58:39.032		1.24762			4
2025.02.05	01:58:43.639	1.24755				2
2025.02.05	01:58:44.861	1.24756	1.24761			6
2025.02.05	01:58:47.003		1.24762			4
2025.02.05	01:58:47.309		1.24761			4
2025.02.05	01:58:47.921		1.24762			4
2025.02.05	01:58:48.224	1.24760	1.24766			6
2025.02.05	01:58:49.769		1.24767			4
2025.02.05	01:58:53.472	1.24765	1.24771			6
2025.02.05	01:58:54.397	1.24767	1.24772			6
2025.02.05	01:58:54.704	1.24768				2
2025.02.05	01:58:55.005	1.24766				2
2025.02.05	01:58:55.327	1.24763	1.24770			6
2025.02.05	01:58:55.637	1.24766	1.24772			6
2025.02.05	01:58:59.331		1.24771			4
2025.02.05	01:58:59.640	1.24757	1.24762			6
2025.02.05	01:58:59.951	1.24753	1.24760			6
2025.02.05	01:59:00.257	1.24753	1.24759			6
2025.02.05	01:59:00.563	1.24751	1.24758			6
2025.02.05	01:59:01.790	1.24750	1.24757			6
2025.02.05	01:59:02.100	1.24751	1.24758			6
2025.02.05	01:59:03.326	1.24747	1.24754			6
2025.02.05	01:59:03.641	1.24748	1.24755			6
2025.02.05	01:59:04.255	1.24749	1.24756			6
2025.02.05	01:59:05.181	1.24748	1.24755			6
2025.02.05	01:59:05.795	1.24749	1.24756			6
2025.02.05	01:59:06.104	1.24748	1.24755			6
2025.02.05	01:59:06.719	1.24747	1.24754			6
2025.02.05	01:59:07.025	1.24749	1.24756			6
2025.02.05	01:59:13.201	1.24748	1.24755			6
2025.02.05	01:59:13.504	1.24749	1.24756			6
2025.02.05	01:59:13.811	1.24748	1.24755			6
2025.02.05	01:59:15.660	1.24749	1.24756			6
2025.02.05	01:59:17.806	1.24750	1.24757			6
2025.02.05	01:59:18.114	1.24754				2
2025.02.05	01:59:18.424	1.24753	1.24760			6
2025.02.05	01:59:18.729	1.24752	1.24759			6
2025.02.05	01:59:19.342	1.24753	1.24760			6
2025.02.05	01:59:19.645	1.24752	1.24759			6
2025.02.05	01:59:20.267	1.24753	1.24760			6
2025.02.05	01:59:20.574	1.24752	1.24759			6
2025.02.05	01:59:25.497	1.24756	1.24762			6
2025.02.05	01:59:29.801	1.24753	1.24756			6
2025.02.05	01:59:30.106	1.24754	1.24759			6
2025.02.05	01:59:32.257		1.24760			4
2025.02.05	01:59:32.563		1.24759			4
2025.02.05	01:59:34.103		1.24760			4
2025.02.05	01:59:34.406		1.24759			4
2025.02.05	01:59:35.332		1.24760			4
2025.02.05	01:59:35.639		1.24759			4
2025.02.05	01:59:36.563		1.24760			4
2025.02.05	01:59:36.875	1.24755	1.24761			6
2025.02.05	01:59:37.185	1.24754	1.24760			6
2025.02.05	01:59:37.498	1.24755	1.24761			6
2025.02.05	01:59:37.801	1.24754	1.24760			6
2025.02.05	01:59:38.107		1.24759			4
2025.02.05	01:59:38.411		1.24760			4
2025.02.05	01:59:39.034	1.24755				2
2025.02.05	01:59:40.268	1.24754				2
2025.02.05	01:59:45.192	1.24757	1.24764			6
2025.02.05	01:59:45.497		1.24763			4
2025.02.05	01:59:56.323	1.24754	1.24761			6
2025.02.05	01:59:57.245	1.24751	1.24758			6
2025.02.05	01:59:57.552	1.24752	1.24759			6
2025.02.05	01:59:58.469	1.24751	1.24758			6
2025.02.05	01:59:59.379	1.24752	1.24759			6
2025.02.05	01:59:59.681	1.24753	1.24758			6
2025.02.05	01:59:59.987	1.24752	1.24759			6
2025.02.05	02:00:00.289	1.24757	1.24761			6
2025.02.05	02:00:00.593	1.24760	1.24765			6
2025.02.05	02:00:00.907	1.24765	1.24768			6
2025.02.05	02:00:01.210	1.24763				2
2025.02.05	02:00:02.132	1.24762				2
2025.02.05	02:00:03.361	1.24764	1.24771			6
2025.02.05	02:00:04.281	1.24765				2
2025.02.05	02:00:04.590	1.24766	1.24773			6
2025.02.05	02:00:05.209	1.24774	1.24778			6
2025.02.05	02:00:05.517	1.24775				2
2025.02.05	02:00:06.742	1.24774				2
2025.02.05	02:00:07.060		1.24779			4
2025.02.05	02:00:10.134	1.24776	1.24781			6
2025.02.05	02:00:10.443	1.24781	1.24788			6
2025.02.05	02:00:10.745	1.24782	1.24789			6
2025.02.05	02:00:11.056	1.24785				2
2025.02.05	02:00:11.364	1.24787	1.24793			6
2025.02.05	02:00:12.595	1.24792	1.24794			6
2025.02.05	02:00:12.902	1.24789	1.24795			6
2025.02.05	02:00:13.210	1.24788				2
2025.02.05	02:00:19.986		1.24794			4
2025.02.05	02:00:20.290	1.24787				2
2025.02.05	02:00:20.602		1.24793			4
2025.02.05	02:00:20.908	1.24792	1.24799			6
2025.02.05	02:00:21.217	1.24795	1.24802			6
2025.02.05	02:00:22.757	1.24797	1.24803			6
2025.02.05	02:00:23.376	1.24798				2
2025.02.05	02:00:23.682	1.24796	1.24802			6
2025.02.05	02:00:23.983	1.24795				2
2025.02.05	02:00:24.294	1.24800	1.24806			6
2025.02.05	02:00:24.605	1.24796	1.24802			6
2025.02.05	02:00:25.528	1.24797				2
2025.02.05	02:00:26.143	1.24795	1.24801			6
2025.02.05	02:00:26.450	1.24794				2
2025.02.05	02:00:28.912	1.24793	1.24800			6
2025.02.05	02:00:29.221	1.24794	1.24801			6
2025.02.05	02:00:30.453		1.24800			4
2025.02.05	02:00:30.761		1.24801			4
2025.02.05	02:00:31.993	1.24796	1.24802			6
2025.02.05	02:00:32.607	1.24795				2
2025.02.05	02:00:33.228		1.24801			4
2025.02.05	02:00:33.533		1.24802			4
2025.02.05	02:00:34.453	1.24796				2
2025.02.05	02:00:34.762	1.24795				2
2025.02.05	02:00:36.306	1.24798	1.24805			6
2025.02.05	02:00:38.156	1.24799	1.24803			6
2025.02.05	02:00:38.461	1.24795	1.24802			6
2025.02.05	02:00:38.763	1.24794	1.24801			6
2025.02.05	02:00:40.004	1.24793	1.24800			6
2025.02.05	02:00:40.312	1.24792	1.24798			6
2025.02.05	02:00:40.623	1.24790	1.24795			6
2025.02.05	02:00:43.086	1.24789				2
2025.02.05	02:00:43.393	1.24783	1.24790			6
2025.02.05	02:00:48.011	1.24784	1.24791			6
2025.02.05	02:00:52.595		1.24790			4
2025.02.05	02:00:52.901	1.24785	1.24791			6
2025.02.05	02:00:53.203	1.24784				2
2025.02.05	02:00:57.196	1.24788				2
2025.02.05	02:00:57.498	1.24784	1.24790			6
2025.02.05	02:00:58.421	1.24788	1.24791			6
2025.02.05	02:00:58.726	1.24784	1.24790			6
2025.02.05	02:00:59.027	1.24788	1.24791			6
2025.02.05	02:00:59.640	1.24786	1.24790			6
2025.02.05	02:00:59.941	1.24787				2
2025.02.05	02:01:00.243	1.24783	1.24789			6
2025.02.05	02:01:00.556		1.24790			4
2025.02.05	02:01:00.862	1.24784				2
2025.02.05	02:01:01.167	1.24783				2
2025.02.05	02:01:01.474	1.24784				2
2025.02.05	02:01:01.781	1.24783				2
2025.02.05	02:01:02.390	1.24787	1.24791			6
2025.02.05	02:01:02.695		1.24792			4
2025.02.05	02:01:02.997	1.24786				2
2025.02.05	02:01:03.308	1.24791	1.24796			6
2025.02.05	02:01:03.612	1.24794	1.24795			6
2025.02.05	02:01:03.919	1.24789	1.24796			6
2025.02.05	02:01:08.200	1.24790	1.24797			6
2025.02.05	02:01:11.572	1.24789	1.24791			6
2025.02.05	02:01:11.880	1.24786	1.24790			6
2025.02.05	02:01:12.182	1.24789	1.24794			6
2025.02.05	02:01:13.417		1.24795			4
2025.02.05	02:01:15.562		1.24794			4
2025.02.05	02:01:15.869		1.24795			4
2025.02.05	02:01:20.781	1.24779	1.24783			6
2025.02.05	02:01:21.084	1.24780	1.24786			6
2025.02.05	02:01:21.397	1.24781				2
2025.02.05	02:01:22.322	1.24790	1.24792			6
2025.02.05	02:01:22.625		1.24794			4
2025.02.05	02:01:23.541		1.24795			4
2025.02.05	02:01:29.076	1.24786	1.24791			6
2025.02.05	02:01:29.380	1.24785				2
2025.02.05	02:01:29.691	1.24787				2
2025.02.05	02:01:32.456	1.24789	1.24792			6
2025.02.05	02:01:32.766		1.24793			4
2025.02.05	02:01:33.072	1.24787	1.24791			6
2025.02.05	02:01:33.381		1.24792			4
2025.02.05	02:01:33.687		1.24791			4
2025.02.05	02:01:33.994		1.24792			4
2025.02.05	02:01:35.836	1.24790	1.24793			6
2025.02.05	02:01:36.451		1.24794			4
2025.02.05	02:01:38.297		1.24795			4
2025.02.05	02:01:39.218		1.24794			4
2025.02.05	02:01:39.529		1.24795			4
2025.02.05	02:01:40.142	1.24787	1.24792			6
2025.02.05	02:01:40.450		1.24791			4
2025.02.05	02:01:40.762		1.24792			4
2025.02.05	02:01:41.369	1.24792	1.24798			6
2025.02.05	02:01:41.680	1.24791	1.24796			6
2025.02.05	02:01:41.987	1.24788	1.24792			6
2025.02.05	02:01:42.294	1.24785	1.24790			6
2025.02.05	02:01:42.600	1.24784				2
2025.02.05	02:01:42.906		1.24789			4
2025.02.05	02:01:43.210	1.24783				2
2025.02.05	02:01:44.135	1.24784				2
2025.02.05	02:01:44.754	1.24783				2
2025.02.05	02:01:45.361	1.24784				2
2025.02.05	02:01:45.666	1.24783				2
2025.02.05	02:01:46.278	1.24781	1.24788			6
2025.02.05	02:01:46.581	1.24778	1.24782			6
2025.02.05	02:01:46.887		1.24783			4
2025.02.05	02:01:48.117	1.24779				2
2025.02.05	02:01:48.426	1.24778				2
2025.02.05	02:01:49.346	1.24777				2
2025.02.05	02:01:49.649	1.24778	1.24784			6
2025.02.05	02:01:49.961		1.24783			4
2025.02.05	02:01:50.262		1.24784			4
2025.02.05	02:01:50.581	1.24779				2
2025.02.05	02:01:53.345		1.24783			4
2025.02.05	02:01:54.576	1.24777				2
2025.02.05	02:01:55.806	1.24778	1.24784			6
2025.02.05	02:01:56.114	1.24779				2
2025.02.05	02:01:59.810	1.24782	1.24787			6
2025.02.05	02:02:00.111	1.24782	1.24786			6
2025.02.05	02:02:00.732	1.24783				2
2025.02.05	02:02:01.040		1.24787			4
2025.02.05	02:02:06.875		1.24785			4
2025.02.05	02:02:07.483		1.24786			4
2025.02.05	02:02:10.845	1.24780				2
2025.02.05	02:02:12.073	1.24781				2
2025.02.05	02:02:12.379	1.24775	1.24780			6
2025.02.05	02:02:12.685	1.24776	1.24781			6
2025.02.05	02:02:13.296	1.24775	1.24780			6
2025.02.05	02:02:18.184	1.24778	1.24783			6
2025.02.05	02:02:18.799	1.24779				2
2025.02.05	02:02:20.349	1.24781	1.24786			6
2025.02.05	02:02:21.021		1.24787			4
2025.02.05	02:02:21.638	1.24779	1.24785			6
2025.02.05	02:02:21.944	1.24780				2
2025.02.05	02:02:24.087	1.24779	1.24784			6
2025.02.05	02:02:28.398	1.24780	1.24785			6
2025.02.05	02:02:28.704	1.24779	1.24784			6
2025.02.05	02:02:29.326	1.24780	1.24786			6
2025.02.05	02:02:29.634	1.24781	1.24787			6
2025.02.05	02:02:30.246	1.24780				2
2025.02.05	02:02:31.172	1.24781				2
2025.02.05	02:02:32.405	1.24783	1.24789			6
2025.02.05	02:02:32.713	1.24784				2
2025.02.05	02:02:35.485	1.24787	1.24792			6
2025.02.05	02:02:36.409	1.24792	1.24796			6
2025.02.05	02:02:36.717		1.24797			4
2025.02.05	02:02:42.876	1.24794				2
2025.02.05	02:02:43.186	1.24790	1.24794			6
2025.02.05	02:02:43.488	1.24783	1.24788			6
2025.02.05	02:02:43.801	1.24782				2
2025.02.05	02:02:48.425	1.24779	1.24785			6
2025.02.05	02:02:50.577	1.24778	1.24784			6
2025.02.05	02:03:00.076	1.24778				2
2025.02.05	02:03:10.851		1.24783			4
2025.02.05	02:03:11.469	1.24775	1.24779			6
2025.02.05	02:03:11.779	1.24774				2
2025.02.05	02:03:14.247	1.24773				2
2025.02.05	02:03:15.477	1.24774				2
2025.02.05	02:03:17.936	1.24773				2
2025.02.05	02:03:21.634	1.24771	1.24777			6
2025.02.05	02:03:21.939	1.24770	1.24776			6
2025.02.05	02:03:22.867	1.24771	1.24777			6
2025.02.05	02:03:23.170	1.24770	1.24776			6
2025.02.05	02:03:24.096	1.24771	1.24777			6
2025.02.05	02:03:25.324	1.24770	1.24776			6
2025.02.05	02:03:27.481	1.24769	1.24775			6
2025.02.05	02:03:31.287	1.24772	1.24777			6
2025.02.05	02:03:31.594	1.24771	1.24776			6
2025.02.05	02:03:32.208		1.24777			4
2025.02.05	02:03:33.133		1.24776			4
2025.02.05	02:03:33.438	1.24770	1.24775			6
2025.02.05	02:03:33.748	1.24771	1.24776			6
2025.02.05	02:03:34.668	1.24770	1.24775			6
2025.02.05	02:03:35.889	1.24771	1.24776			6
2025.02.05	02:03:37.107	1.24770	1.24775			6
2025.02.05	02:03:39.234	1.24771	1.24776			6
2025.02.05	02:03:41.987	1.24770	1.24775			6
2025.02.05	02:03:44.137	1.24769	1.24774			6
2025.02.05	02:03:49.031	1.24764	1.24768			6
2025.02.05	02:03:49.341	1.24763				2
2025.02.05	02:03:49.955	1.24764	1.24769			6
2025.02.05	02:03:53.344	1.24765	1.24770			6
2025.02.05	02:03:54.575	1.24764	1.24769			6
2025.02.05	02:03:55.190	1.24765	1.24770			6
2025.02.05	02:03:57.969	1.24764	1.24769			6
2025.02.05	02:04:00.129	1.24764				2
2025.02.05	02:04:08.130	1.24765				2
2025.02.05	02:04:13.331	1.24766	1.24770			6
2025.02.05	02:04:13.641	1.24765	1.24769			6
2025.02.05	02:04:13.943	1.24766	1.24770			6
2025.02.05	02:04:14.255	1.24765	1.24769			6
2025.02.05	02:04:17.324	1.24766	1.24770			6
2025.02.05	02:04:18.245		1.24769			4
2025.02.05	02:04:18.551		1.24770			4
2025.02.05	02:04:21.308		1.24769			4
2025.02.05	02:04:24.959	1.24768	1.24772			6
2025.02.05	02:04:25.262	1.24769	1.24773			6
2025.02.05	02:04:27.681	1.24770	1.24774			6
2025.02.05	02:04:28.903	1.24767	1.24769			6
2025.02.05	02:04:29.205	1.24764	1.24768			6
2025.02.05	02:04:30.123		1.24769			4
2025.02.05	02:04:33.826	1.24766	1.24770			6
2025.02.05	02:04:35.060	1.24764	1.24769			6
2025.02.05	02:04:39.078	1.24765				2
2025.02.05	02:04:39.695	1.24764				2
2025.02.05	02:04:42.171	1.24765				2
2025.02.05	02:04:46.200	1.24767				2
2025.02.05	02:04:46.818	1.24766				2
2025.02.05	02:05:00.256	1.24766				2
2025.02.05	02:05:05.802	1.24765				2
2025.02.05	02:05:06.112	1.24764	1.24768			6
2025.02.05	02:05:10.126	1.24765				2
2025.02.05	02:05:10.427	1.24766	1.24769			6
2025.02.05	02:05:18.648	1.24767	1.24770			6
2025.02.05	02:05:19.259	1.24766	1.24769			6
2025.02.05	02:05:19.570	1.24767				2
2025.02.05	02:05:20.179		1.24770			4
2025.02.05	02:05:20.485		1.24769			4
2025.02.05	02:05:23.238	1.24769	1.24772			6
2025.02.05	02:05:24.455	1.24770	1.24773			6
2025.02.05	02:05:25.067	1.24767	1.24770			6
2025.02.05	02:05:25.367	1.24766	1.24769			6
2025.02.05	02:05:26.589		1.24770			4
2025.02.05	02:05:34.087	1.24767				2
2025.02.05	02:05:36.242		1.24769			4
2025.02.05	02:05:38.997	1.24769	1.24770			6
2025.02.05	02:05:39.297	1.24778	1.24779			6
2025.02.05	02:05:39.601	1.24777				2
2025.02.05	02:05:39.906		1.24778			4
2025.02.05	02:05:40.213		1.24780			4
2025.02.05	02:05:45.763	1.24778	1.24782			6
2025.02.05	02:05:46.081		1.24783			4
2025.02.05	02:05:47.311	1.24779	1.24784			6
2025.02.05	02:05:54.112		1.24783			4
2025.02.05	02:05:55.338	1.24778	1.24782			6
2025.02.05	02:05:55.643	1.24777	1.24780			6
2025.02.05	02:05:56.265		1.24781			4
2025.02.05	02:05:58.106		1.24780			4
2025.02.05	02:05:58.413		1.24781			4
2025.02.05	02:06:00.265	1.24777				2
2025.02.05	02:06:02.114	1.24775	1.24779			6
2025.02.05	02:06:02.424	1.24774	1.24778			6
2025.02.05	02:06:03.655	1.24765	1.24770			6
2025.02.05	02:06:05.506	1.24764				2
2025.02.05	02:06:09.512	1.24765				2
2025.02.05	02:06:10.431		1.24769			4
2025.02.05	02:06:10.740	1.24764				2
2025.02.05	02:06:11.355	1.24763				2
2025.02.05	02:06:11.975	1.24764	1.24770			6
2025.02.05	02:06:15.364	1.24766				2
2025.02.05	02:06:17.525		1.24771			4
2025.02.05	02:06:23.672	1.24765	1.24769			6
2025.02.05	02:06:23.973	1.24764				2
2025.02.05	02:06:24.587		1.24770			4
2025.02.05	02:06:26.132	1.24765				2
2025.02.05	02:06:27.055	1.24764				2
2025.02.05	02:06:27.364	1.24765				2
2025.02.05	02:06:28.287	1.24766				2
