<DATE>	<TIME>	<BID>	<ASK>	<LAST>	<VOLUME>	<FLAGS>
2025.12.23	00:03:30.888	1.34557	1.34628			6
2025.12.23	00:04:00.173	1.34557				2
2025.12.23	00:04:30.933		1.34628			4
2025.12.23	00:05:00.036	1.34557				2
2025.12.23	00:05:00.337	1.34560				2
2025.12.23	00:05:30.992		1.34628			4
2025.12.23	00:06:00.199	1.34560				2
2025.12.23	00:06:31.052		1.34628			4
2025.12.23	00:07:00.248	1.34559				2
2025.12.23	00:07:31.294		1.34628			4
2025.12.23	00:08:00.134	1.34559				2
2025.12.23	00:08:31.450		1.34628			4
2025.12.23	00:09:00.253	1.34559				2
2025.12.23	00:09:31.486		1.34628			4
2025.12.23	00:10:00.275	1.34559				2
2025.12.23	00:10:31.607		1.34628			4
2025.12.23	00:11:00.082	1.34559				2
2025.12.23	00:11:31.696		1.34628			4
2025.12.23	00:11:51.817		1.34658			4
2025.12.23	00:12:00.157	1.34559				2
2025.12.23	00:12:51.862		1.34658			4
2025.12.23	00:13:00.199	1.34559				2
2025.12.23	00:13:51.889		1.34658			4
2025.12.23	00:14:00.246	1.34559				2
2025.12.23	00:14:51.957		1.34658			4
2025.12.23	00:15:00.296	1.34559				2
2025.12.23	00:15:33.384	1.34560				2
2025.12.23	00:15:52.227		1.34658			4
2025.12.23	00:16:00.256	1.34560				2
2025.12.23	00:16:52.241		1.34658			4
2025.12.23	00:17:00.278	1.34560				2
2025.12.23	00:17:52.393		1.34658			4
2025.12.23	00:18:00.077	1.34560				2
2025.12.23	00:18:52.633		1.34658			4
2025.12.23	00:19:00.280	1.34560				2
2025.12.23	00:19:52.916		1.34658			4
2025.12.23	00:20:00.017	1.34560				2
2025.12.23	00:20:00.329	1.34544	1.34720			6
2025.12.23	00:20:07.118	1.34553				2
2025.12.23	00:20:11.438	1.34554				2
2025.12.23	00:20:11.743	1.34553				2
2025.12.23	00:20:12.675	1.34550				2
2025.12.23	00:20:16.380	1.34553				2
2025.12.23	00:20:24.099	1.34549				2
2025.12.23	00:20:28.427	1.34555				2
2025.12.23	00:20:30.590	1.34554				2
2025.12.23	00:20:33.673	1.34536				2
2025.12.23	00:20:36.453	1.34550				2
2025.12.23	00:20:39.540	1.34548				2
2025.12.23	00:20:41.380	1.34546				2
2025.12.23	00:20:44.468	1.34552				2
2025.12.23	00:20:49.399	1.34551				2
2025.12.23	00:20:53.414	1.34543				2
2025.12.23	00:20:54.029	1.34544				2
2025.12.23	00:20:54.338	1.34543				2
2025.12.23	00:20:54.641	1.34552				2
2025.12.23	00:21:00.175	1.34552				2
2025.12.23	00:21:00.478		1.34720			4
2025.12.23	00:21:03.560	1.34553				2
2025.12.23	00:21:06.957	1.34552				2
2025.12.23	00:21:07.579	1.34553				2
2025.12.23	00:21:15.580		1.34732			4
2025.12.23	00:21:15.888		1.34733			4
2025.12.23	00:21:16.194		1.34732			4
2025.12.23	00:21:16.499		1.34733			4
2025.12.23	00:21:17.110		1.34732			4
2025.12.23	00:21:17.422		1.34733			4
2025.12.23	00:21:17.733		1.34732			4
2025.12.23	00:21:18.038		1.34733			4
2025.12.23	00:21:18.346		1.34732			4
2025.12.23	00:21:18.653		1.34733			4
2025.12.23	00:21:18.959		1.34732			4
2025.12.23	00:21:19.269		1.34733			4
2025.12.23	00:21:19.877		1.34732			4
2025.12.23	00:21:20.187		1.34733			4
2025.12.23	00:21:20.495		1.34732			4
2025.12.23	00:21:20.801		1.34733			4
2025.12.23	00:21:21.114		1.34732			4
2025.12.23	00:21:21.422		1.34733			4
2025.12.23	00:21:21.733		1.34732			4
2025.12.23	00:21:22.038		1.34733			4
2025.12.23	00:21:22.346		1.34732			4
2025.12.23	00:21:22.659		1.34733			4
2025.12.23	00:21:22.965		1.34732			4
2025.12.23	00:21:23.270		1.34733			4
2025.12.23	00:21:23.574		1.34732			4
2025.12.23	00:21:23.889		1.34733			4
2025.12.23	00:21:24.196		1.34732			4
2025.12.23	00:21:24.506		1.34733			4
2025.12.23	00:21:25.118		1.34731			4
2025.12.23	00:21:25.424		1.34733			4
2025.12.23	00:21:25.736		1.34732			4
2025.12.23	00:21:26.041		1.34733			4
2025.12.23	00:21:26.352		1.34731			4
2025.12.23	00:21:26.659		1.34733			4
2025.12.23	00:21:26.964		1.34732			4
2025.12.23	00:21:27.273		1.34733			4
2025.12.23	00:21:27.580		1.34732			4
2025.12.23	00:21:27.888		1.34733			4
2025.12.23	00:21:28.192		1.34732			4
2025.12.23	00:21:28.498	1.34552	1.34734			6
2025.12.23	00:21:28.807		1.34732			4
2025.12.23	00:21:29.118		1.34734			4
2025.12.23	00:21:29.428	1.34553	1.34732			6
2025.12.23	00:21:29.735		1.34734			4
2025.12.23	00:21:30.041		1.34732			4
2025.12.23	00:21:30.349		1.34734			4
2025.12.23	00:21:30.961		1.34732			4
2025.12.23	00:21:31.266		1.34734			4
2025.12.23	00:21:31.574		1.34732			4
2025.12.23	00:21:31.882		1.34734			4
2025.12.23	00:21:32.195		1.34732			4
2025.12.23	00:21:32.502		1.34734			4
2025.12.23	00:21:32.807		1.34732			4
2025.12.23	00:21:33.117		1.34734			4
2025.12.23	00:21:33.424	1.34552	1.34733			6
2025.12.23	00:21:33.729	1.34541	1.34720			6
2025.12.23	00:21:34.044	1.34539				2
2025.12.23	00:21:34.351	1.34540				2
2025.12.23	00:21:34.657	1.34545				2
2025.12.23	00:21:35.583	1.34550				2
2025.12.23	00:21:36.514	1.34552				2
2025.12.23	00:21:46.399	1.34553				2
2025.12.23	00:21:46.707	1.34554				2
2025.12.23	00:21:48.284	1.34552				2
2025.12.23	00:21:51.073		1.34731			4
2025.12.23	00:21:51.383		1.34730			4
2025.12.23	00:21:52.000		1.34732			4
2025.12.23	00:21:52.312		1.34730			4
2025.12.23	00:21:52.617		1.34732			4
2025.12.23	00:21:52.923		1.34730			4
2025.12.23	00:21:53.242		1.34732			4
2025.12.23	00:21:53.548	1.34553	1.34730			6
2025.12.23	00:21:53.867		1.34732			4
2025.12.23	00:21:54.188		1.34731			4
2025.12.23	00:21:54.489		1.34720			4
2025.12.23	00:21:56.040	1.34554				2
2025.12.23	00:21:59.437	1.34548				2
2025.12.23	00:22:00.054	1.34548				2
2025.12.23	00:22:00.366	1.34554				2
2025.12.23	00:22:03.452	1.34553				2
2025.12.23	00:22:04.375	1.34554				2
2025.12.23	00:22:05.298		1.34712			4
2025.12.23	00:22:08.086		1.34731			4
2025.12.23	00:22:08.393		1.34732			4
2025.12.23	00:22:08.704		1.34731			4
2025.12.23	00:22:09.010	1.34555	1.34732			6
2025.12.23	00:22:09.319		1.34730			4
2025.12.23	00:22:09.629		1.34732			4
2025.12.23	00:22:09.938		1.34730			4
2025.12.23	00:22:10.551		1.34732			4
2025.12.23	00:22:10.860		1.34730			4
2025.12.23	00:22:11.166		1.34732			4
2025.12.23	00:22:11.784		1.34730			4
2025.12.23	00:22:12.712	1.34554	1.34732			6
2025.12.23	00:22:13.021		1.34731			4
2025.12.23	00:22:13.957		1.34733			4
2025.12.23	00:22:14.263		1.34710			4
2025.12.23	00:22:21.378	1.34552				2
2025.12.23	00:22:22.608	1.34554				2
2025.12.23	00:22:28.502	1.34544				2
2025.12.23	00:22:33.746	1.34534				2
2025.12.23	00:22:35.397	1.34540				2
2025.12.23	00:22:37.549	1.34537				2
2025.12.23	00:22:37.864	1.34540				2
2025.12.23	00:22:38.483	1.34538				2
2025.12.23	00:22:38.783	1.34541				2
2025.12.23	00:22:39.390	1.34540				2
2025.12.23	00:22:42.476	1.34545				2
2025.12.23	00:22:56.360	1.34546				2
2025.12.23	00:22:56.671	1.34545				2
2025.12.23	00:23:00.045	1.34545				2
2025.12.23	00:23:03.427	1.34546				2
2025.12.23	00:23:04.044	1.34545				2
2025.12.23	00:23:05.287	1.34544				2
2025.12.23	00:23:05.592	1.34545				2
2025.12.23	00:23:05.901	1.34544				2
2025.12.23	00:23:06.513	1.34545				2
2025.12.23	00:23:07.438	1.34554				2
2025.12.23	00:23:09.596		1.34730			4
2025.12.23	00:23:09.909		1.34729			4
2025.12.23	00:23:10.216		1.34728			4
2025.12.23	00:23:10.525		1.34730			4
2025.12.23	00:23:10.834		1.34728			4
2025.12.23	00:23:11.454		1.34727			4
2025.12.23	00:23:11.762		1.34730			4
2025.12.23	00:23:12.075		1.34729			4
2025.12.23	00:23:13.302		1.34731			4
2025.12.23	00:23:13.921		1.34710			4
2025.12.23	00:23:30.592	1.34553				2
2025.12.23	00:23:33.682	1.34540				2
2025.12.23	00:23:35.534	1.34550				2
2025.12.23	00:23:36.138	1.34551				2
2025.12.23	00:23:41.411		1.34736			4
2025.12.23	00:23:41.721		1.34732			4
2025.12.23	00:23:42.036		1.34736			4
2025.12.23	00:23:42.655		1.34734			4
2025.12.23	00:23:42.966		1.34736			4
2025.12.23	00:23:43.902		1.34735			4
2025.12.23	00:23:44.203		1.34734			4
2025.12.23	00:23:44.518		1.34735			4
2025.12.23	00:23:46.360		1.34710			4
2025.12.23	00:23:51.297	1.34552				2
2025.12.23	00:23:55.621	1.34554				2
2025.12.23	00:24:00.221	1.34554				2
2025.12.23	00:24:03.632	1.34552				2
2025.12.23	00:24:04.549	1.34551				2
2025.12.23	00:24:04.855	1.34552				2
2025.12.23	00:24:05.469	1.34551	1.34730			6
2025.12.23	00:24:05.774		1.34732			4
2025.12.23	00:24:06.081		1.34733			4
2025.12.23	00:24:06.390	1.34555				2
2025.12.23	00:24:06.695		1.34731			4
2025.12.23	00:24:07.003		1.34733			4
2025.12.23	00:24:07.313		1.34732			4
2025.12.23	00:24:07.620		1.34731			4
2025.12.23	00:24:08.230		1.34733			4
2025.12.23	00:24:08.850		1.34732			4
2025.12.23	00:24:10.080		1.34733			4
2025.12.23	00:24:10.389		1.34731			4
2025.12.23	00:24:10.690		1.34733			4
2025.12.23	00:24:11.002		1.34731			4
2025.12.23	00:24:11.309		1.34732			4
2025.12.23	00:24:11.618		1.34726			4
2025.12.23	00:24:11.921		1.34733			4
2025.12.23	00:24:12.238		1.34731			4
2025.12.23	00:24:12.542		1.34710			4
2025.12.23	00:24:19.319	1.34554				2
2025.12.23	00:24:20.251	1.34555				2
2025.12.23	00:24:21.490	1.34554	1.34731			6
2025.12.23	00:24:21.799		1.34733			4
2025.12.23	00:24:22.106	1.34538	1.34726			6
2025.12.23	00:24:22.410	1.34541				2
2025.12.23	00:24:22.717		1.34710			4
2025.12.23	00:24:23.332	1.34544				2
2025.12.23	00:24:27.644	1.34553				2
2025.12.23	00:24:28.573	1.34554				2
2025.12.23	00:24:28.882	1.34553				2
2025.12.23	00:24:29.497	1.34554				2
2025.12.23	00:24:30.416	1.34555				2
2025.12.23	00:24:31.651	1.34554				2
2025.12.23	00:24:33.502	1.34555				2
2025.12.23	00:24:35.958	1.34533				2
2025.12.23	00:24:36.578	1.34555				2
2025.12.23	00:24:36.881	1.34556				2
2025.12.23	00:24:37.190	1.34557				2
2025.12.23	00:24:37.506	1.34555				2
2025.12.23	00:24:38.430	1.34556				2
2025.12.23	00:24:39.662	1.34555				2
2025.12.23	00:24:39.975	1.34534				2
2025.12.23	00:24:40.283	1.34535				2
2025.12.23	00:24:40.597	1.34536				2
2025.12.23	00:24:41.524	1.34539				2
2025.12.23	00:24:42.451	1.34543				2
2025.12.23	00:24:43.675	1.34557				2
2025.12.23	00:24:44.597	1.34548				2
2025.12.23	00:24:44.900	1.34554				2
2025.12.23	00:24:45.208	1.34555				2
2025.12.23	00:24:45.521	1.34553				2
2025.12.23	00:24:45.828	1.34551				2
2025.12.23	00:24:46.445	1.34552				2
2025.12.23	00:24:48.596	1.34567				2
2025.12.23	00:24:49.823	1.34560				2
2025.12.23	00:24:50.133	1.34562				2
2025.12.23	00:24:50.445	1.34561				2
2025.12.23	00:24:51.371	1.34558				2
2025.12.23	00:24:51.680	1.34538				2
2025.12.23	00:24:52.613	1.34542				2
2025.12.23	00:24:53.537	1.34540				2
2025.12.23	00:24:53.844	1.34542				2
2025.12.23	00:24:54.150	1.34547				2
2025.12.23	00:24:54.456	1.34546				2
2025.12.23	00:24:54.763	1.34547				2
2025.12.23	00:24:55.074	1.34551				2
2025.12.23	00:24:55.690	1.34547				2
2025.12.23	00:24:56.918	1.34533				2
2025.12.23	00:24:57.412	1.34537				2
2025.12.23	00:24:58.342	1.34540				2
2025.12.23	00:24:59.577	1.34543				2
2025.12.23	00:25:00.195	1.34543				2
2025.12.23	00:25:00.499	1.34550				2
2025.12.23	00:25:01.125	1.34556				2
2025.12.23	00:25:03.599	1.34555				2
2025.12.23	00:25:03.909	1.34556				2
2025.12.23	00:25:05.444	1.34557				2
2025.12.23	00:25:05.763	1.34537				2
2025.12.23	00:25:06.068	1.34551				2
2025.12.23	00:25:06.377	1.34553				2
2025.12.23	00:25:06.982	1.34552				2
2025.12.23	00:25:07.293	1.34550				2
2025.12.23	00:25:07.606	1.34551				2
2025.12.23	00:25:09.156	1.34568				2
2025.12.23	00:25:09.773	1.34553				2
2025.12.23	00:25:10.698	1.34554				2
2025.12.23	00:25:11.628	1.34552				2
2025.12.23	00:25:12.866	1.34550				2
2025.12.23	00:25:15.335	1.34551				2
2025.12.23	00:25:16.259	1.34550				2
2025.12.23	00:25:17.810	1.34553				2
2025.12.23	00:25:19.674	1.34552				2
2025.12.23	00:25:21.519	1.34551				2
2025.12.23	00:25:22.767		1.34710			4
2025.12.23	00:25:25.541	1.34549				2
2025.12.23	00:25:31.404	1.34552				2
2025.12.23	00:25:33.575	1.34550				2
2025.12.23	00:25:35.429	1.34551				2
2025.12.23	00:25:36.671	1.34550				2
2025.12.23	00:25:37.594	1.34551				2
2025.12.23	00:25:38.520	1.34550				2
2025.12.23	00:25:39.445	1.34551				2
2025.12.23	00:25:42.535	1.34550				2
2025.12.23	00:25:45.642	1.34551				2
2025.12.23	00:25:46.257	1.34538				2
2025.12.23	00:25:47.797	1.34532				2
2025.12.23	00:25:48.097	1.34552				2
2025.12.23	00:25:48.412	1.34551				2
2025.12.23	00:25:48.720	1.34552				2
2025.12.23	00:25:49.028	1.34551				2
2025.12.23	00:25:51.490	1.34550				2
2025.12.23	00:25:53.349	1.34534				2
2025.12.23	00:25:53.723	1.34560				2
2025.12.23	00:25:54.646	1.34563				2
2025.12.23	00:25:55.267	1.34536				2
2025.12.23	00:25:55.574	1.34534				2
2025.12.23	00:26:00.214	1.34534				2
2025.12.23	00:26:01.464	1.34550				2
2025.12.23	00:26:02.378	1.34551				2
2025.12.23	00:26:03.617	1.34549				2
2025.12.23	00:26:03.925	1.34550				2
2025.12.23	00:26:08.553	1.34542				2
2025.12.23	00:26:08.862	1.34543				2
2025.12.23	00:26:15.982	1.34540				2
2025.12.23	00:26:16.288	1.34542				2
2025.12.23	00:26:16.598	1.34551				2
2025.12.23	00:26:18.446	1.34550				2
2025.12.23	00:26:21.225	1.34551				2
2025.12.23	00:26:22.772		1.34710			4
2025.12.23	00:26:23.392	1.34548				2
2025.12.23	00:26:23.702	1.34549				2
2025.12.23	00:26:27.412	1.34551				2
2025.12.23	00:26:30.189	1.34536				2
2025.12.23	00:26:30.810	1.34535				2
2025.12.23	00:26:31.115	1.34536				2
2025.12.23	00:26:32.042	1.34534				2
2025.12.23	00:26:33.280	1.34530				2
2025.12.23	00:26:36.076	1.34546				2
2025.12.23	00:26:36.396	1.34545				2
2025.12.23	00:26:36.704	1.34547				2
2025.12.23	00:26:41.029	1.34544				2
2025.12.23	00:26:41.643	1.34550				2
2025.12.23	00:26:49.639	1.34532	1.34701			6
2025.12.23	00:26:55.865	1.34540				2
2025.12.23	00:26:56.173	1.34548				2
2025.12.23	00:26:57.412		1.34679			4
2025.12.23	00:27:00.007	1.34548				2
2025.12.23	00:27:00.548	1.34560	1.34655			6
2025.12.23	00:27:01.154	1.34567				2
2025.12.23	00:27:01.460	1.34544				2
2025.12.23	00:27:01.763	1.34546				2
2025.12.23	00:27:03.300	1.34566				2
2025.12.23	00:27:06.360	1.34568				2
2025.12.23	00:27:07.278	1.34570				2
2025.12.23	00:27:14.641	1.34561				2
2025.12.23	00:27:19.538	1.34570				2
2025.12.23	00:27:27.531	1.34563				2
2025.12.23	00:27:29.674	1.34564				2
2025.12.23	00:27:31.518	1.34565				2
2025.12.23	00:27:31.826	1.34564				2
2025.12.23	00:27:34.292	1.34565				2
2025.12.23	00:27:34.599	1.34570				2
2025.12.23	00:27:41.631	1.34566				2
2025.12.23	00:27:42.244	1.34570				2
2025.12.23	00:27:52.346	1.34568				2
2025.12.23	00:28:00.022	1.34568				2
2025.12.23	00:28:00.633		1.34655			4
2025.12.23	00:28:03.413	1.34570				2
2025.12.23	00:28:08.643		1.34678			4
2025.12.23	00:28:08.947		1.34675			4
2025.12.23	00:28:09.251		1.34674			4
2025.12.23	00:28:09.564		1.34678			4
2025.12.23	00:28:09.873		1.34675			4
2025.12.23	00:28:10.185		1.34677			4
2025.12.23	00:28:10.494		1.34674			4
2025.12.23	00:28:10.799		1.34678			4
2025.12.23	00:28:11.113		1.34675			4
2025.12.23	00:28:11.415		1.34677			4
2025.12.23	00:28:11.736		1.34674			4
2025.12.23	00:28:12.040		1.34677			4
2025.12.23	00:28:12.353		1.34675			4
2025.12.23	00:28:12.654		1.34676			4
2025.12.23	00:28:12.959		1.34675			4
2025.12.23	00:28:13.263		1.34677			4
2025.12.23	00:28:13.881		1.34675			4
2025.12.23	00:28:14.189		1.34674			4
2025.12.23	00:28:14.495	1.34566	1.34678			6
2025.12.23	00:28:14.804		1.34675			4
2025.12.23	00:28:15.113		1.34677			4
2025.12.23	00:28:15.422		1.34674			4
2025.12.23	00:28:15.731		1.34673			4
2025.12.23	00:28:16.039	1.34567	1.34675			6
2025.12.23	00:28:16.347		1.34677			4
2025.12.23	00:28:16.656		1.34674			4
2025.12.23	00:28:17.583		1.34673			4
2025.12.23	00:28:17.891		1.34674			4
2025.12.23	00:28:18.509		1.34673			4
2025.12.23	00:28:18.820		1.34674			4
2025.12.23	00:28:19.443		1.34673			4
2025.12.23	00:28:19.747		1.34677			4
2025.12.23	00:28:20.058		1.34674			4
2025.12.23	00:28:20.369		1.34676			4
2025.12.23	00:28:20.676		1.34673			4
2025.12.23	00:28:21.911		1.34677			4
2025.12.23	00:28:22.218		1.34674			4
2025.12.23	00:28:22.528		1.34673			4
2025.12.23	00:28:22.841	1.34568	1.34674			6
2025.12.23	00:28:23.154		1.34676			4
2025.12.23	00:28:23.458		1.34672			4
2025.12.23	00:28:23.764		1.34673			4
2025.12.23	00:28:24.070		1.34675			4
2025.12.23	00:28:24.379		1.34676			4
2025.12.23	00:28:24.999		1.34673			4
2025.12.23	00:28:25.313		1.34676			4
2025.12.23	00:28:25.932		1.34673			4
2025.12.23	00:28:26.238		1.34675			4
2025.12.23	00:28:26.546		1.34676			4
2025.12.23	00:28:26.858		1.34673			4
2025.12.23	00:28:27.170		1.34675			4
2025.12.23	00:28:27.471		1.34672			4
2025.12.23	00:28:27.783		1.34673			4
2025.12.23	00:28:28.398		1.34675			4
2025.12.23	00:28:28.713		1.34671			4
2025.12.23	00:28:29.323		1.34675			4
2025.12.23	00:28:29.643		1.34671			4
2025.12.23	00:28:29.950		1.34672			4
2025.12.23	00:28:30.256		1.34674			4
2025.12.23	00:28:30.566	1.34567	1.34671			6
2025.12.23	00:28:30.882	1.34568				2
2025.12.23	00:28:31.191		1.34674			4
2025.12.23	00:28:31.497		1.34672			4
2025.12.23	00:28:31.806		1.34675			4
2025.12.23	00:28:32.114	1.34567				2
2025.12.23	00:28:32.731	1.34568				2
2025.12.23	00:28:33.037		1.34671			4
2025.12.23	00:28:33.661		1.34674			4
2025.12.23	00:28:33.972		1.34673			4
2025.12.23	00:28:34.276		1.34674			4
2025.12.23	00:28:34.587		1.34672			4
2025.12.23	00:28:34.897		1.34674			4
2025.12.23	00:28:35.208		1.34670			4
2025.12.23	00:28:35.822		1.34671			4
2025.12.23	00:28:36.128		1.34674			4
2025.12.23	00:28:36.436		1.34670			4
2025.12.23	00:28:37.059		1.34672			4
2025.12.23	00:28:37.360		1.34671			4
2025.12.23	00:28:37.682		1.34673			4
2025.12.23	00:28:37.989		1.34674			4
2025.12.23	00:28:38.915		1.34670			4
2025.12.23	00:28:39.221		1.34673			4
2025.12.23	00:28:39.536		1.34670			4
2025.12.23	00:28:39.842	1.34569				2
2025.12.23	00:28:40.456		1.34672			4
2025.12.23	00:28:40.766		1.34671			4
2025.12.23	00:28:41.391		1.34670			4
2025.12.23	00:28:41.696		1.34672			4
2025.12.23	00:28:42.002		1.34671			4
2025.12.23	00:28:42.317		1.34673			4
2025.12.23	00:28:42.627		1.34670			4
2025.12.23	00:28:43.240		1.34672			4
2025.12.23	00:28:43.548		1.34670			4
2025.12.23	00:28:44.167		1.34671			4
2025.12.23	00:28:44.474		1.34672			4
2025.12.23	00:28:44.787		1.34670			4
2025.12.23	00:28:45.405		1.34672			4
2025.12.23	00:28:45.713		1.34673			4
2025.12.23	00:28:46.022		1.34672			4
2025.12.23	00:28:46.336		1.34670			4
2025.12.23	00:28:46.956		1.34673			4
2025.12.23	00:28:47.260		1.34670			4
2025.12.23	00:28:47.885		1.34669			4
2025.12.23	00:28:48.184		1.34670			4
2025.12.23	00:28:48.496		1.34673			4
2025.12.23	00:28:48.797		1.34669			4
2025.12.23	00:28:49.111		1.34672			4
2025.12.23	00:28:49.422		1.34670			4
2025.12.23	00:28:50.040		1.34672			4
2025.12.23	00:28:50.656		1.34669			4
2025.12.23	00:28:51.279		1.34670			4
2025.12.23	00:28:51.900		1.34672			4
2025.12.23	00:28:52.204		1.34670			4
2025.12.23	00:28:52.823		1.34674			4
2025.12.23	00:28:53.126		1.34673			4
2025.12.23	00:28:53.734		1.34669			4
2025.12.23	00:28:54.052		1.34672			4
2025.12.23	00:28:54.356		1.34670			4
2025.12.23	00:28:54.663		1.34669			4
2025.12.23	00:28:54.973	1.34570				2
2025.12.23	00:28:55.599		1.34673			4
2025.12.23	00:28:55.902		1.34670			4
2025.12.23	00:28:56.210		1.34672			4
2025.12.23	00:28:56.518		1.34673			4
2025.12.23	00:28:57.132		1.34671			4
2025.12.23	00:28:57.443		1.34672			4
2025.12.23	00:28:57.752		1.34669			4
2025.12.23	00:28:58.372		1.34670			4
2025.12.23	00:28:58.679		1.34672			4
2025.12.23	00:28:58.989		1.34669			4
2025.12.23	00:28:59.290		1.34673			4
2025.12.23	00:28:59.920		1.34670			4
2025.12.23	00:29:00.237	1.34570	1.34672			6
2025.12.23	00:29:00.546		1.34669			4
2025.12.23	00:29:01.169		1.34672			4
2025.12.23	00:29:01.485		1.34670			4
2025.12.23	00:29:01.789		1.34669			4
2025.12.23	00:29:02.091		1.34672			4
2025.12.23	00:29:02.405		1.34670			4
2025.12.23	00:29:02.718		1.34668			4
2025.12.23	00:29:03.336		1.34671			4
2025.12.23	00:29:03.646		1.34669			4
2025.12.23	00:29:04.264		1.34671			4
2025.12.23	00:29:04.571		1.34669			4
2025.12.23	00:29:05.486		1.34668			4
2025.12.23	00:29:05.799		1.34671			4
2025.12.23	00:29:06.107		1.34669			4
2025.12.23	00:29:07.656		1.34671			4
2025.12.23	00:29:08.277		1.34669			4
2025.12.23	00:29:08.591		1.34671			4
2025.12.23	00:29:08.899		1.34669			4
2025.12.23	00:29:09.822		1.34671			4
2025.12.23	00:29:10.746		1.34669			4
2025.12.23	00:29:11.050		1.34671			4
2025.12.23	00:29:11.357		1.34669			4
2025.12.23	00:29:12.281		1.34670			4
2025.12.23	00:29:12.589		1.34669			4
2025.12.23	00:29:13.512		1.34670			4
2025.12.23	00:29:13.817		1.34668			4
2025.12.23	00:29:14.743		1.34670			4
2025.12.23	00:29:15.052		1.34669			4
2025.12.23	00:29:15.364		1.34670			4
2025.12.23	00:29:15.669		1.34668			4
2025.12.23	00:29:15.978		1.34670			4
2025.12.23	00:29:16.285		1.34668			4
2025.12.23	00:29:16.902		1.34671			4
2025.12.23	00:29:17.208		1.34668			4
2025.12.23	00:29:18.439		1.34671			4
2025.12.23	00:29:18.751		1.34668			4
2025.12.23	00:29:19.362		1.34670			4
2025.12.23	00:29:19.672		1.34668			4
2025.12.23	00:29:20.296		1.34671			4
2025.12.23	00:29:20.600		1.34668			4
2025.12.23	00:29:20.908		1.34671			4
2025.12.23	00:29:21.217		1.34668			4
2025.12.23	00:29:22.453		1.34671			4
2025.12.23	00:29:23.068		1.34668			4
2025.12.23	00:29:23.374		1.34671			4
2025.12.23	00:29:23.991		1.34668			4
2025.12.23	00:29:24.299		1.34671			4
2025.12.23	00:29:24.607		1.34669			4
2025.12.23	00:29:25.224		1.34668			4
2025.12.23	00:29:25.843		1.34670			4
2025.12.23	00:29:26.153		1.34668			4
2025.12.23	00:29:27.089		1.34671			4
2025.12.23	00:29:27.392		1.34669			4
2025.12.23	00:29:27.700		1.34668			4
2025.12.23	00:29:28.018		1.34671			4
2025.12.23	00:29:28.624		1.34669			4
2025.12.23	00:29:30.167		1.34668			4
2025.12.23	00:29:57.018	1.34556	1.34655			6
2025.12.23	00:30:00.304	1.34557				2
2025.12.23	00:30:00.648	1.34566				2
2025.12.23	00:30:00.954	1.34556				2
2025.12.23	00:30:01.423	1.34555				2
2025.12.23	00:30:02.274	1.34556				2
2025.12.23	00:30:04.107	1.34555				2
2025.12.23	00:30:04.615	1.34556				2
2025.12.23	00:30:07.207	1.34557				2
2025.12.23	00:30:11.709	1.34556				2
2025.12.23	00:30:12.908	1.34557				2
2025.12.23	00:30:26.708	1.34558				2
2025.12.23	00:30:28.305	1.34563				2
2025.12.23	00:30:31.087	1.34562				2
2025.12.23	00:30:32.634	1.34563				2
2025.12.23	00:30:37.580	1.34564				2
2025.12.23	00:30:39.114	1.34562				2
2025.12.23	00:30:44.064	1.34563				2
2025.12.23	00:30:45.919	1.34564				2
2025.12.23	00:30:51.173	1.34565				2
2025.12.23	00:30:51.480	1.34568				2
2025.12.23	00:30:57.019		1.34655			4
2025.12.23	00:31:00.069	1.34568				2
2025.12.23	00:31:00.988	1.34565				2
2025.12.23	00:31:01.296	1.34569				2
2025.12.23	00:31:01.604	1.34568				2
2025.12.23	00:31:01.909	1.34567				2
2025.12.23	00:31:06.543	1.34569				2
2025.12.23	00:31:06.853	1.34570				2
2025.12.23	00:31:12.411	1.34568				2
2025.12.23	00:31:13.957	1.34569				2
2025.12.23	00:31:21.369	1.34570				2
2025.12.23	00:31:24.461	1.34569				2
2025.12.23	00:31:24.768	1.34570				2
2025.12.23	00:31:31.868	1.34569				2
2025.12.23	00:31:39.299	1.34571				2
2025.12.23	00:31:55.054	1.34570				2
2025.12.23	00:31:57.233		1.34655			4
2025.12.23	00:32:00.016	1.34570				2
2025.12.23	00:32:06.503	1.34572				2
2025.12.23	00:32:13.631	1.34574				2
2025.12.23	00:32:35.675	1.34575				2
2025.12.23	00:32:41.542	1.34574				2
2025.12.23	00:32:43.099	1.34575				2
2025.12.23	00:32:50.230	1.34574				2
2025.12.23	00:32:50.536	1.34575				2
2025.12.23	00:32:55.170	1.34573				2
2025.12.23	00:32:57.336		1.34655			4
2025.12.23	00:33:00.113	1.34573				2
2025.12.23	00:33:01.035	1.34575				2
2025.12.23	00:33:01.657	1.34573				2
2025.12.23	00:33:06.290	1.34575				2
2025.12.23	00:33:55.444	1.34573				2
2025.12.23	00:33:57.605		1.34655			4
2025.12.23	00:34:00.080	1.34573				2
2025.12.23	00:34:01.311	1.34574				2
2025.12.23	00:34:01.621	1.34575				2
2025.12.23	00:34:28.795		1.34668			4
2025.12.23	00:34:30.959	1.34576				2
2025.12.23	00:34:32.811	1.34572	1.34638			6
2025.12.23	00:34:33.123	1.34573				2
2025.12.23	00:35:00.299	1.34573				2
2025.12.23	00:35:09.567	1.34572				2
2025.12.23	00:35:09.875	1.34573	1.34644			6
2025.12.23	00:35:10.186	1.34574				2
2025.12.23	00:35:16.702	1.34573				2
2025.12.23	00:35:18.244	1.34572				2
2025.12.23	00:35:20.193	1.34592	1.34657			6
2025.12.23	00:35:20.778	1.34596	1.34655			6
2025.12.23	00:35:21.777	1.34595				2
2025.12.23	00:35:22.208	1.34589				2
2025.12.23	00:35:23.207	1.34582				2
2025.12.23	00:35:26.338	1.34577	1.34643			6
2025.12.23	00:35:27.564	1.34574				2
2025.12.23	00:35:27.874	1.34578				2
2025.12.23	00:35:28.802	1.34579				2
2025.12.23	00:35:29.422	1.34578				2
2025.12.23	00:35:29.729	1.34580				2
2025.12.23	00:35:31.586	1.34575				2
2025.12.23	00:35:31.892	1.34578				2
2025.12.23	00:35:33.128	1.34580				2
2025.12.23	00:35:35.907	1.34583				2
2025.12.23	00:35:37.758	1.34582				2
2025.12.23	00:35:39.618	1.34581				2
2025.12.23	00:35:56.915	1.34582				2
2025.12.23	00:35:58.152	1.34583				2
2025.12.23	00:36:00.004	1.34583				2
2025.12.23	00:36:05.580	1.34585				2
2025.12.23	00:36:11.752	1.34584				2
2025.12.23	00:36:16.377	1.34582				2
2025.12.23	00:36:26.528		1.34643			4
2025.12.23	00:36:32.691	1.34581				2
2025.12.23	00:36:33.917		1.34642			4
2025.12.23	00:36:35.468	1.34584	1.34643			6
2025.12.23	00:36:37.310	1.34583				2
2025.12.23	00:36:37.614	1.34584				2
2025.12.23	00:36:39.145	1.34583				2
2025.12.23	00:36:39.457	1.34584				2
2025.12.23	00:36:40.387	1.34585				2
2025.12.23	00:36:41.947	1.34584				2
2025.12.23	00:36:42.252	1.34585				2
2025.12.23	00:36:43.805	1.34584				2
2025.12.23	00:36:49.685	1.34585				2
2025.12.23	00:36:54.620	1.34584				2
2025.12.23	00:37:00.167	1.34585				2
2025.12.23	00:37:15.002	1.34584				2
2025.12.23	00:37:24.581	1.34585				2
2025.12.23	00:37:24.884	1.34583				2
2025.12.23	00:37:29.846	1.34585				2
2025.12.23	00:37:30.464	1.34586				2
2025.12.23	00:37:30.773	1.34585				2
2025.12.23	00:37:35.708		1.34643			4
2025.12.23	00:37:36.335	1.34587	1.34659			6
2025.12.23	00:37:36.641	1.34589	1.34661			6
2025.12.23	00:37:37.257		1.34660			4
2025.12.23	00:37:38.202	1.34587				2
2025.12.23	00:37:39.439	1.34588				2
2025.12.23	00:37:45.304		1.34659			4
2025.12.23	00:37:46.851	1.34589				2
2025.12.23	00:37:50.861	1.34590				2
2025.12.23	00:37:53.338	1.34589				2
2025.12.23	00:37:53.639	1.34591				2
2025.12.23	00:37:57.953	1.34590				2
2025.12.23	00:38:00.124	1.34590				2
2025.12.23	00:38:18.356	1.34591				2
2025.12.23	00:38:21.761	1.34592				2
2025.12.23	00:38:28.571	1.34591				2
2025.12.23	00:38:36.611	1.34586	1.34653			6
2025.12.23	00:38:54.542		1.34657			4
2025.12.23	00:38:54.849	1.34587				2
2025.12.23	00:39:00.109	1.34587				2
2025.12.23	00:39:01.655	1.34588				2
2025.12.23	00:39:04.126	1.34587				2
2025.12.23	00:39:32.569	1.34591	1.34662			6
2025.12.23	00:39:33.501		1.34661			4
2025.12.23	00:39:33.808		1.34663			4
2025.12.23	00:39:34.734	1.34590	1.34662			6
2025.12.23	00:39:35.350		1.34663			4
2025.12.23	00:39:35.657	1.34588				2
2025.12.23	00:39:36.581	1.34589				2
2025.12.23	00:39:37.508	1.34590				2
2025.12.23	00:39:37.816	1.34591	1.34662			6
2025.12.23	00:39:38.129	1.34588				2
2025.12.23	00:39:38.436	1.34587	1.34663			6
2025.12.23	00:39:40.602	1.34588				2
2025.12.23	00:39:43.079	1.34589				2
2025.12.23	00:39:45.240	1.34590				2
2025.12.23	00:39:47.398	1.34591	1.34662			6
2025.12.23	00:39:48.022	1.34590	1.34665			6
2025.12.23	00:39:48.334	1.34589	1.34664			6
2025.12.23	00:39:48.952	1.34591				2
2025.12.23	00:39:51.412	1.34593	1.34663			6
2025.12.23	00:39:51.721	1.34591				2
2025.12.23	00:39:53.572	1.34587	1.34666			6
2025.12.23	00:39:54.191	1.34588				2
2025.12.23	00:39:54.806	1.34591				2
2025.12.23	00:39:55.733	1.34582	1.34663			6
2025.12.23	00:39:56.043	1.34591	1.34664			6
2025.12.23	00:39:56.346	1.34590				2
2025.12.23	00:39:56.653	1.34591				2
2025.12.23	00:39:57.583	1.34588				2
2025.12.23	00:39:57.890	1.34592				2
2025.12.23	00:40:00.057	1.34592				2
2025.12.23	00:40:17.957		1.34665			4
2025.12.23	00:40:26.918	1.34591				2
2025.12.23	00:40:28.147	1.34590				2
2025.12.23	00:40:31.544		1.34664			4
2025.12.23	00:40:32.780	1.34592				2
2025.12.23	00:40:33.087	1.34593				2
2025.12.23	00:40:38.950		1.34665			4
2025.12.23	00:40:46.383		1.34664			4
2025.12.23	00:40:52.237	1.34592				2
2025.12.23	00:40:52.550	1.34593				2
2025.12.23	00:41:00.251	1.34593				2
2025.12.23	00:41:03.347		1.34665			4
2025.12.23	00:41:06.122		1.34664			4
2025.12.23	00:41:08.913	1.34592				2
2025.12.23	00:41:10.774		1.34665			4
2025.12.23	00:41:19.735	1.34591				2
2025.12.23	00:41:20.042	1.34589	1.34664			6
2025.12.23	00:41:21.585	1.34590				2
2025.12.23	00:41:26.522	1.34589				2
2025.12.23	00:41:32.702	1.34591				2
2025.12.23	00:41:33.012	1.34590				2
2025.12.23	00:41:33.634	1.34591				2
2025.12.23	00:41:33.944	1.34590				2
2025.12.23	00:41:34.253	1.34591				2
2025.12.23	00:41:34.862	1.34590				2
2025.12.23	00:41:35.167	1.34591				2
2025.12.23	00:41:35.474	1.34590				2
2025.12.23	00:41:39.802	1.34591				2
2025.12.23	00:41:40.421	1.34592				2
2025.12.23	00:41:40.730		1.34665			4
2025.12.23	00:41:41.654	1.34590				2
2025.12.23	00:41:41.958	1.34591				2
2025.12.23	00:41:55.560	1.34592				2
2025.12.23	00:41:57.730	1.34590				2
2025.12.23	00:41:58.033	1.34592				2
2025.12.23	00:41:58.344	1.34591				2
2025.12.23	00:42:00.194	1.34591				2
2025.12.23	00:42:15.981	1.34588	1.34670			6
2025.12.23	00:42:16.293	1.34590				2
2025.12.23	00:42:16.602	1.34592				2
2025.12.23	00:42:16.908	1.34593				2
2025.12.23	00:42:17.217	1.34594				2
2025.12.23	00:42:17.518	1.34591				2
2025.12.23	00:42:17.836	1.34594				2
2025.12.23	00:42:21.237	1.34591				2
2025.12.23	00:42:21.551	1.34593				2
2025.12.23	00:42:21.854	1.34591				2
2025.12.23	00:42:22.780	1.34593				2
2025.12.23	00:42:23.403	1.34594				2
2025.12.23	00:42:24.329	1.34591				2
2025.12.23	00:42:24.639	1.34590				2
2025.12.23	00:42:24.948	1.34591				2
2025.12.23	00:42:26.175	1.34590				2
2025.12.23	00:42:26.484	1.34592				2
2025.12.23	00:42:26.796	1.34593				2
2025.12.23	00:42:27.104	1.34595				2
2025.12.23	00:42:28.337	1.34592				2
2025.12.23	00:42:28.644	1.34593				2
2025.12.23	00:42:29.263	1.34592				2
2025.12.23	00:42:29.570		1.34669			4
2025.12.23	00:42:29.878		1.34668			4
2025.12.23	00:42:31.114	1.34593	1.34669			6
2025.12.23	00:42:31.431		1.34667			4
2025.12.23	00:42:31.733	1.34592				2
2025.12.23	00:42:32.658		1.34669			4
2025.12.23	00:42:32.969	1.34591				2
2025.12.23	00:42:33.586	1.34595				2
2025.12.23	00:42:40.698	1.34596				2
2025.12.23	00:42:41.003	1.34594				2
2025.12.23	00:42:41.317	1.34595				2
2025.12.23	00:42:47.484	1.34594				2
2025.12.23	00:42:47.790	1.34591				2
2025.12.23	00:42:48.095	1.34594				2
2025.12.23	00:42:55.512	1.34591				2
2025.12.23	00:42:55.817	1.34592				2
2025.12.23	00:42:56.125	1.34594				2
2025.12.23	00:43:00.136	1.34594				2
2025.12.23	00:43:03.836	1.34601	1.34693			6
2025.12.23	00:43:04.146	1.34599				2
2025.12.23	00:43:04.596	1.34603	1.34699			6
2025.12.23	00:43:05.452		1.34701			4
2025.12.23	00:43:05.803	1.34604				2
2025.12.23	00:43:07.508	1.34603				2
2025.12.23	00:43:08.032	1.34597	1.34683			6
2025.12.23	00:43:08.446	1.34598				2
2025.12.23	00:43:08.757	1.34597				2
2025.12.23	00:43:10.174	1.34599				2
2025.12.23	00:43:10.490	1.34598				2
2025.12.23	00:43:10.797	1.34597				2
2025.12.23	00:43:11.750	1.34599				2
2025.12.23	00:43:12.360	1.34598				2
2025.12.23	00:43:12.667	1.34597				2
2025.12.23	00:43:14.600	1.34596	1.34678			6
2025.12.23	00:43:14.907	1.34597	1.34677			6
2025.12.23	00:43:15.216	1.34596				2
2025.12.23	00:43:16.149	1.34595				2
2025.12.23	00:43:17.073	1.34596				2
2025.12.23	00:43:18.313	1.34597				2
2025.12.23	00:43:18.925	1.34598				2
2025.12.23	00:43:19.545	1.34597				2
2025.12.23	00:43:22.332	1.34599				2
2025.12.23	00:43:26.968	1.34601	1.34678			6
2025.12.23	00:43:27.587	1.34599				2
2025.12.23	00:43:29.125	1.34600	1.34677			6
2025.12.23	00:43:29.739	1.34601				2
2025.12.23	00:43:31.899	1.34602				2
2025.12.23	00:43:32.521	1.34601	1.34678			6
2025.12.23	00:43:34.368	1.34600				2
2025.12.23	00:43:34.679	1.34602				2
2025.12.23	00:43:34.987		1.34677			4
2025.12.23	00:43:35.296	1.34599	1.34676			6
2025.12.23	00:43:39.003		1.34675			4
2025.12.23	00:43:41.777	1.34598	1.34678			6
2025.12.23	00:43:42.084	1.34593	1.34675			6
2025.12.23	00:43:42.398	1.34597				2
2025.12.23	00:43:43.013	1.34598				2
2025.12.23	00:43:44.554		1.34673			4
2025.12.23	00:43:45.481	1.34595				2
2025.12.23	00:43:45.790	1.34597				2
2025.12.23	00:43:49.476	1.34593				2
2025.12.23	00:43:49.786	1.34595				2
2025.12.23	00:43:50.396	1.34597				2
2025.12.23	00:43:54.708		1.34672			4
2025.12.23	00:43:56.866	1.34594	1.34671			6
2025.12.23	00:43:57.173	1.34591				2
2025.12.23	00:43:59.639	1.34584	1.34672			6
2025.12.23	00:44:00.257	1.34584				2
2025.12.23	00:44:00.564	1.34586				2
2025.12.23	00:44:00.869	1.34595	1.34681			6
2025.12.23	00:44:01.176	1.34602	1.34679			6
2025.12.23	00:44:02.405	1.34597	1.34676			6
2025.12.23	00:44:05.178	1.34596				2
2025.12.23	00:44:05.485	1.34598				2
2025.12.23	00:44:09.802	1.34595				2
2025.12.23	00:44:10.114	1.34598				2
2025.12.23	00:44:17.205	1.34599	1.34675			6
2025.12.23	00:44:18.443	1.34596				2
2025.12.23	00:44:18.751	1.34599				2
2025.12.23	00:44:19.062		1.34674			4
2025.12.23	00:44:19.366	1.34596				2
2025.12.23	00:44:24.307		1.34675			4
2025.12.23	00:44:24.618	1.34595				2
2025.12.23	00:44:24.927	1.34598				2
2025.12.23	00:44:25.234	1.34595				2
2025.12.23	00:44:25.547	1.34598	1.34676			6
2025.12.23	00:44:26.778		1.34677			4
2025.12.23	00:44:27.088		1.34674			4
2025.12.23	00:44:28.010	1.34599				2
2025.12.23	00:44:28.932		1.34675			4
2025.12.23	00:44:29.555	1.34595				2
2025.12.23	00:44:29.864	1.34599				2
2025.12.23	00:44:30.788	1.34597	1.34671			6
2025.12.23	00:44:31.099	1.34583	1.34685			6
2025.12.23	00:44:31.407	1.34585				2
2025.12.23	00:44:31.712		1.34684			4
2025.12.23	00:44:32.646	1.34584	1.34667			6
2025.12.23	00:44:32.952	1.34591				2
2025.12.23	00:44:46.231	1.34592	1.34672			6
2025.12.23	00:44:46.851	1.34591				2
2025.12.23	00:44:47.156	1.34590				2
2025.12.23	00:44:47.463	1.34589	1.34671			6
2025.12.23	00:44:47.772	1.34592				2
2025.12.23	00:44:48.081	1.34590	1.34677			6
2025.12.23	00:44:48.388	1.34593	1.34678			6
2025.12.23	00:44:48.700	1.34594				2
2025.12.23	00:44:49.317	1.34595				2
2025.12.23	00:44:49.626	1.34591				2
2025.12.23	00:44:49.937	1.34594				2
2025.12.23	00:44:54.875		1.34658			4
2025.12.23	00:44:55.191		1.34678			4
2025.12.23	00:44:55.494		1.34658			4
2025.12.23	00:44:55.802		1.34678			4
2025.12.23	00:44:56.112		1.34658			4
2025.12.23	00:44:56.422		1.34678			4
2025.12.23	00:44:56.725		1.34668			4
2025.12.23	00:44:57.046		1.34658			4
2025.12.23	00:44:57.347		1.34668			4
2025.12.23	00:44:57.658		1.34658			4
2025.12.23	00:44:57.965		1.34668			4
2025.12.23	00:44:58.277	1.34595	1.34658			6
2025.12.23	00:44:58.587		1.34668			4
2025.12.23	00:45:00.123	1.34595				2
2025.12.23	00:45:00.431	1.34591	1.34677			6
2025.12.23	00:45:00.739	1.34594	1.34671			6
2025.12.23	00:45:01.048	1.34597	1.34676			6
2025.12.23	00:45:01.361	1.34598	1.34671			6
2025.12.23	00:45:01.674	1.34596				2
2025.12.23	00:45:01.981	1.34593	1.34673			6
2025.12.23	00:45:02.290	1.34596	1.34676			6
2025.12.23	00:45:02.597	1.34593				2
2025.12.23	00:45:02.905	1.34596				2
2025.12.23	00:45:03.216		1.34685			4
2025.12.23	00:45:03.836		1.34686			4
2025.12.23	00:45:04.150	1.34593	1.34685			6
2025.12.23	00:45:04.454	1.34596				2
2025.12.23	00:45:04.762		1.34683			4
2025.12.23	00:45:05.073	1.34593	1.34681			6
2025.12.23	00:45:05.378	1.34596	1.34685			6
2025.12.23	00:45:06.302		1.34683			4
2025.12.23	00:45:06.615	1.34597	1.34675			6
2025.12.23	00:45:06.917	1.34595	1.34676			6
2025.12.23	00:45:07.236	1.34596				2
2025.12.23	00:45:07.544	1.34597	1.34680			6
2025.12.23	00:45:11.722	1.34613	1.34664			6
2025.12.23	00:45:14.214	1.34612	1.34655			6
2025.12.23	00:45:17.594	1.34609				2
2025.12.23	00:45:17.903	1.34613				2
2025.12.23	00:45:20.666	1.34610	1.34664			6
2025.12.23	00:45:20.976	1.34612				2
2025.12.23	00:45:21.895		1.34655			4
2025.12.23	00:45:23.133	1.34613				2
2025.12.23	00:45:30.836	1.34610				2
2025.12.23	00:45:31.148	1.34612				2
2025.12.23	00:45:31.760	1.34609	1.34660			6
2025.12.23	00:45:32.067	1.34613				2
2025.12.23	00:45:33.603	1.34614				2
2025.12.23	00:45:41.022	1.34610	1.34655			6
2025.12.23	00:45:41.324	1.34612	1.34658			6
2025.12.23	00:45:41.640		1.34664			4
2025.12.23	00:45:41.950	1.34609	1.34655			6
2025.12.23	00:45:42.258	1.34612				2
2025.12.23	00:45:43.186	1.34613				2
2025.12.23	00:45:48.742	1.34612				2
2025.12.23	00:45:50.898	1.34609				2
2025.12.23	00:45:51.513	1.34600				2
2025.12.23	00:45:51.822	1.34603				2
2025.12.23	00:45:52.438	1.34605				2
2025.12.23	00:45:53.047	1.34606	1.34660			6
2025.12.23	00:45:53.673	1.34608				2
2025.12.23	00:45:54.908	1.34609	1.34661			6
2025.12.23	00:45:58.612	1.34614	1.34659			6
2025.12.23	00:45:59.845	1.34611				2
2025.12.23	00:46:00.154	1.34614				2
2025.12.23	00:46:00.461		1.34660			4
2025.12.23	00:46:03.236		1.34661			4
2025.12.23	00:46:03.540		1.34660			4
2025.12.23	00:46:03.853		1.34657			4
2025.12.23	00:46:04.163	1.34613				2
2025.12.23	00:46:05.089	1.34614				2
2025.12.23	00:46:22.676	1.34613				2
2025.12.23	00:46:34.699	1.34614				2
2025.12.23	00:46:44.880	1.34610				2
2025.12.23	00:46:45.188	1.34612				2
2025.12.23	00:46:46.725		1.34660			4
2025.12.23	00:46:47.041	1.34614				2
2025.12.23	00:46:51.982	1.34610	1.34658			6
2025.12.23	00:46:52.291	1.34613				2
2025.12.23	00:46:52.907	1.34614	1.34657			6
2025.12.23	00:46:53.214	1.34610	1.34653			6
2025.12.23	00:46:53.522	1.34612				2
2025.12.23	00:46:53.835	1.34613				2
2025.12.23	00:47:00.017	1.34613				2
2025.12.23	00:47:02.178	1.34611	1.34655			6
2025.12.23	00:47:02.796	1.34612				2
2025.12.23	00:47:03.102		1.34663			4
2025.12.23	00:47:03.407	1.34613	1.34662			6
2025.12.23	00:47:04.024	1.34610	1.34667			6
2025.12.23	00:47:04.643	1.34609				2
2025.12.23	00:47:04.950	1.34610	1.34660			6
2025.12.23	00:47:06.800		1.34654			4
2025.12.23	00:47:09.267	1.34611				2
2025.12.23	00:47:09.575	1.34610				2
2025.12.23	00:47:09.881	1.34609				2
2025.12.23	00:47:10.493	1.34610				2
2025.12.23	00:47:12.039		1.34649			4
2025.12.23	00:47:12.343	1.34612	1.34653			6
2025.12.23	00:47:13.275	1.34610	1.34656			6
2025.12.23	00:47:13.583	1.34609				2
2025.12.23	00:47:13.891	1.34610	1.34659			6
2025.12.23	00:47:14.201	1.34607				2
2025.12.23	00:47:14.514	1.34610				2
2025.12.23	00:47:14.818	1.34606	1.34650			6
2025.12.23	00:47:15.130	1.34609	1.34651			6
2025.12.23	00:47:15.748	1.34610	1.34656			6
2025.12.23	00:47:16.363		1.34652			4
2025.12.23	00:47:16.665	1.34605	1.34648			6
2025.12.23	00:47:17.596		1.34645			4
2025.12.23	00:47:17.905	1.34606				2
2025.12.23	00:47:18.217	1.34607				2
2025.12.23	00:47:18.520	1.34611	1.34661			6
2025.12.23	00:47:19.455	1.34612				2
2025.12.23	00:47:20.072	1.34609	1.34649			6
2025.12.23	00:47:20.383	1.34607				2
2025.12.23	00:47:25.628	1.34603	1.34646			6
2025.12.23	00:47:26.246	1.34601	1.34649			6
2025.12.23	00:47:26.549	1.34600				2
2025.12.23	00:47:28.092	1.34601				2
2025.12.23	00:47:28.403	1.34599	1.34645			6
2025.12.23	00:47:28.712	1.34600				2
2025.12.23	00:47:29.020	1.34602				2
2025.12.23	00:47:29.324		1.34649			4
2025.12.23	00:47:29.634	1.34609	1.34666			6
2025.12.23	00:47:30.255	1.34610	1.34667			6
2025.12.23	00:47:30.559	1.34613	1.34661			6
2025.12.23	00:47:32.413	1.34612				2
2025.12.23	00:47:32.719	1.34611	1.34656			6
2025.12.23	00:47:33.650	1.34614	1.34659			6
2025.12.23	00:47:33.957	1.34613	1.34655			6
2025.12.23	00:47:34.265	1.34614				2
2025.12.23	00:47:34.568	1.34613	1.34658			6
2025.12.23	00:47:39.202	1.34614				2
2025.12.23	00:47:40.745		1.34660			4
2025.12.23	00:47:41.670	1.34608	1.34654			6
2025.12.23	00:47:42.289	1.34611				2
2025.12.23	00:47:43.208		1.34655			4
2025.12.23	00:47:45.065		1.34660			4
2025.12.23	00:47:45.690	1.34609	1.34656			6
2025.12.23	00:47:45.991	1.34611				2
2025.12.23	00:47:46.302	1.34612				2
2025.12.23	00:47:46.608	1.34613				2
2025.12.23	00:47:52.785		1.34655			4
2025.12.23	00:47:53.094	1.34612	1.34661			6
2025.12.23	00:47:54.027	1.34613	1.34655			6
2025.12.23	00:47:54.338	1.34612				2
2025.12.23	00:47:58.653		1.34664			4
2025.12.23	00:47:58.959	1.34613				2
2025.12.23	00:47:59.574	1.34614				2
2025.12.23	00:48:00.194	1.34614				2
2025.12.23	00:48:00.500	1.34612	1.34655			6
2025.12.23	00:48:03.274	1.34610	1.34653			6
2025.12.23	00:48:03.583	1.34611				2
2025.12.23	00:48:03.901	1.34612				2
2025.12.23	00:48:04.210	1.34613				2
2025.12.23	00:48:05.143		1.34654			4
2025.12.23	00:48:06.696		1.34653			4
2025.12.23	00:48:10.702		1.34654			4
2025.12.23	00:48:11.618	1.34612	1.34653			6
2025.12.23	00:48:12.236	1.34608	1.34660			6
2025.12.23	00:48:12.853	1.34604				2
2025.12.23	00:48:13.160	1.34610				2
2025.12.23	00:48:13.475	1.34609				2
2025.12.23	00:48:15.637	1.34607	1.34656			6
2025.12.23	00:48:15.944	1.34608				2
2025.12.23	00:48:16.249	1.34605	1.34650			6
2025.12.23	00:48:16.562	1.34609	1.34654			6
2025.12.23	00:48:16.869	1.34610				2
2025.12.23	00:48:17.171	1.34611				2
2025.12.23	00:48:23.353	1.34607	1.34652			6
2025.12.23	00:48:23.658	1.34611				2
2025.12.23	00:48:23.972	1.34612				2
2025.12.23	00:48:24.280	1.34611				2
2025.12.23	00:48:26.441	1.34612	1.34666			6
2025.12.23	00:48:32.319		1.34663			4
2025.12.23	00:48:32.631		1.34660			4
2025.12.23	00:49:00.123	1.34612				2
2025.12.23	00:49:06.922	1.34611	1.34652			6
2025.12.23	00:49:07.543	1.34613				2
2025.12.23	00:49:07.851	1.34612				2
2025.12.23	00:49:08.467		1.34653			4
2025.12.23	00:49:14.022	1.34608				2
2025.12.23	00:49:14.638	1.34611				2
2025.12.23	00:49:16.181	1.34608				2
2025.12.23	00:49:16.482	1.34612	1.34657			6
2025.12.23	00:49:17.107	1.34613				2
2025.12.23	00:49:24.223	1.34609	1.34653			6
2025.12.23	00:49:24.532	1.34611				2
2025.12.23	00:49:25.153	1.34610	1.34657			6
2025.12.23	00:49:25.457	1.34609	1.34652			6
2025.12.23	00:49:26.080	1.34610				2
2025.12.23	00:49:26.389	1.34611				2
2025.12.23	00:49:27.000	1.34612				2
2025.12.23	00:49:27.623	1.34611				2
2025.12.23	00:49:34.108		1.34655			4
2025.12.23	00:49:34.413	1.34610	1.34659			6
2025.12.23	00:49:34.729	1.34612				2
2025.12.23	00:49:35.035	1.34611				2
2025.12.23	00:49:44.302	1.34608	1.34652			6
2025.12.23	00:49:44.610	1.34610				2
2025.12.23	00:49:45.227	1.34611				2
2025.12.23	00:49:45.536	1.34612				2
2025.12.23	00:49:54.491	1.34609				2
2025.12.23	00:49:54.798	1.34611				2
2025.12.23	00:49:55.422	1.34613				2
2025.12.23	00:50:00.052	1.34613				2
2025.12.23	00:50:04.683	1.34611				2
2025.12.23	00:50:06.842		1.34658			4
2025.12.23	00:50:07.462	1.34612				2
2025.12.23	00:50:13.026	1.34610				2
2025.12.23	00:50:13.334	1.34611				2
2025.12.23	00:50:14.880	1.34607	1.34651			6
2025.12.23	00:50:15.185	1.34610				2
2025.12.23	00:50:16.113		1.34650			4
2025.12.23	00:50:16.733	1.34612				2
2025.12.23	00:50:17.038	1.34613				2
2025.12.23	00:50:18.587	1.34612				2
2025.12.23	00:50:25.049	1.34609				2
2025.12.23	00:50:25.356	1.34611				2
2025.12.23	00:50:25.661	1.34612				2
2025.12.23	00:50:25.969	1.34613				2
2025.12.23	00:50:26.591		1.34651			4
2025.12.23	00:50:33.074	1.34614				2
2025.12.23	00:50:33.382	1.34611				2
2025.12.23	00:50:33.691	1.34608				2
2025.12.23	00:50:33.997	1.34611	1.34660			6
2025.12.23	00:50:34.305	1.34607	1.34651			6
2025.12.23	00:50:34.614	1.34611				2
2025.12.23	00:50:34.922	1.34602	1.34665			6
2025.12.23	00:50:35.236	1.34603	1.34653			6
2025.12.23	00:50:35.539	1.34597	1.34654			6
2025.12.23	00:50:36.479	1.34605				2
2025.12.23	00:50:36.788	1.34609				2
2025.12.23	00:50:38.637		1.34659			4
2025.12.23	00:50:51.301	1.34610				2
2025.12.23	00:50:51.608	1.34611	1.34654			6
2025.12.23	00:50:52.543	1.34612	1.34659			6
2025.12.23	00:50:55.318	1.34608				2
2025.12.23	00:50:55.634	1.34611				2
2025.12.23	00:50:55.940	1.34607	1.34656			6
2025.12.23	00:50:56.242	1.34610				2
2025.12.23	00:50:57.168	1.34609				2
2025.12.23	00:50:58.408	1.34605	1.34666			6
2025.12.23	00:50:58.711	1.34608				2
2025.12.23	00:50:59.012	1.34609	1.34665			6
2025.12.23	00:50:59.318	1.34610	1.34654			6
2025.12.23	00:50:59.623	1.34609				2
2025.12.23	00:51:00.245	1.34609				2
2025.12.23	00:51:00.554	1.34610				2
2025.12.23	00:51:00.867	1.34611				2
2025.12.23	00:51:05.479	1.34610	1.34658			6
2025.12.23	00:51:06.403	1.34611				2
2025.12.23	00:51:07.332	1.34613				2
2025.12.23	00:51:07.637	1.34612				2
2025.12.23	00:51:15.671	1.34609				2
2025.12.23	00:51:15.980	1.34610				2
2025.12.23	00:51:16.905	1.34607	1.34666			6
2025.12.23	00:51:17.213	1.34610				2
2025.12.23	00:51:17.520	1.34611	1.34655			6
2025.12.23	00:51:17.827	1.34607	1.34659			6
2025.12.23	00:51:18.754	1.34609				2
2025.12.23	00:51:19.373	1.34610				2
2025.12.23	00:51:19.683	1.34611				2
2025.12.23	00:51:23.699	1.34607	1.34658			6
2025.12.23	00:51:24.008	1.34608				2
2025.12.23	00:51:24.317	1.34610				2
2025.12.23	00:51:27.394	1.34611				2
2025.12.23	00:51:29.853	1.34606	1.34666			6
2025.12.23	00:51:30.165	1.34611	1.34667			6
2025.12.23	00:51:32.624	1.34612	1.34662			6
2025.12.23	00:51:32.932	1.34613				2
2025.12.23	00:51:33.854	1.34614				2
2025.12.23	00:51:45.241	1.34609	1.34665			6
2025.12.23	00:51:45.550	1.34613	1.34658			6
2025.12.23	00:51:50.481		1.34661			4
2025.12.23	00:51:50.787	1.34612				2
2025.12.23	00:51:51.099	1.34609	1.34667			6
2025.12.23	00:51:51.405	1.34613				2
2025.12.23	00:51:51.714		1.34658			4
2025.12.23	00:51:56.035		1.34660			4
2025.12.23	00:51:56.336		1.34665			4
2025.12.23	00:51:57.566		1.34662			4
2025.12.23	00:51:58.184	1.34612	1.34660			6
2025.12.23	00:52:00.037	1.34612				2
2025.12.23	00:52:06.499		1.34662			4
2025.12.23	00:52:07.123	1.34613	1.34660			6
2025.12.23	00:52:07.434	1.34612	1.34667			6
2025.12.23	00:52:08.047		1.34665			4
2025.12.23	00:52:08.356	1.34614	1.34664			6
2025.12.23	00:52:08.666	1.34613	1.34663			6
2025.12.23	00:52:16.368	1.34610	1.34662			6
2025.12.23	00:52:16.677	1.34612	1.34660			6
2025.12.23	00:52:17.296	1.34614				2
2025.12.23	00:52:17.603	1.34613				2
2025.12.23	00:52:26.545	1.34610	1.34661			6
2025.12.23	00:52:26.857	1.34612				2
2025.12.23	00:52:27.167	1.34613				2
2025.12.23	00:52:27.475	1.34614				2
2025.12.23	00:52:28.097	1.34613				2
2025.12.23	00:52:29.326	1.34610				2
2025.12.23	00:52:29.634	1.34612				2
2025.12.23	00:52:31.183	1.34613				2
2025.12.23	00:52:31.797	1.34612				2
2025.12.23	00:52:38.890	1.34609				2
2025.12.23	00:52:39.198	1.34611				2
2025.12.23	00:52:47.836	1.34612				2
2025.12.23	00:52:48.445	1.34613				2
2025.12.23	00:52:58.321		1.34662			4
2025.12.23	00:52:58.632	1.34614	1.34664			6
2025.12.23	00:52:58.938	1.34613	1.34663			6
2025.12.23	00:53:00.168	1.34613				2
2025.12.23	00:53:01.406		1.34665			4
2025.12.23	00:53:01.715		1.34661			4
2025.12.23	00:53:02.337		1.34662			4
2025.12.23	00:53:02.646	1.34612				2
2025.12.23	00:53:02.954	1.34613				2
2025.12.23	00:53:35.031	1.34612				2
2025.12.23	00:53:35.337	1.34613				2
2025.12.23	00:53:35.643	1.34615				2
2025.12.23	00:53:37.494	1.34614				2
2025.12.23	00:53:58.476	1.34609	1.34659			6
2025.12.23	00:53:58.785	1.34612				2
2025.12.23	00:53:59.403	1.34613				2
2025.12.23	00:54:00.021	1.34613				2
2025.12.23	00:54:15.434	1.34612	1.34667			6
2025.12.23	00:54:18.216		1.34662			4
2025.12.23	00:54:20.394	1.34611				2
2025.12.23	00:54:45.746	1.34612				2
2025.12.23	00:54:55.339	1.34613				2
2025.12.23	00:54:55.646	1.34614				2
2025.12.23	00:55:00.300	1.34614				2
2025.12.23	00:55:00.613	1.34612	1.34668			6
2025.12.23	00:55:04.318	1.34613				2
2025.12.23	00:55:06.172		1.34665			4
2025.12.23	00:55:06.481		1.34666			4
2025.12.23	00:55:06.788		1.34667			4
2025.12.23	00:55:08.660		1.34666			4
2025.12.23	00:55:08.969	1.34612				2
2025.12.23	00:55:12.366	1.34613	1.34667			6
2025.12.23	00:55:13.611	1.34614	1.34668			6
2025.12.23	00:55:13.922	1.34617	1.34670			6
2025.12.23	00:55:14.229	1.34616				2
2025.12.23	00:55:14.539	1.34617				2
2025.12.23	00:55:19.809		1.34669			4
2025.12.23	00:55:20.436		1.34670			4
2025.12.23	00:55:21.672	1.34616	1.34674			6
2025.12.23	00:55:22.290	1.34617				2
2025.12.23	00:55:22.598	1.34618				2
2025.12.23	00:55:23.831	1.34617				2
2025.12.23	00:55:24.465	1.34618				2
2025.12.23	00:55:25.392	1.34619				2
2025.12.23	00:55:25.709	1.34620				2
2025.12.23	00:55:26.647	1.34619				2
2025.12.23	00:55:26.953	1.34620				2
2025.12.23	00:55:28.195	1.34621				2
2025.12.23	00:55:28.502	1.34620				2
2025.12.23	00:55:28.813	1.34622				2
2025.12.23	00:55:29.118	1.34618				2
2025.12.23	00:55:29.736	1.34617				2
2025.12.23	00:55:30.970	1.34618				2
2025.12.23	00:55:31.587	1.34617				2
2025.12.23	00:55:33.764		1.34672			4
2025.12.23	00:55:34.696	1.34618				2
2025.12.23	00:55:35.933	1.34619	1.34674			6
2025.12.23	00:55:36.239	1.34618	1.34671			6
2025.12.23	00:55:36.549	1.34619				2
2025.12.23	00:55:37.169	1.34620	1.34672			6
2025.12.23	00:55:38.422	1.34621				2
2025.12.23	00:55:38.731	1.34620	1.34674			6
2025.12.23	00:55:39.654	1.34621				2
2025.12.23	00:55:40.279	1.34620				2
2025.12.23	00:55:40.899		1.34672			4
2025.12.23	00:55:42.155		1.34670			4
2025.12.23	00:55:44.952	1.34622	1.34674			6
2025.12.23	00:55:46.178	1.34621				2
2025.12.23	00:55:46.490		1.34671			4
2025.12.23	00:55:46.799		1.34674			4
2025.12.23	00:55:47.104		1.34673			4
2025.12.23	00:55:47.418	1.34622	1.34674			6
2025.12.23	00:55:47.729	1.34621	1.34671			6
2025.12.23	00:55:50.529		1.34674			4
2025.12.23	00:55:50.837	1.34622				2
2025.12.23	00:55:52.075	1.34621	1.34672			6
2025.12.23	00:55:55.181		1.34674			4
2025.12.23	00:55:55.489		1.34673			4
2025.12.23	00:55:55.798		1.34672			4
2025.12.23	00:55:58.267	1.34620	1.34674			6
2025.12.23	00:55:58.577	1.34623				2
2025.12.23	00:55:59.198	1.34622				2
2025.12.23	00:55:59.506	1.34623				2
2025.12.23	00:56:00.130	1.34621				2
2025.12.23	00:56:01.056	1.34622				2
2025.12.23	00:56:01.364	1.34623				2
2025.12.23	00:56:02.282	1.34622				2
2025.12.23	00:56:05.082	1.34624				2
2025.12.23	00:56:09.704	1.34625				2
2025.12.23	00:56:38.722	1.34626				2
2025.12.23	00:56:46.122	1.34623				2
2025.12.23	00:56:46.432	1.34625				2
2025.12.23	00:56:47.360	1.34622	1.34664			6
2025.12.23	00:56:50.447	1.34619	1.34663			6
2025.12.23	00:56:51.680		1.34664			4
2025.12.23	00:56:54.153		1.34663			4
2025.12.23	00:57:00.006	1.34619				2
2025.12.23	00:57:02.461	1.34618				2
2025.12.23	00:57:02.768	1.34617				2
2025.12.23	00:57:06.779		1.34664			4
2025.12.23	00:57:09.243	1.34619				2
2025.12.23	00:57:14.183	1.34615				2
2025.12.23	00:57:19.420	1.34616				2
2025.12.23	00:57:33.293	1.34617				2
2025.12.23	00:57:37.002	1.34615				2
2025.12.23	00:57:39.158	1.34612				2
2025.12.23	00:57:41.321	1.34614				2
2025.12.23	00:57:41.633	1.34613				2
2025.12.23	00:57:44.095	1.34612				2
2025.12.23	00:57:49.348	1.34613				2
2025.12.23	00:57:54.596	1.34615				2
2025.12.23	00:57:58.339	1.34614				2
2025.12.23	00:58:00.193	1.34614				2
2025.12.23	00:58:02.356	1.34610	1.34655			6
2025.12.23	00:58:02.665	1.34608				2
2025.12.23	00:58:04.221		1.34662			4
2025.12.23	00:58:04.526	1.34610	1.34664			6
2025.12.23	00:58:05.771	1.34611				2
2025.12.23	00:58:21.854		1.34663			4
2025.12.23	00:58:23.399	1.34610				2
2025.12.23	00:58:23.706	1.34609				2
2025.12.23	00:58:28.340	1.34610				2
2025.12.23	00:58:29.266	1.34611				2
2025.12.23	00:58:33.294	1.34612				2
2025.12.23	00:58:41.363	1.34613				2
2025.12.23	00:58:42.604	1.34610				2
2025.12.23	00:58:48.185	1.34609				2
2025.12.23	00:58:49.111	1.34610				2
2025.12.23	00:58:49.413	1.34608				2
2025.12.23	00:58:50.026	1.34609				2
2025.12.23	00:58:50.341	1.34608	1.34664			6
2025.12.23	00:58:52.504	1.34607				2
2025.12.23	00:58:52.808	1.34606				2
2025.12.23	00:58:58.375	1.34607				2
2025.12.23	00:59:00.246	1.34607				2
2025.12.23	00:59:04.568	1.34611				2
2025.12.23	00:59:04.878	1.34609				2
2025.12.23	00:59:06.730	1.34605				2
2025.12.23	00:59:07.036	1.34608				2
2025.12.23	00:59:08.268		1.34665			4
2025.12.23	00:59:09.813	1.34611	1.34656			6
2025.12.23	00:59:17.246	1.34610	1.34657			6
2025.12.23	00:59:23.130		1.34656			4
2025.12.23	00:59:31.179	1.34609	1.34657			6
2025.12.23	00:59:33.337		1.34658			4
2025.12.23	00:59:48.203	1.34608	1.34659			6
2025.12.23	00:59:51.921		1.34658			4
2025.12.23	00:59:52.872	1.34605	1.34644			6
2025.12.23	00:59:53.178	1.34607				2
2025.12.23	00:59:54.405	1.34606				2
2025.12.23	00:59:54.707	1.34607				2
2025.12.23	00:59:55.013	1.34608	1.34658			6
2025.12.23	00:59:56.257		1.34659			4
2025.12.23	00:59:59.048		1.34658			4
2025.12.23	01:00:00.281	1.34606	1.34663			6
2025.12.23	01:00:00.584		1.34661			4
2025.12.23	01:00:00.889	1.34618	1.34658			6
2025.12.23	01:00:01.193	1.34638	1.34650			6
2025.12.23	01:00:01.497	1.34599	1.34660			6
2025.12.23	01:00:01.803	1.34602	1.34661			6
2025.12.23	01:00:02.415	1.34604				2
2025.12.23	01:00:03.033	1.34617				2
2025.12.23	01:00:03.352	1.34615				2
2025.12.23	01:00:03.661	1.34609	1.34675			6
2025.12.23	01:00:03.984		1.34668			4
2025.12.23	01:00:04.296		1.34670			4
2025.12.23	01:00:04.606	1.34607	1.34664			6
2025.12.23	01:00:04.920	1.34603				2
2025.12.23	01:00:05.239	1.34607				2
2025.12.23	01:00:05.546	1.34606	1.34665			6
2025.12.23	01:00:05.860	1.34609				2
2025.12.23	01:00:07.106	1.34616	1.34658			6
2025.12.23	01:00:08.344	1.34620				2
2025.12.23	01:00:08.654	1.34612				2
2025.12.23	01:00:10.518	1.34613				2
2025.12.23	01:00:11.444	1.34620				2
2025.12.23	01:00:11.763	1.34616				2
2025.12.23	01:00:13.309		1.34659			4
2025.12.23	01:00:13.616	1.34617	1.34656			6
2025.12.23	01:00:13.920	1.34610				2
2025.12.23	01:00:14.234	1.34609	1.34655			6
2025.12.23	01:00:14.856	1.34616				2
2025.12.23	01:00:16.103	1.34613				2
2025.12.23	01:00:16.415	1.34609				2
2025.12.23	01:00:16.722		1.34654			4
2025.12.23	01:00:17.339	1.34615				2
2025.12.23	01:00:17.960	1.34611				2
2025.12.23	01:00:21.337	1.34609				2
2025.12.23	01:00:22.260	1.34612	1.34653			6
2025.12.23	01:00:24.113	1.34617	1.34663			6
2025.12.23	01:00:24.419	1.34616	1.34658			6
2025.12.23	01:00:24.733	1.34608				2
2025.12.23	01:00:25.035	1.34622				2
2025.12.23	01:00:25.339	1.34621	1.34659			6
2025.12.23	01:00:25.649	1.34617				2
2025.12.23	01:00:25.955	1.34618				2
2025.12.23	01:00:27.181	1.34617				2
2025.12.23	01:00:27.809	1.34611				2
2025.12.23	01:00:28.122	1.34618	1.34658			6
2025.12.23	01:00:29.654	1.34611	1.34659			6
2025.12.23	01:00:29.960	1.34612	1.34661			6
2025.12.23	01:00:30.276	1.34618				2
2025.12.23	01:00:30.594	1.34610	1.34658			6
2025.12.23	01:00:30.897	1.34613				2
2025.12.23	01:00:31.511	1.34620	1.34667			6
2025.12.23	01:00:31.817		1.34660			4
2025.12.23	01:00:32.124		1.34667			4
2025.12.23	01:00:32.438	1.34619	1.34659			6
2025.12.23	01:00:33.055		1.34658			4
2025.12.23	01:00:33.364	1.34625	1.34676			6
2025.12.23	01:00:33.673		1.34679			4
2025.12.23	01:00:34.304		1.34678			4
2025.12.23	01:00:34.614		1.34668			4
2025.12.23	01:00:34.933		1.34673			4
2025.12.23	01:00:35.554		1.34667			4
2025.12.23	01:00:35.866		1.34671			4
2025.12.23	01:00:40.191	1.34629	1.34667			6
2025.12.23	01:00:40.499	1.34625				2
2025.12.23	01:00:40.814	1.34624				2
2025.12.23	01:00:41.120	1.34628				2
2025.12.23	01:00:41.437	1.34631	1.34668			6
2025.12.23	01:00:41.742	1.34628	1.34667			6
2025.12.23	01:00:42.983	1.34627	1.34668			6
2025.12.23	01:00:43.288	1.34631				2
2025.12.23	01:00:43.601	1.34627	1.34669			6
2025.12.23	01:00:45.753	1.34624				2
2025.12.23	01:00:46.064		1.34663			4
2025.12.23	01:00:46.371		1.34669			4
2025.12.23	01:00:46.687		1.34665			4
2025.12.23	01:00:48.527		1.34671			4
2025.12.23	01:00:48.843		1.34668			4
2025.12.23	01:00:49.772		1.34664			4
2025.12.23	01:00:50.383		1.34662			4
2025.12.23	01:00:50.686	1.34621				2
2025.12.23	01:00:50.990	1.34625	1.34664			6
2025.12.23	01:00:51.298	1.34629				2
2025.12.23	01:00:51.606		1.34667			4
2025.12.23	01:00:51.913		1.34662			4
2025.12.23	01:00:52.220		1.34668			4
2025.12.23	01:00:52.527		1.34667			4
2025.12.23	01:00:56.237		1.34680			4
2025.12.23	01:00:56.550	1.34630	1.34681			6
2025.12.23	01:00:57.491	1.34625	1.34668			6
2025.12.23	01:00:58.106	1.34621				2
2025.12.23	01:00:58.727		1.34667			4
2025.12.23	01:00:59.037	1.34622				2
2025.12.23	01:01:00.263	1.34636				2
2025.12.23	01:01:01.508	1.34632				2
2025.12.23	01:01:01.812	1.34621	1.34656			6
2025.12.23	01:01:02.120	1.34622				2
2025.12.23	01:01:02.737	1.34625	1.34657			6
2025.12.23	01:01:03.051		1.34656			4
2025.12.23	01:01:03.672	1.34624				2
2025.12.23	01:01:04.313	1.34621				2
2025.12.23	01:01:04.618		1.34657			4
2025.12.23	01:01:06.780	1.34622	1.34661			6
2025.12.23	01:01:07.085		1.34660			4
2025.12.23	01:01:08.009		1.34662			4
2025.12.23	01:01:10.174		1.34663			4
2025.12.23	01:01:12.026		1.34664			4
2025.12.23	01:01:13.570	1.34633	1.34674			6
2025.12.23	01:01:13.871	1.34648	1.34679			6
2025.12.23	01:01:14.175	1.34647				2
2025.12.23	01:01:14.790	1.34627	1.34666			6
2025.12.23	01:01:15.094	1.34629	1.34665			6
2025.12.23	01:01:15.711	1.34636				2
2025.12.23	01:01:16.019	1.34629				2
2025.12.23	01:01:16.632	1.34637				2
2025.12.23	01:01:16.940	1.34638				2
2025.12.23	01:01:21.240		1.34667			4
2025.12.23	01:01:22.480	1.34629				2
2025.12.23	01:01:24.023	1.34627				2
2025.12.23	01:01:25.260	1.34626				2
2025.12.23	01:01:27.420		1.34668			4
2025.12.23	01:01:30.222		1.34667			4
2025.12.23	01:01:30.526		1.34666			4
2025.12.23	01:01:36.724	1.34625				2
2025.12.23	01:01:37.028		1.34664			4
2025.12.23	01:01:37.652	1.34626				2
2025.12.23	01:01:41.399		1.34665			4
2025.12.23	01:01:47.263	1.34625				2
2025.12.23	01:01:48.185	1.34626				2
2025.12.23	01:01:51.275	1.34622	1.34667			6
2025.12.23	01:01:51.582	1.34623				2
2025.12.23	01:01:51.895		1.34666			4
2025.12.23	01:01:52.519		1.34667			4
2025.12.23	01:01:55.293	1.34624				2
2025.12.23	01:01:55.913	1.34621	1.34662			6
2025.12.23	01:01:56.218		1.34660			4
2025.12.23	01:02:00.229	1.34621				2
2025.12.23	01:02:10.748	1.34622				2
2025.12.23	01:02:21.276		1.34659			4
2025.12.23	01:02:53.719	1.34629	1.34661			6
2025.12.23	01:02:54.636	1.34641	1.34642			6
2025.12.23	01:02:54.938	1.34622	1.34658			6
2025.12.23	01:03:00.193	1.34623				2
2025.12.23	01:03:08.832		1.34657			4
2025.12.23	01:03:09.441		1.34658			4
2025.12.23	01:03:10.065	1.34632	1.34665			6
2025.12.23	01:03:10.367	1.34633				2
2025.12.23	01:03:10.680	1.34632				2
2025.12.23	01:03:11.300	1.34633				2
2025.12.23	01:03:15.315	1.34636	1.34670			6
2025.12.23	01:03:15.623	1.34637				2
2025.12.23	01:03:16.859	1.34636				2
2025.12.23	01:03:18.406		1.34669			4
2025.12.23	01:03:19.635	1.34634				2
2025.12.23	01:03:20.565	1.34635				2
2025.12.23	01:03:25.178		1.34670			4
2025.12.23	01:03:25.484	1.34633				2
2025.12.23	01:03:25.795		1.34669			4
2025.12.23	01:03:26.713	1.34635	1.34670			6
2025.12.23	01:03:31.317		1.34669			4
2025.12.23	01:03:31.624	1.34634				2
2025.12.23	01:03:32.547	1.34636				2
2025.12.23	01:03:32.860		1.34670			4
2025.12.23	01:03:33.474	1.34637				2
2025.12.23	01:03:34.400		1.34671			4
2025.12.23	01:03:36.878		1.34672			4
2025.12.23	01:03:37.181		1.34670			4
2025.12.23	01:03:38.092	1.34639	1.34671			6
2025.12.23	01:03:39.008	1.34643	1.34673			6
2025.12.23	01:03:39.313	1.34640				2
2025.12.23	01:03:40.853	1.34643				2
2025.12.23	01:03:41.160	1.34641				2
2025.12.23	01:03:42.714	1.34642				2
2025.12.23	01:03:49.828		1.34672			4
2025.12.23	01:03:52.603	1.34643				2
2025.12.23	01:03:52.907	1.34645	1.34673			6
2025.12.23	01:03:53.212	1.34644				2
2025.12.23	01:03:53.527		1.34672			4
2025.12.23	01:03:53.845		1.34673			4
2025.12.23	01:03:54.455	1.34641	1.34672			6
2025.12.23	01:03:54.773	1.34642				2
2025.12.23	01:03:55.702		1.34671			4
2025.12.23	01:03:57.242	1.34644				2
2025.12.23	01:03:57.559	1.34642				2
2025.12.23	01:03:58.184		1.34672			4
2025.12.23	01:03:58.490	1.34644				2
2025.12.23	01:03:58.805	1.34643	1.34671			6
2025.12.23	01:03:59.111	1.34644	1.34673			6
2025.12.23	01:03:59.730	1.34646				2
2025.12.23	01:04:00.032	1.34646				2
2025.12.23	01:04:02.505	1.34645	1.34672			6
2025.12.23	01:04:02.817		1.34673			4
2025.12.23	01:04:03.124	1.34646				2
2025.12.23	01:04:06.536	1.34645	1.34672			6
2025.12.23	01:04:06.847		1.34673			4
2025.12.23	01:04:07.157	1.34646				2
2025.12.23	01:04:07.473	1.34657	1.34658			6
2025.12.23	01:04:07.777	1.34645	1.34672			6
2025.12.23	01:04:11.796		1.34673			4
2025.12.23	01:04:12.420		1.34672			4
2025.12.23	01:04:15.502	1.34646	1.34674			6
2025.12.23	01:04:15.813	1.34647				2
2025.12.23	01:04:18.282	1.34636	1.34676			6
2025.12.23	01:04:22.014	1.34647	1.34674			6
2025.12.23	01:04:22.942	1.34655	1.34656			6
2025.12.23	01:04:24.806	1.34647	1.34673			6
2025.12.23	01:04:25.122	1.34657	1.34658			6
2025.12.23	01:04:25.429	1.34647	1.34673			6
2025.12.23	01:04:26.047	1.34653	1.34654			6
2025.12.23	01:04:27.574	1.34648	1.34676			6
2025.12.23	01:04:28.182	1.34660	1.34661			6
2025.12.23	01:04:28.486	1.34658	1.34659			6
2025.12.23	01:04:29.092	1.34659	1.34660			6
2025.12.23	01:04:35.545	1.34645	1.34678			6
2025.12.23	01:04:36.159	1.34642				2
2025.12.23	01:04:36.464		1.34679			4
2025.12.23	01:04:36.766	1.34652	1.34685			6
2025.12.23	01:04:37.079		1.34679			4
2025.12.23	01:04:37.704	1.34661	1.34662			6
2025.12.23	01:04:42.301	1.34657	1.34684			6
2025.12.23	01:04:42.604	1.34668	1.34669			6
2025.12.23	01:04:45.978	1.34669	1.34670			6
2025.12.23	01:04:51.797	1.34668	1.34669			6
2025.12.23	01:04:52.414	1.34658	1.34682			6
2025.12.23	01:04:52.716		1.34683			4
2025.12.23	01:04:53.337	1.34680	1.34681			6
2025.12.23	01:04:53.947	1.34686	1.34687			6
2025.12.23	01:04:54.250	1.34687	1.34688			6
2025.12.23	01:04:55.787	1.34689	1.34690			6
2025.12.23	01:04:56.089	1.34686	1.34687			6
2025.12.23	01:04:56.398	1.34687	1.34688			6
2025.12.23	01:04:56.701	1.34690	1.34691			6
2025.12.23	01:04:59.163	1.34689	1.34690			6
2025.12.23	01:05:00.083	1.34689				2
2025.12.23	01:05:01.305	1.34688	1.34689			6
2025.12.23	01:05:01.614	1.34690	1.34691			6
2025.12.23	01:05:01.919	1.34687	1.34688			6
2025.12.23	01:05:02.836	1.34688	1.34689			6
2025.12.23	01:05:03.456	1.34685	1.34686			6
2025.12.23	01:05:03.760	1.34682	1.34683			6
2025.12.23	01:05:04.063	1.34681	1.34682			6
2025.12.23	01:05:04.371	1.34680	1.34681			6
2025.12.23	01:05:06.210	1.34678	1.34679			6
2025.12.23	01:05:06.521	1.34677	1.34678			6
2025.12.23	01:05:06.825	1.34676	1.34677			6
2025.12.23	01:05:16.623	1.34677	1.34678			6
2025.12.23	01:05:18.772	1.34683	1.34684			6
2025.12.23	01:05:19.084	1.34679	1.34680			6
2025.12.23	01:05:24.297	1.34677	1.34678			6
2025.12.23	01:05:37.163	1.34678	1.34679			6
2025.12.23	01:05:41.776	1.34681	1.34682			6
2025.12.23	01:05:48.204	1.34678	1.34679			6
2025.12.23	01:05:48.820	1.34679	1.34680			6
2025.12.23	01:05:50.671	1.34680	1.34681			6
2025.12.23	01:05:50.977	1.34678	1.34679			6
2025.12.23	01:05:51.283	1.34679	1.34680			6
2025.12.23	01:05:53.737	1.34680	1.34681			6
2025.12.23	01:05:57.427	1.34678	1.34679			6
2025.12.23	01:05:58.664	1.34679	1.34680			6
2025.12.23	01:06:00.192	1.34679				2
2025.12.23	01:06:06.637	1.34678	1.34679			6
2025.12.23	01:06:07.863	1.34677	1.34678			6
2025.12.23	01:06:08.481	1.34678	1.34679			6
2025.12.23	01:06:16.480	1.34679	1.34680			6
2025.12.23	01:06:21.702	1.34678	1.34679			6
2025.12.23	01:06:32.103	1.34679	1.34680			6
2025.12.23	01:06:32.411	1.34684	1.34685			6
2025.12.23	01:06:33.023	1.34685	1.34686			6
2025.12.23	01:06:33.629	1.34684	1.34685			6
2025.12.23	01:06:35.772	1.34680	1.34681			6
2025.12.23	01:06:36.998	1.34681	1.34682			6
2025.12.23	01:06:37.300	1.34680	1.34681			6
2025.12.23	01:06:41.599	1.34681	1.34682			6
2025.12.23	01:06:41.907	1.34680	1.34681			6
2025.12.23	01:06:42.217	1.34681	1.34682			6
2025.12.23	01:06:43.754	1.34682	1.34683			6
2025.12.23	01:06:44.364	1.34681	1.34682			6
2025.12.23	01:06:47.116	1.34682	1.34683			6
2025.12.23	01:06:48.041	1.34681	1.34682			6
2025.12.23	01:06:52.334	1.34680	1.34681			6
2025.12.23	01:06:52.641	1.34681	1.34682			6
2025.12.23	01:07:00.013	1.34681				2
2025.12.23	01:07:00.621	1.34680	1.34681			6
2025.12.23	01:07:00.923	1.34679	1.34680			6
2025.12.23	01:07:01.233	1.34680	1.34681			6
2025.12.23	01:07:03.374	1.34679	1.34680			6
2025.12.23	01:07:05.520	1.34681	1.34682			6
2025.12.23	01:07:06.756	1.34682	1.34683			6
2025.12.23	01:07:07.060	1.34681	1.34682			6
2025.12.23	01:07:08.907	1.34680	1.34681			6
2025.12.23	01:07:09.525	1.34681	1.34682			6
2025.12.23	01:07:13.200	1.34682	1.34683			6
2025.12.23	01:07:13.509	1.34681	1.34682			6
2025.12.23	01:07:13.818	1.34682	1.34683			6
2025.12.23	01:07:14.120	1.34681	1.34682			6
2025.12.23	01:07:15.665	1.34682	1.34683			6
2025.12.23	01:07:15.975	1.34678	1.34679			6
2025.12.23	01:07:16.280	1.34677	1.34678			6
2025.12.23	01:07:17.505	1.34676	1.34677			6
2025.12.23	01:07:18.426	1.34677	1.34678			6
2025.12.23	01:07:18.733	1.34678	1.34679			6
2025.12.23	01:07:20.264	1.34677	1.34678			6
2025.12.23	01:07:22.102	1.34678	1.34679			6
2025.12.23	01:07:25.485	1.34679	1.34680			6
2025.12.23	01:07:30.698	1.34678	1.34679			6
2025.12.23	01:07:33.464	1.34683	1.34684			6
2025.12.23	01:07:33.767	1.34680	1.34681			6
2025.12.23	01:07:34.078	1.34679	1.34680			6
2025.12.23	01:07:35.601	1.34677	1.34678			6
2025.12.23	01:07:44.505	1.34679	1.34680			6
2025.12.23	01:07:45.412	1.34678	1.34679			6
2025.12.23	01:07:45.714	1.34677	1.34678			6
2025.12.23	01:07:49.383	1.34678	1.34679			6
2025.12.23	01:07:50.004	1.34680	1.34681			6
2025.12.23	01:07:50.305	1.34678	1.34679			6
2025.12.23	01:07:50.913	1.34679	1.34680			6
2025.12.23	01:07:51.518	1.34680	1.34681			6
2025.12.23	01:07:52.430	1.34682	1.34683			6
2025.12.23	01:07:56.715	1.34681	1.34682			6
2025.12.23	01:07:57.031	1.34682	1.34683			6
2025.12.23	01:07:57.336	1.34681	1.34682			6
2025.12.23	01:07:58.880	1.34682	1.34683			6
2025.12.23	01:07:59.791	1.34681	1.34682			6
2025.12.23	01:08:00.103	1.34679	1.34680			6
2025.12.23	01:08:00.408	1.34678	1.34679			6
2025.12.23	01:08:01.018	1.34681	1.34682			6
2025.12.23	01:08:05.298	1.34676	1.34677			6
2025.12.23	01:08:05.602	1.34677	1.34678			6
2025.12.23	01:08:06.224	1.34676	1.34677			6
2025.12.23	01:08:10.834	1.34677	1.34678			6
2025.12.23	01:08:14.530	1.34678	1.34679			6
2025.12.23	01:08:15.447	1.34676	1.34677			6
2025.12.23	01:08:18.193	1.34675	1.34676			6
2025.12.23	01:08:18.495	1.34676	1.34677			6
2025.12.23	01:08:19.117	1.34677	1.34678			6
2025.12.23	01:08:24.909	1.34676	1.34677			6
2025.12.23	01:08:26.444	1.34677	1.34678			6
2025.12.23	01:08:27.679	1.34678	1.34679			6
2025.12.23	01:08:29.512	1.34677	1.34678			6
2025.12.23	01:08:30.436	1.34678	1.34679			6
2025.12.23	01:08:31.362	1.34677	1.34678			6
2025.12.23	01:08:33.199	1.34676	1.34677			6
2025.12.23	01:08:42.371	1.34677	1.34678			6
2025.12.23	01:08:50.652	1.34678	1.34679			6
2025.12.23	01:08:50.962	1.34680	1.34681			6
2025.12.23	01:08:52.198	1.34682	1.34683			6
2025.12.23	01:08:53.124	1.34680	1.34681			6
2025.12.23	01:08:55.287	1.34679	1.34680			6
2025.12.23	01:09:00.182	1.34679				2
2025.12.23	01:09:01.708	1.34680	1.34681			6
2025.12.23	01:09:04.173	1.34682	1.34683			6
2025.12.23	01:09:04.481	1.34681	1.34682			6
2025.12.23	01:09:05.704	1.34683	1.34684			6
2025.12.23	01:09:06.007	1.34678	1.34679			6
2025.12.23	01:09:06.310	1.34681	1.34682			6
2025.12.23	01:09:06.617	1.34682	1.34683			6
2025.12.23	01:09:07.530	1.34681	1.34682			6
2025.12.23	01:09:09.982	1.34682	1.34683			6
2025.12.23	01:09:13.672	1.34681	1.34682			6
2025.12.23	01:09:13.973	1.34682	1.34683			6
2025.12.23	01:09:15.207	1.34681	1.34682			6
2025.12.23	01:09:15.521	1.34682	1.34683			6
2025.12.23	01:09:17.667	1.34681	1.34682			6
2025.12.23	01:09:17.977	1.34682	1.34683			6
2025.12.23	01:09:22.263	1.34683	1.34684			6
2025.12.23	01:09:22.574	1.34682	1.34683			6
2025.12.23	01:09:22.878	1.34683	1.34684			6
2025.12.23	01:09:25.326	1.34682	1.34683			6
2025.12.23	01:09:32.715	1.34683	1.34684			6
2025.12.23	01:09:34.848	1.34680	1.34681			6
2025.12.23	01:09:35.153	1.34683	1.34684			6
2025.12.23	01:09:35.469	1.34682	1.34683			6
2025.12.23	01:09:42.208	1.34679	1.34680			6
2025.12.23	01:09:42.509	1.34680	1.34681			6
2025.12.23	01:09:44.361	1.34681	1.34682			6
2025.12.23	01:09:47.435	1.34680	1.34681			6
2025.12.23	01:09:48.050	1.34679	1.34680			6
2025.12.23	01:09:50.503	1.34680	1.34681			6
2025.12.23	01:09:51.109	1.34681	1.34682			6
2025.12.23	01:09:52.030	1.34679	1.34680			6
2025.12.23	01:09:52.944	1.34681	1.34682			6
2025.12.23	01:09:55.390	1.34680	1.34681			6
2025.12.23	01:09:57.229	1.34681	1.34682			6
2025.12.23	01:09:57.537	1.34679	1.34680			6
2025.12.23	01:09:57.841	1.34678	1.34679			6
2025.12.23	01:09:58.453	1.34680	1.34681			6
2025.12.23	01:09:59.680	1.34679	1.34680			6
2025.12.23	01:10:00.301	1.34680	1.34681			6
2025.12.23	01:10:00.602	1.34681	1.34682			6
2025.12.23	01:10:00.912	1.34680	1.34681			6
2025.12.23	01:10:01.218	1.34681	1.34682			6
2025.12.23	01:10:04.296	1.34680	1.34681			6
2025.12.23	01:10:07.373	1.34681	1.34682			6
2025.12.23	01:10:07.676	1.34680	1.34681			6
2025.12.23	01:10:07.987	1.34681	1.34682			6
2025.12.23	01:10:09.829	1.34680	1.34681			6
2025.12.23	01:10:10.441	1.34681	1.34682			6
2025.12.23	01:10:11.967	1.34680	1.34681			6
2025.12.23	01:10:15.356	1.34681	1.34682			6
2025.12.23	01:10:19.033	1.34680	1.34681			6
2025.12.23	01:10:19.643	1.34681	1.34682			6
2025.12.23	01:10:20.571	1.34680	1.34681			6
2025.12.23	01:10:20.884	1.34681	1.34682			6
2025.12.23	01:10:22.430	1.34680	1.34681			6
2025.12.23	01:10:25.496	1.34679	1.34680			6
2025.12.23	01:10:25.801	1.34680	1.34681			6
2025.12.23	01:10:26.108	1.34678	1.34679			6
2025.12.23	01:10:26.412	1.34680	1.34681			6
2025.12.23	01:10:30.091	1.34681	1.34682			6
2025.12.23	01:10:32.839	1.34680	1.34681			6
2025.12.23	01:10:33.140	1.34681	1.34682			6
2025.12.23	01:10:36.217	1.34680	1.34681			6
2025.12.23	01:10:36.825	1.34681	1.34682			6
2025.12.23	01:10:38.985	1.34680	1.34681			6
2025.12.23	01:10:41.144	1.34682	1.34683			6
2025.12.23	01:10:43.923	1.34679	1.34680			6
2025.12.23	01:10:48.249	1.34677	1.34678			6
2025.12.23	01:10:48.559	1.34680	1.34681			6
2025.12.23	01:10:49.477	1.34679	1.34680			6
2025.12.23	01:10:53.470	1.34681	1.34682			6
2025.12.23	01:10:53.779	1.34684	1.34685			6
2025.12.23	01:10:54.081	1.34689	1.34690			6
2025.12.23	01:10:54.387	1.34687	1.34688			6
2025.12.23	01:10:54.692	1.34682	1.34683			6
2025.12.23	01:10:54.995	1.34681	1.34682			6
2025.12.23	01:10:55.297	1.34679	1.34680			6
2025.12.23	01:10:55.600	1.34682	1.34683			6
2025.12.23	01:10:58.688	1.34683	1.34684			6
2025.12.23	01:10:59.606	1.34680	1.34681			6
2025.12.23	01:10:59.915	1.34678	1.34679			6
2025.12.23	01:11:00.223	1.34678				2
2025.12.23	01:11:00.526	1.34677	1.34678			6
2025.12.23	01:11:02.061	1.34678	1.34679			6
2025.12.23	01:11:02.363	1.34676	1.34677			6
2025.12.23	01:11:02.673	1.34677	1.34678			6
2025.12.23	01:11:05.748	1.34678	1.34679			6
2025.12.23	01:11:16.791	1.34677	1.34678			6
2025.12.23	01:11:17.406	1.34678	1.34679			6
2025.12.23	01:11:30.598	1.34674	1.34675			6
2025.12.23	01:11:30.910	1.34677	1.34678			6
2025.12.23	01:11:31.838	1.34675	1.34676			6
2025.12.23	01:11:33.063	1.34676	1.34677			6
2025.12.23	01:11:38.583	1.34677	1.34678			6
2025.12.23	01:11:39.817	1.34676	1.34677			6
2025.12.23	01:11:40.427	1.34677	1.34678			6
2025.12.23	01:11:42.568	1.34676	1.34677			6
2025.12.23	01:11:45.951	1.34677	1.34678			6
2025.12.23	01:11:49.328	1.34678	1.34679			6
2025.12.23	01:11:51.784	1.34677	1.34678			6
2025.12.23	01:11:57.286	1.34676	1.34677			6
2025.12.23	01:11:57.588	1.34675	1.34676			6
2025.12.23	01:11:58.203	1.34676	1.34677			6
2025.12.23	01:12:00.040	1.34676				2
2025.12.23	01:12:06.784	1.34677	1.34678			6
2025.12.23	01:12:07.091	1.34676	1.34677			6
2025.12.23	01:12:07.399	1.34677	1.34678			6
2025.12.23	01:12:12.600	1.34678	1.34679			6
2025.12.23	01:12:13.511	1.34680	1.34681			6
2025.12.23	01:12:14.735	1.34679	1.34680			6
2025.12.23	01:12:19.944	1.34680	1.34681			6
2025.12.23	01:12:20.252	1.34681	1.34682			6
2025.12.23	01:12:20.554	1.34680	1.34681			6
2025.12.23	01:12:20.859	1.34681	1.34682			6
2025.12.23	01:12:22.416	1.34679	1.34680			6
2025.12.23	01:12:22.719	1.34678	1.34679			6
2025.12.23	01:12:23.636	1.34679	1.34680			6
2025.12.23	01:12:24.561	1.34678	1.34679			6
2025.12.23	01:12:24.863	1.34679	1.34680			6
2025.12.23	01:12:25.480	1.34678	1.34679			6
2025.12.23	01:12:28.562	1.34679	1.34680			6
2025.12.23	01:12:28.872	1.34678	1.34679			6
2025.12.23	01:12:29.789	1.34677	1.34678			6
2025.12.23	01:12:30.095	1.34676	1.34677			6
2025.12.23	01:12:31.332	1.34677	1.34678			6
2025.12.23	01:12:34.719	1.34676	1.34677			6
2025.12.23	01:12:39.024	1.34679	1.34680			6
2025.12.23	01:12:41.477	1.34678	1.34679			6
2025.12.23	01:12:43.620	1.34679	1.34680			6
2025.12.23	01:12:49.126	1.34680	1.34681			6
2025.12.23	01:12:51.877	1.34679	1.34680			6
2025.12.23	01:12:53.414	1.34678	1.34679			6
2025.12.23	01:12:53.717	1.34679	1.34680			6
2025.12.23	01:12:54.018	1.34678	1.34679			6
2025.12.23	01:12:56.479	1.34677	1.34678			6
2025.12.23	01:13:00.162	1.34677				2
2025.12.23	01:13:01.683	1.34676	1.34677			6
2025.12.23	01:13:07.505	1.34677	1.34678			6
2025.12.23	01:13:07.814	1.34678	1.34679			6
2025.12.23	01:13:08.421	1.34679	1.34680			6
2025.12.23	01:13:09.357	1.34680	1.34681			6
2025.12.23	01:13:09.663	1.34679	1.34680			6
2025.12.23	01:13:13.669	1.34680	1.34681			6
2025.12.23	01:13:14.286	1.34681	1.34682			6
2025.12.23	01:13:14.592	1.34680	1.34681			6
2025.12.23	01:13:15.807	1.34681	1.34682			6
2025.12.23	01:13:18.558	1.34682	1.34683			6
2025.12.23	01:13:19.170	1.34681	1.34682			6
2025.12.23	01:13:20.407	1.34680	1.34681			6
2025.12.23	01:13:21.945	1.34679	1.34680			6
2025.12.23	01:13:22.247	1.34680	1.34681			6
2025.12.23	01:13:23.773	1.34681	1.34682			6
2025.12.23	01:13:24.391	1.34680	1.34681			6
2025.12.23	01:13:27.442	1.34678	1.34679			6
2025.12.23	01:13:31.421	1.34677	1.34678			6
2025.12.23	01:13:34.488	1.34680	1.34681			6
2025.12.23	01:13:37.860	1.34679	1.34680			6
2025.12.23	01:13:41.554	1.34678	1.34679			6
2025.12.23	01:13:43.403	1.34672	1.34673			6
2025.12.23	01:13:43.708	1.34662	1.34663			6
2025.12.23	01:13:44.321	1.34661				2
2025.12.23	01:13:44.641		1.34662			4
2025.12.23	01:13:44.961		1.34663			4
2025.12.23	01:13:46.190	1.34662				2
2025.12.23	01:13:49.279	1.34661				2
2025.12.23	01:13:49.897	1.34662				2
2025.12.23	01:13:51.767	1.34661	1.34662			6
2025.12.23	01:13:52.392		1.34663			4
2025.12.23	01:13:54.879		1.34662			4
2025.12.23	01:13:55.195	1.34660				2
2025.12.23	01:13:57.068	1.34661				2
2025.12.23	01:13:57.690		1.34663			4
2025.12.23	01:13:59.551	1.34662				2
2025.12.23	01:14:00.175	1.34662				2
2025.12.23	01:14:01.732	1.34661	1.34662			6
2025.12.23	01:14:02.359		1.34663			4
2025.12.23	01:14:03.303	1.34656	1.34658			6
2025.12.23	01:14:03.929	1.34657	1.34659			6
2025.12.23	01:14:04.869	1.34656	1.34658			6
2025.12.23	01:14:05.491	1.34661	1.34662			6
2025.12.23	01:14:09.557		1.34663			4
2025.12.23	01:14:09.867		1.34662			4
2025.12.23	01:14:16.079		1.34663			4
2025.12.23	01:14:17.016	1.34655	1.34656			6
2025.12.23	01:14:17.323	1.34654				2
2025.12.23	01:14:19.513	1.34655	1.34657			6
2025.12.23	01:14:21.381	1.34654	1.34656			6
2025.12.23	01:14:22.329		1.34655			4
2025.12.23	01:14:22.645		1.34656			4
2025.12.23	01:14:24.802	1.34655	1.34657			6
2025.12.23	01:14:27.587	1.34654	1.34656			6
2025.12.23	01:14:32.550	1.34653	1.34654			6
2025.12.23	01:14:33.184	1.34654	1.34656			6
2025.12.23	01:14:36.293	1.34655				2
2025.12.23	01:14:36.913	1.34654	1.34655			6
2025.12.23	01:14:44.675	1.34655	1.34656			6
2025.12.23	01:14:46.542	1.34654	1.34655			6
2025.12.23	01:14:47.157	1.34655	1.34656			6
2025.12.23	01:14:47.474	1.34654	1.34655			6
2025.12.23	01:14:50.244	1.34655	1.34656			6
2025.12.23	01:14:52.126	1.34654	1.34655			6
2025.12.23	01:14:56.474	1.34655	1.34656			6
2025.12.23	01:14:58.017	1.34653	1.34654			6
2025.12.23	01:14:58.941	1.34652	1.34653			6
2025.12.23	01:15:00.179	1.34649	1.34650			6
2025.12.23	01:15:00.792	1.34650	1.34651			6
2025.12.23	01:15:01.102	1.34649	1.34650			6
2025.12.23	01:15:02.958	1.34654	1.34655			6
2025.12.23	01:15:05.448	1.34653	1.34654			6
2025.12.23	01:15:06.691	1.34654	1.34655			6
2025.12.23	01:15:08.558	1.34655	1.34656			6
2025.12.23	01:15:08.865	1.34654	1.34655			6
2025.12.23	01:15:15.123	1.34655	1.34656			6
2025.12.23	01:15:17.560	1.34656	1.34657			6
2025.12.23	01:15:18.793	1.34658	1.34659			6
2025.12.23	01:15:19.401	1.34659	1.34660			6
2025.12.23	01:15:19.708	1.34658	1.34659			6
2025.12.23	01:15:20.930	1.34657	1.34658			6
2025.12.23	01:15:22.154	1.34653	1.34654			6
2025.12.23	01:15:23.062	1.34654	1.34655			6
2025.12.23	01:15:23.370	1.34653	1.34654			6
2025.12.23	01:15:28.313	1.34654	1.34655			6
2025.12.23	01:15:32.617	1.34653	1.34654			6
2025.12.23	01:15:33.227	1.34654	1.34655			6
2025.12.23	01:15:39.059	1.34658	1.34659			6
2025.12.23	01:15:42.131	1.34659	1.34660			6
2025.12.23	01:15:44.885	1.34658	1.34659			6
2025.12.23	01:15:47.041	1.34657	1.34658			6
2025.12.23	01:15:47.347	1.34658	1.34659			6
2025.12.23	01:15:47.966	1.34657	1.34658			6
2025.12.23	01:15:48.276	1.34658	1.34659			6
2025.12.23	01:15:48.893	1.34657	1.34658			6
2025.12.23	01:15:49.198	1.34658	1.34659			6
2025.12.23	01:15:50.741	1.34657	1.34658			6
2025.12.23	01:15:51.045	1.34658	1.34659			6
2025.12.23	01:15:51.347	1.34657	1.34658			6
2025.12.23	01:15:51.652	1.34658	1.34659			6
2025.12.23	01:15:53.513	1.34659	1.34660			6
2025.12.23	01:15:53.818	1.34658	1.34659			6
2025.12.23	01:15:55.975	1.34659	1.34660			6
2025.12.23	01:15:57.205	1.34658	1.34659			6
2025.12.23	01:15:59.049	1.34659	1.34660			6
2025.12.23	01:16:00.275	1.34658	1.34659			6
2025.12.23	01:16:00.579	1.34659	1.34660			6
2025.12.23	01:16:02.123	1.34658	1.34659			6
2025.12.23	01:16:03.034	1.34657	1.34658			6
2025.12.23	01:16:03.950	1.34658	1.34659			6
2025.12.23	01:16:04.263	1.34657	1.34658			6
2025.12.23	01:16:05.182	1.34658	1.34659			6
2025.12.23	01:16:05.485	1.34656	1.34657			6
2025.12.23	01:16:05.796	1.34654	1.34655			6
2025.12.23	01:16:17.149	1.34652	1.34653			6
2025.12.23	01:16:17.451	1.34653	1.34654			6
2025.12.23	01:17:00.010	1.34653				2
2025.12.23	01:17:03.376	1.34654	1.34655			6
2025.12.23	01:17:03.687	1.34653	1.34654			6
2025.12.23	01:17:08.893	1.34654	1.34655			6
2025.12.23	01:17:09.195	1.34653	1.34654			6
2025.12.23	01:17:13.196	1.34652	1.34653			6
2025.12.23	01:17:13.498	1.34654	1.34655			6
2025.12.23	01:17:13.806	1.34653	1.34654			6
2025.12.23	01:17:14.112	1.34652	1.34653			6
2025.12.23	01:17:23.928	1.34651	1.34652			6
2025.12.23	01:17:26.063	1.34650	1.34651			6
2025.12.23	01:17:26.368	1.34651	1.34652			6
2025.12.23	01:17:29.127	1.34650	1.34651			6
2025.12.23	01:17:29.431	1.34651	1.34652			6
2025.12.23	01:17:30.958	1.34652	1.34653			6
2025.12.23	01:17:36.182	1.34653	1.34654			6
2025.12.23	01:17:36.490	1.34654	1.34655			6
2025.12.23	01:17:39.257	1.34653	1.34654			6
2025.12.23	01:17:54.287	1.34654	1.34655			6
2025.12.23	01:17:56.121	1.34653	1.34654			6
2025.12.23	01:17:59.184	1.34652	1.34653			6
2025.12.23	01:18:00.103	1.34652				2
2025.12.23	01:18:01.324	1.34653	1.34654			6
2025.12.23	01:18:03.160	1.34652	1.34653			6
2025.12.23	01:18:05.602	1.34653	1.34654			6
2025.12.23	01:18:10.181	1.34652	1.34653			6
2025.12.23	01:18:11.092	1.34655	1.34656			6
2025.12.23	01:18:12.921	1.34657	1.34658			6
2025.12.23	01:18:14.156	1.34656	1.34657			6
2025.12.23	01:18:14.460	1.34657	1.34658			6
2025.12.23	01:18:14.771	1.34656	1.34657			6
2025.12.23	01:18:15.077	1.34657	1.34658			6
2025.12.23	01:18:24.260	1.34660	1.34661			6
2025.12.23	01:18:24.569	1.34658	1.34659			6
2025.12.23	01:18:31.933	1.34657	1.34658			6
2025.12.23	01:18:35.301	1.34658	1.34659			6
2025.12.23	01:18:36.836	1.34657	1.34658			6
2025.12.23	01:18:37.142	1.34658	1.34659			6
2025.12.23	01:18:37.444	1.34657	1.34658			6
2025.12.23	01:18:41.751	1.34656	1.34657			6
2025.12.23	01:18:42.060	1.34653	1.34654			6
2025.12.23	01:18:42.361	1.34654	1.34655			6
2025.12.23	01:18:43.276	1.34656	1.34657			6
2025.12.23	01:18:44.499	1.34657	1.34658			6
2025.12.23	01:18:45.729	1.34658	1.34659			6
2025.12.23	01:18:46.034	1.34657	1.34658			6
2025.12.23	01:18:54.002	1.34658	1.34659			6
2025.12.23	01:18:54.310	1.34657	1.34658			6
2025.12.23	01:18:55.844	1.34658	1.34659			6
2025.12.23	01:19:00.148	1.34658				2
2025.12.23	01:19:01.068	1.34657	1.34658			6
2025.12.23	01:19:01.371	1.34658	1.34659			6
2025.12.23	01:19:05.658	1.34659	1.34660			6
2025.12.23	01:19:06.275	1.34658	1.34659			6
2025.12.23	01:19:11.810	1.34657	1.34658			6
2025.12.23	01:19:13.337	1.34658	1.34659			6
2025.12.23	01:19:13.953	1.34657	1.34658			6
2025.12.23	01:19:16.435	1.34659	1.34660			6
2025.12.23	01:19:19.799	1.34658	1.34659			6
2025.12.23	01:19:24.719	1.34659	1.34660			6
2025.12.23	01:19:25.643	1.34660	1.34661			6
2025.12.23	01:19:25.947	1.34661	1.34662			6
2025.12.23	01:19:27.789	1.34660	1.34661			6
2025.12.23	01:19:29.004	1.34661	1.34662			6
2025.12.23	01:19:35.451	1.34659	1.34660			6
2025.12.23	01:19:38.206	1.34658	1.34659			6
2025.12.23	01:19:39.119	1.34657	1.34658			6
2025.12.23	01:19:40.345	1.34658	1.34659			6
2025.12.23	01:19:41.253	1.34657	1.34658			6
2025.12.23	01:19:44.645	1.34658	1.34659			6
2025.12.23	01:19:45.260	1.34657	1.34658			6
2025.12.23	01:19:45.877	1.34658	1.34659			6
2025.12.23	01:19:49.256	1.34660	1.34661			6
2025.12.23	01:19:49.561	1.34659	1.34660			6
2025.12.23	01:19:51.091	1.34660	1.34661			6
2025.12.23	01:19:55.678	1.34659	1.34660			6
2025.12.23	01:19:56.907	1.34660	1.34661			6
2025.12.23	01:19:59.058	1.34659	1.34660			6
2025.12.23	01:20:00.284	1.34658	1.34659			6
2025.12.23	01:20:00.593	1.34657	1.34658			6
2025.12.23	01:20:05.200	1.34658	1.34659			6
2025.12.23	01:20:05.507	1.34657	1.34658			6
2025.12.23	01:20:06.119	1.34658	1.34659			6
2025.12.23	01:20:06.421	1.34657	1.34658			6
2025.12.23	01:20:07.645	1.34658	1.34659			6
2025.12.23	01:20:07.947	1.34657	1.34658			6
2025.12.23	01:20:08.559	1.34658	1.34659			6
2025.12.23	01:20:08.867	1.34657	1.34658			6
2025.12.23	01:20:10.700	1.34658	1.34659			6
2025.12.23	01:20:17.775	1.34660	1.34661			6
2025.12.23	01:20:19.609	1.34658	1.34659			6
2025.12.23	01:20:20.530	1.34659	1.34660			6
2025.12.23	01:20:23.608	1.34658	1.34659			6
2025.12.23	01:20:23.917	1.34659	1.34660			6
2025.12.23	01:20:26.372	1.34658	1.34659			6
2025.12.23	01:20:26.976	1.34659	1.34660			6
2025.12.23	01:20:27.581	1.34658	1.34659			6
2025.12.23	01:20:28.200	1.34659	1.34660			6
2025.12.23	01:20:28.505	1.34658	1.34659			6
2025.12.23	01:20:29.434	1.34659	1.34660			6
2025.12.23	01:20:37.400	1.34658	1.34659			6
2025.12.23	01:20:37.707	1.34659	1.34660			6
2025.12.23	01:20:39.564	1.34658	1.34659			6
2025.12.23	01:20:39.865	1.34659	1.34660			6
2025.12.23	01:20:42.611	1.34658	1.34659			6
2025.12.23	01:20:42.916	1.34659	1.34660			6
2025.12.23	01:20:47.826	1.34658	1.34659			6
2025.12.23	01:20:49.056	1.34659	1.34660			6
2025.12.23	01:20:53.960	1.34658	1.34659			6
2025.12.23	01:20:54.268	1.34659	1.34660			6
2025.12.23	01:20:56.100	1.34658	1.34659			6
2025.12.23	01:20:56.410	1.34659	1.34660			6
2025.12.23	01:21:00.075	1.34659				2
2025.12.23	01:21:00.376	1.34658	1.34659			6
2025.12.23	01:21:05.585	1.34662	1.34663			6
2025.12.23	01:21:07.428	1.34661	1.34662			6
2025.12.23	01:21:08.348	1.34662	1.34663			6
2025.12.23	01:21:08.654	1.34663	1.34664			6
2025.12.23	01:21:09.896	1.34662	1.34663			6
2025.12.23	01:21:10.514	1.34661	1.34662			6
2025.12.23	01:21:10.816	1.34663	1.34664			6
2025.12.23	01:21:11.729	1.34662	1.34663			6
2025.12.23	01:21:12.033	1.34663	1.34664			6
2025.12.23	01:21:12.958	1.34662	1.34663			6
2025.12.23	01:21:13.269	1.34663	1.34664			6
2025.12.23	01:21:13.576	1.34662	1.34663			6
2025.12.23	01:21:14.185	1.34663	1.34664			6
2025.12.23	01:21:14.796	1.34662	1.34663			6
2025.12.23	01:21:16.643	1.34661	1.34662			6
2025.12.23	01:21:16.949	1.34662	1.34663			6
2025.12.23	01:21:18.495	1.34663	1.34664			6
2025.12.23	01:21:18.800	1.34662	1.34663			6
2025.12.23	01:21:19.412	1.34663	1.34664			6
2025.12.23	01:21:19.726	1.34662	1.34663			6
2025.12.23	01:21:20.954	1.34663	1.34664			6
2025.12.23	01:21:26.786	1.34662	1.34663			6
2025.12.23	01:21:27.094	1.34663	1.34664			6
2025.12.23	01:21:29.865	1.34662	1.34663			6
2025.12.23	01:21:30.175	1.34663	1.34664			6
2025.12.23	01:21:32.021	1.34662	1.34663			6
2025.12.23	01:21:32.327	1.34663	1.34664			6
2025.12.23	01:21:32.954	1.34665	1.34666			6
2025.12.23	01:21:33.259	1.34666	1.34667			6
2025.12.23	01:21:36.309	1.34665	1.34666			6
2025.12.23	01:21:39.374	1.34666	1.34667			6
2025.12.23	01:21:47.362	1.34665	1.34666			6
2025.12.23	01:21:51.959	1.34666	1.34667			6
2025.12.23	01:22:00.259	1.34666				2
2025.12.23	01:22:03.625	1.34663	1.34664			6
2025.12.23	01:22:03.928	1.34662	1.34663			6
2025.12.23	01:22:10.972	1.34663	1.34664			6
2025.12.23	01:22:11.277	1.34662	1.34663			6
2025.12.23	01:22:28.151	1.34661	1.34662			6
2025.12.23	01:22:28.454	1.34660	1.34661			6
2025.12.23	01:22:29.372	1.34661	1.34662			6
2025.12.23	01:22:34.274	1.34662	1.34663			6
2025.12.23	01:22:34.577	1.34661	1.34662			6
2025.12.23	01:22:37.342	1.34662	1.34663			6
2025.12.23	01:22:37.646	1.34661	1.34662			6
2025.12.23	01:22:40.395	1.34662	1.34663			6
2025.12.23	01:22:40.697	1.34661	1.34662			6
2025.12.23	01:22:42.839	1.34660	1.34661			6
2025.12.23	01:22:43.145	1.34661	1.34662			6
2025.12.23	01:22:43.453	1.34662	1.34663			6
2025.12.23	01:22:43.765	1.34661	1.34662			6
2025.12.23	01:22:46.518	1.34662	1.34663			6
2025.12.23	01:22:46.836	1.34661	1.34662			6
2025.12.23	01:22:47.441	1.34659	1.34660			6
2025.12.23	01:22:47.744	1.34660	1.34661			6
2025.12.23	01:22:48.663	1.34661	1.34662			6
2025.12.23	01:22:48.970	1.34660	1.34661			6
2025.12.23	01:22:53.273	1.34661	1.34662			6
2025.12.23	01:22:53.578	1.34660	1.34661			6
2025.12.23	01:22:56.337	1.34661	1.34662			6
2025.12.23	01:22:56.650	1.34660	1.34661			6
2025.12.23	01:22:58.488	1.34661	1.34662			6
2025.12.23	01:22:59.103	1.34660	1.34661			6
2025.12.23	01:23:00.028	1.34660				2
2025.12.23	01:23:00.634	1.34659	1.34660			6
2025.12.23	01:23:00.939	1.34657	1.34658			6
2025.12.23	01:23:03.378	1.34658	1.34659			6
2025.12.23	01:23:09.217	1.34657	1.34658			6
2025.12.23	01:23:12.587	1.34658	1.34659			6
2025.12.23	01:23:12.895	1.34657	1.34658			6
2025.12.23	01:23:27.011	1.34658	1.34659			6
2025.12.23	01:23:29.776	1.34657	1.34658			6
2025.12.23	01:23:32.853	1.34658	1.34659			6
2025.12.23	01:23:42.975	1.34657	1.34658			6
2025.12.23	01:23:51.216	1.34658	1.34659			6
2025.12.23	01:23:55.479	1.34657	1.34658			6
2025.12.23	01:23:57.305	1.34658	1.34659			6
2025.12.23	01:23:59.452	1.34657	1.34658			6
2025.12.23	01:23:59.753	1.34656	1.34657			6
2025.12.23	01:24:00.060	1.34656				2
2025.12.23	01:24:06.499	1.34658	1.34659			6
2025.12.23	01:24:07.424	1.34657	1.34658			6
2025.12.23	01:24:15.115	1.34659	1.34660			6
2025.12.23	01:24:40.844	1.34658	1.34659			6
2025.12.23	01:24:41.151	1.34657	1.34658			6
2025.12.23	01:24:42.085	1.34658	1.34659			6
2025.12.23	01:24:52.208	1.34657	1.34658			6
2025.12.23	01:24:56.813	1.34656	1.34657			6
2025.12.23	01:24:57.117	1.34655	1.34656			6
2025.12.23	01:24:57.430	1.34651	1.34652			6
2025.12.23	01:24:57.739	1.34652	1.34653			6
2025.12.23	01:24:59.566	1.34651	1.34652			6
2025.12.23	01:24:59.867	1.34652	1.34653			6
2025.12.23	01:25:00.168	1.34652				2
2025.12.23	01:25:01.703	1.34653	1.34654			6
2025.12.23	01:25:46.184	1.34652	1.34653			6
2025.12.23	01:25:49.542	1.34651	1.34652			6
2025.12.23	01:25:49.845	1.34652	1.34653			6
2025.12.23	01:26:00.272	1.34652				2
2025.12.23	01:26:33.096	1.34659	1.34660			6
2025.12.23	01:26:36.150	1.34655	1.34656			6
2025.12.23	01:26:40.483	1.34653	1.34654			6
2025.12.23	01:26:40.802	1.34652	1.34653			6
2025.12.23	01:26:42.364		1.34654			4
2025.12.23	01:26:45.151	1.34651	1.34653			6
2025.12.23	01:26:47.310	1.34652				2
2025.12.23	01:26:49.164	1.34656	1.34657			6
2025.12.23	01:26:49.472	1.34655	1.34656			6
2025.12.23	01:26:50.399	1.34654				2
2025.12.23	01:26:52.251	1.34655	1.34657			6
2025.12.23	01:26:52.868	1.34657	1.34659			6
2025.12.23	01:26:53.182	1.34658	1.34660			6
2025.12.23	01:26:54.413	1.34657				2
2025.12.23	01:26:55.336	1.34658				2
2025.12.23	01:26:56.583		1.34661			4
2025.12.23	01:26:57.501	1.34657	1.34660			6
2025.12.23	01:26:58.428	1.34658	1.34661			6
2025.12.23	01:26:58.734	1.34657	1.34660			6
2025.12.23	01:27:00.285	1.34657				2
2025.12.23	01:27:00.598	1.34658				2
2025.12.23	01:27:01.825	1.34657	1.34659			6
2025.12.23	01:27:03.070	1.34658	1.34660			6
2025.12.23	01:27:05.846	1.34657	1.34659			6
2025.12.23	01:27:06.769	1.34658	1.34660			6
2025.12.23	01:27:07.700	1.34657	1.34659			6
2025.12.23	01:27:08.008	1.34658	1.34660			6
2025.12.23	01:27:08.936	1.34657	1.34659			6
2025.12.23	01:27:09.247	1.34658	1.34660			6
2025.12.23	01:27:10.169	1.34655	1.34657			6
2025.12.23	01:27:11.402		1.34658			4
2025.12.23	01:27:16.060	1.34656	1.34659			6
2025.12.23	01:27:16.365	1.34655	1.34657			6
2025.12.23	01:27:18.222	1.34658	1.34660			6
2025.12.23	01:27:19.153		1.34661			4
2025.12.23	01:27:19.470		1.34660			4
2025.12.23	01:27:19.783	1.34657				2
2025.12.23	01:27:20.718	1.34656	1.34659			6
2025.12.23	01:27:21.632	1.34657	1.34660			6
2025.12.23	01:27:23.186	1.34656	1.34659			6
2025.12.23	01:27:23.491	1.34657	1.34660			6
2025.12.23	01:27:25.350	1.34656	1.34659			6
2025.12.23	01:27:25.963	1.34657	1.34660			6
2025.12.23	01:27:27.208	1.34656	1.34659			6
2025.12.23	01:27:28.143	1.34657	1.34660			6
2025.12.23	01:27:28.450	1.34656	1.34659			6
2025.12.23	01:27:28.765	1.34658	1.34661			6
2025.12.23	01:27:29.694	1.34657	1.34660			6
2025.12.23	01:27:30.000	1.34658	1.34661			6
2025.12.23	01:27:30.632		1.34660			4
2025.12.23	01:27:30.940	1.34657				2
2025.12.23	01:27:34.987	1.34658	1.34661			6
2025.12.23	01:27:35.296		1.34660			4
2025.12.23	01:27:39.637	1.34659	1.34661			6
2025.12.23	01:27:40.244	1.34658	1.34660			6
2025.12.23	01:27:40.546	1.34659	1.34661			6
2025.12.23	01:27:41.177	1.34658	1.34660			6
2025.12.23	01:27:41.494	1.34659	1.34661			6
2025.12.23	01:27:41.798	1.34658	1.34660			6
2025.12.23	01:27:43.030	1.34659	1.34661			6
2025.12.23	01:27:45.192	1.34660	1.34662			6
2025.12.23	01:27:47.066	1.34659	1.34661			6
2025.12.23	01:27:48.305	1.34660	1.34662			6
2025.12.23	01:27:49.228	1.34659	1.34661			6
2025.12.23	01:27:49.844	1.34660	1.34662			6
2025.12.23	01:27:51.081	1.34659	1.34661			6
2025.12.23	01:27:54.163	1.34657	1.34659			6
2025.12.23	01:27:54.475	1.34658	1.34660			6
2025.12.23	01:27:54.781	1.34657	1.34659			6
2025.12.23	01:27:55.403	1.34658	1.34660			6
2025.12.23	01:27:55.708	1.34657	1.34659			6
2025.12.23	01:27:56.329	1.34658	1.34660			6
2025.12.23	01:27:56.639	1.34657	1.34659			6
2025.12.23	01:27:57.254	1.34658	1.34660			6
2025.12.23	01:27:57.567	1.34657	1.34659			6
2025.12.23	01:27:58.190		1.34658			4
2025.12.23	01:27:58.499	1.34656	1.34657			6
2025.12.23	01:27:59.412		1.34658			4
2025.12.23	01:28:00.022	1.34656				2
2025.12.23	01:28:00.644	1.34655	1.34657			6
2025.12.23	01:28:01.886	1.34656	1.34658			6
2025.12.23	01:28:04.994	1.34655	1.34657			6
2025.12.23	01:28:05.617	1.34656	1.34658			6
2025.12.23	01:28:06.846	1.34655	1.34657			6
2025.12.23	01:28:07.165	1.34656	1.34658			6
2025.12.23	01:28:08.091	1.34655	1.34657			6
2025.12.23	01:28:08.398	1.34656				2
2025.12.23	01:28:09.009	1.34657	1.34658			6
2025.12.23	01:28:12.070	1.34658	1.34659			6
2025.12.23	01:28:12.985	1.34657	1.34658			6
2025.12.23	01:28:13.294	1.34658	1.34659			6
2025.12.23	01:28:15.139	1.34657	1.34658			6
2025.12.23	01:28:16.066	1.34658	1.34659			6
2025.12.23	01:28:16.681	1.34657	1.34658			6
2025.12.23	01:28:19.748	1.34659	1.34660			6
2025.12.23	01:28:20.360	1.34658	1.34659			6
2025.12.23	01:28:21.277	1.34659	1.34660			6
2025.12.23	01:28:23.438	1.34658	1.34659			6
2025.12.23	01:28:24.970	1.34659	1.34660			6
2025.12.23	01:28:25.887	1.34658	1.34659			6
2025.12.23	01:28:27.115	1.34657	1.34658			6
2025.12.23	01:28:28.039	1.34658	1.34659			6
2025.12.23	01:28:28.958	1.34659	1.34660			6
2025.12.23	01:28:29.269	1.34658	1.34659			6
2025.12.23	01:28:31.110	1.34659	1.34660			6
2025.12.23	01:28:31.413	1.34657	1.34658			6
2025.12.23	01:28:32.337	1.34658	1.34659			6
2025.12.23	01:28:33.256	1.34656	1.34657			6
2025.12.23	01:28:38.477	1.34655	1.34656			6
2025.12.23	01:28:43.996	1.34654	1.34655			6
2025.12.23	01:28:45.224	1.34655	1.34656			6
2025.12.23	01:28:46.446	1.34656	1.34657			6
2025.12.23	01:28:47.353	1.34655	1.34656			6
2025.12.23	01:28:53.477	1.34656	1.34657			6
2025.12.23	01:28:54.412	1.34655	1.34656			6
2025.12.23	01:28:58.701	1.34656	1.34657			6
2025.12.23	01:28:59.007	1.34655	1.34656			6
2025.12.23	01:29:00.237	1.34655				2
2025.12.23	01:29:02.075	1.34656	1.34657			6
2025.12.23	01:29:02.379	1.34655	1.34656			6
2025.12.23	01:29:02.995	1.34656	1.34657			6
2025.12.23	01:29:03.300	1.34657	1.34658			6
2025.12.23	01:29:03.606	1.34658	1.34659			6
2025.12.23	01:29:03.913	1.34659	1.34660			6
2025.12.23	01:29:04.524	1.34660	1.34661			6
2025.12.23	01:29:05.135	1.34659	1.34660			6
2025.12.23	01:29:05.756	1.34660	1.34661			6
2025.12.23	01:29:06.070	1.34659	1.34660			6
2025.12.23	01:29:07.615	1.34657	1.34658			6
2025.12.23	01:29:07.920	1.34658	1.34659			6
2025.12.23	01:29:08.546	1.34659	1.34660			6
2025.12.23	01:29:09.464	1.34657	1.34658			6
2025.12.23	01:29:10.385	1.34658	1.34659			6
2025.12.23	01:29:10.692	1.34656	1.34657			6
2025.12.23	01:29:11.009	1.34657	1.34658			6
2025.12.23	01:29:12.889	1.34656	1.34657			6
2025.12.23	01:29:13.500	1.34657	1.34658			6
2025.12.23	01:29:14.738	1.34656	1.34657			6
2025.12.23	01:29:19.988	1.34657	1.34658			6
2025.12.23	01:29:22.784	1.34658	1.34659			6
2025.12.23	01:29:24.615	1.34657	1.34658			6
2025.12.23	01:29:42.074	1.34658	1.34659			6
2025.12.23	01:29:42.989	1.34659	1.34660			6
2025.12.23	01:29:43.297	1.34658	1.34659			6
2025.12.23	01:29:46.078	1.34659	1.34660			6
2025.12.23	01:29:46.386	1.34658	1.34659			6
2025.12.23	01:29:48.521	1.34657	1.34658			6
2025.12.23	01:29:49.135	1.34659	1.34660			6
2025.12.23	01:29:49.453	1.34658	1.34659			6
2025.12.23	01:29:51.303	1.34659	1.34660			6
2025.12.23	01:29:51.608	1.34657	1.34658			6
2025.12.23	01:29:52.845	1.34658	1.34659			6
2025.12.23	01:29:53.770	1.34657	1.34658			6
2025.12.23	01:29:54.385	1.34659	1.34660			6
2025.12.23	01:29:54.688	1.34657	1.34658			6
2025.12.23	01:29:55.598	1.34658	1.34659			6
2025.12.23	01:29:59.573	1.34659	1.34660			6
2025.12.23	01:29:59.885	1.34658	1.34659			6
2025.12.23	01:30:00.190	1.34658				2
2025.12.23	01:30:00.496	1.34659	1.34660			6
2025.12.23	01:30:00.802	1.34658	1.34659			6
2025.12.23	01:30:02.647	1.34659	1.34660			6
2025.12.23	01:30:02.952	1.34657	1.34658			6
2025.12.23	01:30:03.868	1.34658	1.34659			6
2025.12.23	01:30:04.782	1.34659	1.34660			6
2025.12.23	01:30:06.013	1.34657	1.34658			6
2025.12.23	01:30:06.938	1.34658	1.34659			6
2025.12.23	01:30:07.241	1.34657	1.34658			6
2025.12.23	01:30:07.853	1.34658	1.34659			6
2025.12.23	01:30:08.166	1.34656	1.34657			6
2025.12.23	01:30:08.782	1.34659	1.34660			6
2025.12.23	01:30:09.086	1.34657	1.34658			6
2025.12.23	01:30:10.916	1.34659	1.34660			6
2025.12.23	01:30:11.218	1.34657	1.34658			6
2025.12.23	01:30:12.757	1.34659	1.34660			6
2025.12.23	01:30:13.062	1.34657	1.34658			6
2025.12.23	01:30:13.364	1.34658	1.34659			6
2025.12.23	01:30:13.974	1.34657	1.34658			6
2025.12.23	01:30:14.276	1.34658	1.34659			6
2025.12.23	01:30:14.890	1.34657	1.34658			6
2025.12.23	01:30:15.192	1.34654	1.34655			6
2025.12.23	01:30:15.494	1.34655	1.34656			6
2025.12.23	01:30:21.954	1.34654	1.34655			6
2025.12.23	01:30:29.913	1.34655	1.34656			6
2025.12.23	01:30:30.523	1.34654	1.34655			6
2025.12.23	01:30:30.829	1.34653	1.34654			6
2025.12.23	01:30:31.136	1.34654	1.34655			6
2025.12.23	01:30:32.677	1.34653	1.34654			6
2025.12.23	01:30:34.503	1.34654	1.34655			6
2025.12.23	01:31:00.001	1.34654				2
2025.12.23	01:31:07.329	1.34653	1.34654			6
2025.12.23	01:31:19.306	1.34654	1.34655			6
2025.12.23	01:31:19.617	1.34653	1.34654			6
2025.12.23	01:31:19.929	1.34654	1.34655			6
2025.12.23	01:31:26.692	1.34653	1.34654			6
2025.12.23	01:31:26.993	1.34654	1.34655			6
2025.12.23	01:31:29.459	1.34653	1.34654			6
2025.12.23	01:31:30.381	1.34654	1.34655			6
2025.12.23	01:31:30.988	1.34653	1.34654			6
2025.12.23	01:31:31.290	1.34654	1.34655			6
2025.12.23	01:31:39.567	1.34653	1.34654			6
2025.12.23	01:31:43.257	1.34654	1.34655			6
2025.12.23	01:31:43.565	1.34653	1.34654			6
2025.12.23	01:31:44.176	1.34654	1.34655			6
2025.12.23	01:31:46.624	1.34653	1.34654			6
2025.12.23	01:31:48.162	1.34654	1.34655			6
2025.12.23	01:31:59.498	1.34653	1.34654			6
2025.12.23	01:32:00.122	1.34653				2
2025.12.23	01:32:07.786	1.34654	1.34655			6
2025.12.23	01:32:09.331	1.34653	1.34654			6
2025.12.23	01:32:09.942	1.34654	1.34655			6
2025.12.23	01:32:11.791	1.34653	1.34654			6
2025.12.23	01:32:14.544	1.34654	1.34655			6
2025.12.23	01:32:25.298	1.34653	1.34654			6
2025.12.23	01:32:26.218	1.34652	1.34653			6
2025.12.23	01:32:31.718	1.34653	1.34654			6
2025.12.23	01:32:43.398	1.34654	1.34655			6
2025.12.23	01:33:00.269	1.34657	1.34658			6
2025.12.23	01:33:00.886	1.34656	1.34657			6
2025.12.23	01:33:01.491	1.34654	1.34655			6
2025.12.23	01:33:02.402	1.34655	1.34656			6
2025.12.23	01:33:06.711	1.34654	1.34655			6
2025.12.23	01:33:10.385	1.34656	1.34657			6
2025.12.23	01:33:11.002	1.34655	1.34656			6
2025.12.23	01:33:12.546	1.34656	1.34657			6
2025.12.23	01:33:13.780	1.34655	1.34656			6
2025.12.23	01:33:15.639	1.34656	1.34657			6
2025.12.23	01:33:15.951	1.34655	1.34656			6
2025.12.23	01:33:16.570	1.34653	1.34654			6
2025.12.23	01:33:18.107	1.34652	1.34653			6
2025.12.23	01:33:18.422	1.34653	1.34654			6
2025.12.23	01:33:18.728	1.34652	1.34653			6
2025.12.23	01:33:19.343	1.34653	1.34654			6
2025.12.23	01:33:20.573	1.34652	1.34653			6
2025.12.23	01:33:25.180	1.34653	1.34654			6
2025.12.23	01:33:43.568	1.34655	1.34656			6
2025.12.23	01:33:46.949	1.34656	1.34657			6
2025.12.23	01:33:51.858	1.34654	1.34655			6
2025.12.23	01:33:52.162	1.34653	1.34654			6
2025.12.23	01:33:53.074	1.34654	1.34655			6
2025.12.23	01:33:55.526	1.34653	1.34654			6
2025.12.23	01:33:56.149	1.34652	1.34653			6
2025.12.23	01:33:57.982	1.34653	1.34654			6
2025.12.23	01:34:00.125	1.34653				2
2025.12.23	01:34:11.840	1.34654	1.34655			6
2025.12.23	01:34:13.982	1.34653	1.34654			6
2025.12.23	01:34:14.295	1.34652	1.34653			6
2025.12.23	01:34:20.414	1.34653	1.34654			6
2025.12.23	01:34:21.330	1.34652	1.34653			6
2025.12.23	01:34:28.672	1.34653	1.34654			6
2025.12.23	01:34:29.277	1.34652	1.34653			6
2025.12.23	01:34:38.466	1.34651	1.34652			6
2025.12.23	01:34:51.645	1.34650	1.34651			6
2025.12.23	01:34:52.261	1.34651	1.34652			6
2025.12.23	01:34:57.184	1.34650	1.34651			6
2025.12.23	01:35:00.242	1.34650				2
2025.12.23	01:35:03.606	1.34649	1.34650			6
2025.12.23	01:35:08.803	1.34650	1.34651			6
2025.12.23	01:35:19.215	1.34649	1.34650			6
2025.12.23	01:35:19.524	1.34650	1.34651			6
2025.12.23	01:35:21.067	1.34649	1.34650			6
2025.12.23	01:35:34.253	1.34650	1.34651			6
