<DATE>	<TIME>	<BID>	<ASK>	<LAST>	<VOLUME>	<FLAGS>
2025.04.01	00:03:30.420	1.29154	1.29255			6
2025.04.01	00:03:53.452	1.29160	1.29221			6
2025.04.01	00:03:54.674	1.29123	1.29227			6
2025.04.01	00:04:00.214	1.29123				2
2025.04.01	00:04:26.028		1.29223			4
2025.04.01	00:04:30.006		1.29227			4
2025.04.01	00:04:40.449	1.29136	1.29218			6
2025.04.01	00:05:00.105	1.29136				2
2025.04.01	00:05:03.788		1.29223			4
2025.04.01	00:06:00.160	1.29136				2
2025.04.01	00:06:03.821		1.29223			4
2025.04.01	00:07:00.063	1.29136				2
2025.04.01	00:07:04.044		1.29217			4
2025.04.01	00:08:00.659	1.29136				2
2025.04.01	00:08:10.656		1.29217			4
2025.04.01	00:09:00.652	1.29136				2
2025.04.01	00:09:10.667		1.29217			4
2025.04.01	00:09:46.095		1.29213			4
2025.04.01	00:09:46.706		1.29217			4
2025.04.01	00:09:56.192		1.29212			4
2025.04.01	00:09:58.341		1.29213			4
2025.04.01	00:10:00.183	1.29136				2
2025.04.01	00:10:01.117		1.29217			4
2025.04.01	00:10:11.224	1.29112	1.29218			6
2025.04.01	00:10:30.889	1.29118	1.29222			6
2025.04.01	00:11:00.103	1.29118				2
2025.04.01	00:11:17.663	1.29136				2
2025.04.01	00:11:18.585		1.29217			4
2025.04.01	00:11:19.880	1.29118	1.29222			6
2025.04.01	00:11:20.483	1.29136	1.29217			6
2025.04.01	00:11:26.786	1.29118	1.29222			6
2025.04.01	00:11:27.396	1.29136	1.29217			6
2025.04.01	00:11:33.483	1.29118	1.29222			6
2025.04.01	00:11:34.095	1.29136	1.29217			6
2025.04.01	00:11:36.750		1.29215			4
2025.04.01	00:11:40.127	1.29120				2
2025.04.01	00:11:40.743	1.29136				2
2025.04.01	00:11:46.584	1.29120				2
2025.04.01	00:11:47.510	1.29136				2
2025.04.01	00:12:00.126	1.29136				2
2025.04.01	00:12:01.057		1.29217			4
2025.04.01	00:12:11.269		1.29216			4
2025.04.01	00:12:13.732		1.29217			4
2025.04.01	00:12:32.882		1.29222			4
2025.04.01	00:12:42.099		1.29224			4
2025.04.01	00:12:48.858		1.29219			4
2025.04.01	00:13:00.226	1.29136				2
2025.04.01	00:13:49.121		1.29219			4
2025.04.01	00:13:51.887		1.29221			4
2025.04.01	00:13:58.643		1.29219			4
2025.04.01	00:14:00.181	1.29136				2
2025.04.01	00:14:12.462		1.29221			4
2025.04.01	00:14:23.515		1.29216			4
2025.04.01	00:14:40.482	1.29137				2
2025.04.01	00:15:00.652	1.29137				2
2025.04.01	00:15:26.132		1.29216			4
2025.04.01	00:16:01.506	1.29137				2
2025.04.01	00:16:28.540		1.29216			4
2025.04.01	00:17:02.135	1.29137				2
2025.04.01	00:17:28.839		1.29216			4
2025.04.01	00:18:00.039	1.29137				2
2025.04.01	00:18:29.318		1.29216			4
2025.04.01	00:18:34.641	1.29136				2
2025.04.01	00:18:45.464		1.29212			4
2025.04.01	00:18:46.082	1.29132	1.29211			6
2025.04.01	00:19:00.652	1.29132				2
2025.04.01	00:19:10.654	1.29133				2
2025.04.01	00:19:11.057	1.29127	1.29201			6
2025.04.01	00:19:21.851	1.29134	1.29212			6
2025.04.01	00:20:03.637	1.29134				2
2025.04.01	00:20:22.234		1.29212			4
2025.04.01	00:21:00.652	1.29134				2
2025.04.01	00:21:23.130		1.29212			4
2025.04.01	00:22:00.932	1.29134				2
2025.04.01	00:22:23.731		1.29212			4
2025.04.01	00:22:33.055		1.29204			4
2025.04.01	00:22:38.268		1.29212			4
2025.04.01	00:23:01.534	1.29134				2
2025.04.01	00:23:39.036		1.29212			4
2025.04.01	00:24:01.245	1.29134				2
2025.04.01	00:24:39.940		1.29212			4
2025.04.01	00:25:02.905	1.29134				2
2025.04.01	00:25:18.115	1.29156	1.29213			6
2025.04.01	00:26:00.656	1.29156				2
2025.04.01	00:26:20.653		1.29213			4
2025.04.01	00:26:30.311	1.29088	1.29209			6
2025.04.01	00:26:30.625	1.29089				2
2025.04.01	00:26:30.930	1.29088				2
2025.04.01	00:26:31.539	1.29111	1.29210			6
2025.04.01	00:26:33.071	1.29089				2
2025.04.01	00:26:34.307	1.29111				2
2025.04.01	00:26:35.532	1.29097				2
2025.04.01	00:26:36.757	1.29119				2
2025.04.01	00:26:37.066	1.29097				2
2025.04.01	00:26:38.914	1.29096				2
2025.04.01	00:26:39.221	1.29095				2
2025.04.01	00:26:48.734	1.29118				2
2025.04.01	00:26:49.966	1.29095				2
2025.04.01	00:26:53.653	1.29099	1.29211			6
2025.04.01	00:26:53.962	1.29097				2
2025.04.01	00:26:55.183	1.29103				2
2025.04.01	00:26:56.106	1.29099				2
2025.04.01	00:26:58.561	1.29117				2
2025.04.01	00:27:00.100	1.29118				2
2025.04.01	00:27:03.781	1.29110				2
2025.04.01	00:27:04.091	1.29118				2
2025.04.01	00:27:06.850	1.29109				2
2025.04.01	00:27:10.832	1.29106				2
2025.04.01	00:27:13.288	1.29107				2
2025.04.01	00:27:20.677	1.29109				2
2025.04.01	00:27:25.892	1.29110				2
2025.04.01	00:27:27.431	1.29109				2
2025.04.01	00:27:30.196	1.29111				2
2025.04.01	00:27:32.345	1.29118				2
2025.04.01	00:27:33.270	1.29111				2
2025.04.01	00:27:33.891	1.29118				2
2025.04.01	00:27:36.039	1.29112				2
2025.04.01	00:27:38.192	1.29111				2
2025.04.01	00:27:41.875	1.29112				2
2025.04.01	00:27:42.177	1.29118				2
2025.04.01	00:27:43.716	1.29112	1.29220			6
2025.04.01	00:27:45.868		1.29211			4
2025.04.01	00:28:00.283	1.29114				2
2025.04.01	00:28:02.429	1.29122				2
2025.04.01	00:28:02.735	1.29120				2
2025.04.01	00:28:03.966	1.29121				2
2025.04.01	00:28:06.110	1.29120				2
2025.04.01	00:28:08.263	1.29121				2
2025.04.01	00:28:10.414	1.29120				2
2025.04.01	00:28:15.317	1.29121				2
2025.04.01	00:28:16.853	1.29120				2
2025.04.01	00:28:17.156	1.29123				2
2025.04.01	00:28:26.308	1.29121				2
2025.04.01	00:28:26.617	1.29119				2
2025.04.01	00:28:27.844	1.29121				2
2025.04.01	00:28:29.996	1.29120				2
2025.04.01	00:28:37.980	1.29121				2
2025.04.01	00:28:38.285	1.29140	1.29212			6
2025.04.01	00:29:00.314	1.29140				2
2025.04.01	00:29:27.920		1.29211			4
2025.04.01	00:29:42.305		1.29212			4
2025.04.01	00:30:00.377	1.29140				2
2025.04.01	00:30:28.882		1.29211			4
2025.04.01	00:30:31.305		1.29212			4
2025.04.01	00:30:48.990		1.29211			4
2025.04.01	00:30:50.027		1.29212			4
2025.04.01	00:31:00.652	1.29140				2
2025.04.01	00:31:50.654		1.29212			4
2025.04.01	00:31:53.664		1.29211			4
2025.04.01	00:31:57.347		1.29212			4
2025.04.01	00:32:00.653	1.29140				2
2025.04.01	00:32:08.304		1.29210			4
2025.04.01	00:32:08.612		1.29212			4
2025.04.01	00:32:09.048		1.29210			4
2025.04.01	00:32:12.728		1.29212			4
2025.04.01	00:33:00.657	1.29140				2
2025.04.01	00:33:13.553		1.29212			4
2025.04.01	00:33:40.371		1.29211			4
2025.04.01	00:34:00.655	1.29140				2
2025.04.01	00:34:40.651		1.29211			4
2025.04.01	00:34:43.293	1.29125	1.29212			6
2025.04.01	00:34:43.588	1.29124				2
2025.04.01	00:34:44.205	1.29125				2
2025.04.01	00:34:51.264	1.29126				2
2025.04.01	00:34:55.265	1.29132				2
2025.04.01	00:34:58.022	1.29137	1.29207			6
2025.04.01	00:35:00.226	1.29137				2
2025.04.01	00:35:08.852	1.29155	1.29208			6
2025.04.01	00:36:00.282	1.29155				2
2025.04.01	00:36:08.857		1.29208			4
2025.04.01	00:37:00.244	1.29155				2
2025.04.01	00:37:10.658		1.29208			4
2025.04.01	00:38:00.417	1.29155				2
2025.04.01	00:38:14.484		1.29208			4
2025.04.01	00:39:00.652	1.29155				2
2025.04.01	00:39:15.454		1.29208			4
2025.04.01	00:40:00.382	1.29155				2
2025.04.01	00:40:16.833		1.29208			4
2025.04.01	00:41:00.654	1.29155				2
2025.04.01	00:41:18.771		1.29208			4
2025.04.01	00:41:29.273		1.29205			4
2025.04.01	00:42:00.652	1.29155				2
2025.04.01	00:42:29.811		1.29205			4
2025.04.01	00:42:47.442		1.29203			4
2025.04.01	00:43:00.177	1.29155				2
2025.04.01	00:43:05.457		1.29208			4
2025.04.01	00:44:00.561	1.29155				2
2025.04.01	00:44:09.085		1.29208			4
2025.04.01	00:44:45.830	1.29137	1.29212			6
2025.04.01	00:44:47.373	1.29136				2
2025.04.01	00:44:53.534	1.29133				2
2025.04.01	00:45:00.003	1.29133				2
2025.04.01	00:45:00.305	1.29138				2
2025.04.01	00:45:00.610	1.29141				2
2025.04.01	00:45:00.914	1.29136				2
2025.04.01	00:45:01.225	1.29140				2
2025.04.01	00:45:01.532	1.29137				2
2025.04.01	00:45:01.839		1.29227			4
2025.04.01	00:45:02.453	1.29136	1.29226			6
2025.04.01	00:45:04.301		1.29212			4
2025.04.01	00:45:04.606	1.29134				2
2025.04.01	00:45:09.619	1.29148	1.29196			6
2025.04.01	00:45:09.912	1.29149				2
2025.04.01	00:45:11.135	1.29147				2
2025.04.01	00:45:23.439	1.29146				2
2025.04.01	00:45:30.202	1.29151				2
2025.04.01	00:45:30.507	1.29155				2
2025.04.01	00:45:30.824	1.29151				2
2025.04.01	00:45:32.662	1.29150				2
2025.04.01	00:45:32.967	1.29151				2
2025.04.01	00:45:33.585	1.29149				2
2025.04.01	00:45:34.199	1.29150				2
2025.04.01	00:45:34.815	1.29151				2
2025.04.01	00:45:35.123	1.29150				2
2025.04.01	00:45:36.356	1.29151				2
2025.04.01	00:45:39.737	1.29152				2
2025.04.01	00:45:40.656	1.29151				2
2025.04.01	00:45:40.961	1.29150				2
2025.04.01	00:45:41.563	1.29152				2
2025.04.01	00:45:42.778	1.29154				2
2025.04.01	00:45:47.409	1.29153				2
2025.04.01	00:45:49.876	1.29154				2
2025.04.01	00:45:52.327	1.29153				2
2025.04.01	00:45:56.645	1.29154				2
2025.04.01	00:46:00.020	1.29154				2
2025.04.01	00:46:00.335	1.29153				2
2025.04.01	00:46:00.943	1.29154				2
2025.04.01	00:46:03.406	1.29153				2
2025.04.01	00:46:04.948	1.29154				2
2025.04.01	00:46:06.480	1.29152				2
2025.04.01	00:46:09.861		1.29196			4
2025.04.01	00:46:13.553	1.29153				2
2025.04.01	00:46:14.166	1.29155				2
2025.04.01	00:46:14.477	1.29154				2
2025.04.01	00:46:14.778	1.29152				2
2025.04.01	00:46:16.626	1.29150				2
2025.04.01	00:46:16.942	1.29151				2
2025.04.01	00:46:24.617	1.29149				2
2025.04.01	00:46:24.925	1.29152				2
2025.04.01	00:46:25.226	1.29151				2
2025.04.01	00:46:25.528	1.29152				2
2025.04.01	00:46:33.847	1.29149				2
2025.04.01	00:46:35.079	1.29150				2
2025.04.01	00:46:36.310	1.29147				2
2025.04.01	00:46:37.855	1.29146				2
2025.04.01	00:46:40.307	1.29151				2
2025.04.01	00:46:41.543	1.29150				2
2025.04.01	00:46:44.311	1.29152				2
2025.04.01	00:46:47.089	1.29149				2
2025.04.01	00:46:48.322	1.29150				2
2025.04.01	00:46:51.091	1.29151				2
2025.04.01	00:46:51.392	1.29153				2
2025.04.01	00:46:52.314	1.29150				2
2025.04.01	00:46:52.619	1.29147				2
2025.04.01	00:46:54.468	1.29150				2
2025.04.01	00:46:56.312	1.29151				2
2025.04.01	00:47:00.013	1.29151				2
2025.04.01	00:47:00.313	1.29154				2
2025.04.01	00:47:00.618	1.29149				2
2025.04.01	00:47:01.856		1.29207			4
2025.04.01	00:47:04.315		1.29206			4
2025.04.01	00:47:04.630	1.29152				2
2025.04.01	00:47:07.396	1.29153				2
2025.04.01	00:47:12.304	1.29149				2
2025.04.01	00:47:16.299	1.29153				2
2025.04.01	00:47:16.616	1.29152				2
2025.04.01	00:47:17.535	1.29150				2
2025.04.01	00:47:19.992	1.29152				2
2025.04.01	00:47:20.292	1.29153				2
2025.04.01	00:47:21.841	1.29154	1.29207			6
2025.04.01	00:47:22.145	1.29150				2
2025.04.01	00:47:27.683	1.29146	1.29204			6
2025.04.01	00:47:28.292	1.29149	1.29207			6
2025.04.01	00:47:28.906	1.29148	1.29206			6
2025.04.01	00:47:29.520	1.29151	1.29207			6
2025.04.01	00:47:29.832	1.29149				2
2025.04.01	00:47:31.060	1.29150	1.29206			6
2025.04.01	00:47:31.981	1.29149				2
2025.04.01	00:47:33.526	1.29150				2
2025.04.01	00:47:36.296	1.29152				2
2025.04.01	00:47:38.454	1.29153				2
2025.04.01	00:47:40.291	1.29151				2
2025.04.01	00:47:41.220	1.29150				2
2025.04.01	00:47:41.522	1.29153	1.29207			6
2025.04.01	00:47:41.830		1.29209			4
2025.04.01	00:47:42.130	1.29152				2
2025.04.01	00:47:45.516	1.29153				2
2025.04.01	00:47:59.983		1.29210			4
2025.04.01	00:48:00.289	1.29153				2
2025.04.01	00:48:01.515	1.29152				2
2025.04.01	00:48:03.357	1.29148	1.29207			6
2025.04.01	00:48:03.660	1.29149	1.29208			6
2025.04.01	00:48:03.974	1.29150	1.29209			6
2025.04.01	00:48:05.198	1.29152	1.29210			6
2025.04.01	00:48:06.738	1.29153				2
2025.04.01	00:48:11.045	1.29155				2
2025.04.01	00:48:17.803	1.29153				2
2025.04.01	00:48:19.338	1.29150	1.29209			6
2025.04.01	00:48:22.718	1.29153	1.29210			6
2025.04.01	00:48:25.177	1.29152				2
2025.04.01	00:48:29.493	1.29153				2
2025.04.01	00:48:34.702	1.29152				2
2025.04.01	00:48:36.240	1.29150	1.29208			6
2025.04.01	00:48:39.615	1.29151	1.29209			6
2025.04.01	00:48:42.377	1.29150	1.29208			6
2025.04.01	00:48:42.683	1.29151	1.29209			6
2025.04.01	00:48:46.977	1.29152	1.29210			6
2025.04.01	00:48:49.134	1.29151	1.29209			6
2025.04.01	00:48:49.442	1.29150	1.29208			6
2025.04.01	00:48:53.129	1.29152	1.29210			6
2025.04.01	00:48:55.882	1.29148	1.29207			6
2025.04.01	00:48:57.423	1.29150	1.29208			6
2025.04.01	00:48:58.965	1.29149	1.29207			6
2025.04.01	00:48:59.887	1.29151	1.29209			6
2025.04.01	00:49:00.190	1.29151				2
2025.04.01	00:49:03.265	1.29152	1.29210			6
2025.04.01	00:49:04.500	1.29154				2
2025.04.01	00:49:06.040	1.29153				2
2025.04.01	00:49:07.569	1.29154				2
2025.04.01	00:49:12.486	1.29150	1.29208			6
2025.04.01	00:49:12.796	1.29151	1.29209			6
2025.04.01	00:49:13.108	1.29152	1.29210			6
2025.04.01	00:49:14.330	1.29153				2
2025.04.01	00:49:14.640		1.29209			4
2025.04.01	00:49:15.563	1.29152				2
2025.04.01	00:49:20.485	1.29151				2
2025.04.01	00:49:21.093	1.29152				2
2025.04.01	00:49:26.618	1.29151	1.29204			6
2025.04.01	00:49:26.926	1.29146				2
2025.04.01	00:49:27.232	1.29145	1.29203			6
2025.04.01	00:49:27.540	1.29146	1.29204			6
2025.04.01	00:50:00.108	1.29146				2
2025.04.01	00:50:05.025	1.29145	1.29203			6
2025.04.01	00:50:05.341	1.29143	1.29201			6
2025.04.01	00:50:17.938	1.29144	1.29197			6
2025.04.01	00:50:23.770	1.29143				2
2025.04.01	00:50:48.069	1.29146				2
2025.04.01	00:50:48.373	1.29143				2
2025.04.01	00:50:50.220	1.29144				2
2025.04.01	00:50:52.061	1.29143				2
2025.04.01	00:50:53.591	1.29144				2
2025.04.01	00:50:59.433	1.29147				2
2025.04.01	00:51:00.049	1.29148				2
2025.04.01	00:51:00.354	1.29146				2
2025.04.01	00:51:03.435	1.29147				2
2025.04.01	00:51:04.044	1.29146				2
2025.04.01	00:51:10.188	1.29145				2
2025.04.01	00:51:18.189		1.29197			4
2025.04.01	00:51:31.703	1.29147				2
2025.04.01	00:51:32.009	1.29146				2
2025.04.01	00:51:36.632	1.29147				2
2025.04.01	00:51:36.940	1.29146				2
2025.04.01	00:51:41.543	1.29144				2
2025.04.01	00:51:44.927	1.29143				2
2025.04.01	00:51:51.062	1.29142				2
2025.04.01	00:51:51.681	1.29144				2
2025.04.01	00:51:55.055	1.29143				2
2025.04.01	00:52:00.267	1.29143				2
2025.04.01	00:52:10.402	1.29142				2
2025.04.01	00:52:18.391		1.29197			4
2025.04.01	00:52:20.541	1.29144				2
2025.04.01	00:52:20.847	1.29143				2
2025.04.01	00:52:26.078	1.29142				2
2025.04.01	00:52:26.389	1.29145				2
2025.04.01	00:52:27.920	1.29146				2
2025.04.01	00:52:35.602	1.29145				2
2025.04.01	00:52:46.346	1.29146				2
2025.04.01	00:52:56.788	1.29148				2
2025.04.01	00:53:00.169	1.29148				2
2025.04.01	00:53:05.386	1.29150				2
2025.04.01	00:53:05.692	1.29148				2
2025.04.01	00:53:08.455	1.29147				2
2025.04.01	00:53:12.760	1.29146				2
2025.04.01	00:53:17.977	1.29148				2
2025.04.01	00:53:18.586		1.29197			4
2025.04.01	00:53:20.430	1.29146				2
2025.04.01	00:53:21.667	1.29147				2
2025.04.01	00:53:31.492	1.29148				2
2025.04.01	00:53:33.633	1.29147				2
2025.04.01	00:53:33.939	1.29148				2
2025.04.01	00:53:34.860	1.29147				2
2025.04.01	00:53:37.013	1.29149				2
2025.04.01	00:53:37.933	1.29150				2
2025.04.01	00:53:40.705	1.29149				2
2025.04.01	00:53:41.622	1.29150				2
2025.04.01	00:53:42.542	1.29149				2
2025.04.01	00:53:44.084	1.29146				2
2025.04.01	00:53:46.231	1.29145				2
2025.04.01	00:53:49.308	1.29147				2
2025.04.01	00:53:54.219		1.29192			4
2025.04.01	00:53:57.599	1.29148				2
2025.04.01	00:53:59.442	1.29149				2
2025.04.01	00:54:00.060	1.29149				2
2025.04.01	00:54:00.363	1.29147				2
2025.04.01	00:54:05.590	1.29146				2
2025.04.01	00:54:06.514	1.29147				2
2025.04.01	00:54:12.038	1.29144				2
2025.04.01	00:54:12.955	1.29148				2
2025.04.01	00:54:15.105	1.29153				2
2025.04.01	00:54:21.559	1.29152				2
2025.04.01	00:54:22.788	1.29151				2
2025.04.01	00:54:25.242	1.29150				2
2025.04.01	00:54:32.304	1.29151				2
2025.04.01	00:54:35.382	1.29150				2
2025.04.01	00:54:36.299	1.29151				2
2025.04.01	00:54:36.607	1.29152				2
2025.04.01	00:54:39.682	1.29149				2
2025.04.01	00:54:41.828	1.29148				2
2025.04.01	00:54:43.063	1.29147				2
2025.04.01	00:54:43.672	1.29148				2
2025.04.01	00:54:47.663		1.29195			4
2025.04.01	00:54:48.274	1.29146				2
2025.04.01	00:54:48.582	1.29148				2
2025.04.01	00:54:48.885	1.29147				2
2025.04.01	00:54:49.191	1.29146	1.29190			6
2025.04.01	00:54:51.344	1.29149	1.29195			6
2025.04.01	00:54:51.649	1.29146	1.29190			6
2025.04.01	00:54:51.956	1.29145				2
2025.04.01	00:54:53.178	1.29147	1.29195			6
2025.04.01	00:54:53.481	1.29145				2
2025.04.01	00:55:00.238	1.29145				2
2025.04.01	00:55:03.311	1.29144				2
2025.04.01	00:55:11.914	1.29145	1.29194			6
2025.04.01	00:55:15.607	1.29147				2
2025.04.01	00:55:15.912	1.29146				2
2025.04.01	00:55:16.218	1.29145				2
2025.04.01	00:55:20.520	1.29147				2
2025.04.01	00:55:30.652	1.29145				2
2025.04.01	00:55:31.878	1.29143	1.29192			6
2025.04.01	00:55:32.192	1.29144				2
2025.04.01	00:55:32.494	1.29138	1.29181			6
2025.04.01	00:55:32.801	1.29141				2
2025.04.01	00:55:36.489	1.29140				2
2025.04.01	00:55:36.795	1.29141				2
2025.04.01	00:55:39.253	1.29142				2
2025.04.01	00:55:39.567	1.29145	1.29191			6
2025.04.01	00:55:43.862	1.29144				2
2025.04.01	00:55:56.148	1.29145				2
2025.04.01	00:56:00.148	1.29145				2
2025.04.01	00:56:14.892	1.29144				2
2025.04.01	00:56:16.121	1.29142				2
2025.04.01	00:56:18.887	1.29143				2
2025.04.01	00:56:34.561	1.29142				2
2025.04.01	00:56:37.936	1.29145				2
2025.04.01	00:56:38.242	1.29144				2
2025.04.01	00:56:38.550	1.29145				2
2025.04.01	00:56:39.782		1.29191			4
2025.04.01	00:56:40.704	1.29144				2
2025.04.01	00:56:41.006	1.29149				2
2025.04.01	00:56:45.008	1.29146				2
2025.04.01	00:56:45.316	1.29150				2
2025.04.01	00:56:47.784	1.29148				2
2025.04.01	00:56:48.705	1.29147				2
2025.04.01	00:56:49.318	1.29146				2
2025.04.01	00:56:49.628	1.29148				2
2025.04.01	00:56:53.626	1.29147				2
2025.04.01	00:56:53.930	1.29148				2
2025.04.01	00:56:54.848		1.29195			4
2025.04.01	00:56:55.150	1.29147				2
2025.04.01	00:56:55.769	1.29149				2
2025.04.01	00:56:56.384	1.29146	1.29191			6
2025.04.01	00:56:56.693	1.29147				2
2025.04.01	00:56:58.230	1.29149				2
2025.04.01	00:56:58.538	1.29146				2
2025.04.01	00:56:59.775	1.29147				2
2025.04.01	00:57:00.082	1.29147				2
2025.04.01	00:57:00.385	1.29148				2
2025.04.01	00:57:02.226	1.29147				2
2025.04.01	00:57:02.537	1.29150	1.29195			6
2025.04.01	00:57:06.540	1.29146	1.29194			6
2025.04.01	00:57:06.854	1.29147				2
2025.04.01	00:57:10.849	1.29148				2
2025.04.01	00:57:15.151		1.29195			4
2025.04.01	00:57:18.852	1.29147				2
2025.04.01	00:57:19.157	1.29146				2
2025.04.01	00:57:19.462	1.29147				2
2025.04.01	00:57:19.765	1.29148				2
2025.04.01	00:57:23.762	1.29146				2
2025.04.01	00:57:28.060	1.29147				2
2025.04.01	00:57:28.366	1.29148				2
2025.04.01	00:57:32.361	1.29145				2
2025.04.01	00:57:32.667	1.29146				2
2025.04.01	00:57:36.665	1.29147				2
2025.04.01	00:57:36.978	1.29148				2
2025.04.01	00:57:40.974	1.29146				2
2025.04.01	00:57:45.284	1.29147				2
2025.04.01	00:57:45.589	1.29148				2
2025.04.01	00:57:45.894	1.29147				2
2025.04.01	00:57:48.362	1.29145	1.29185			6
2025.04.01	00:57:49.589	1.29144				2
2025.04.01	00:57:50.207	1.29143				2
2025.04.01	00:57:50.509	1.29145				2
2025.04.01	00:57:50.820	1.29146				2
2025.04.01	00:57:51.131	1.29147				2
2025.04.01	00:57:51.745	1.29143				2
2025.04.01	00:57:53.281	1.29141				2
2025.04.01	00:57:54.820	1.29144				2
2025.04.01	00:57:55.129	1.29141				2
2025.04.01	00:57:56.055	1.29142				2
2025.04.01	00:57:58.205	1.29141				2
2025.04.01	00:57:58.512	1.29143				2
2025.04.01	00:57:59.128	1.29146	1.29193			6
2025.04.01	00:58:00.052	1.29146				2
2025.04.01	00:58:02.209	1.29147				2
2025.04.01	00:58:02.513	1.29146				2
2025.04.01	00:58:08.659	1.29147				2
2025.04.01	00:58:11.115	1.29148				2
2025.04.01	00:58:15.113	1.29152	1.29196			6
2025.04.01	00:58:15.420	1.29150				2
2025.04.01	00:58:22.182	1.29149				2
2025.04.01	00:58:24.035	1.29151				2
2025.04.01	00:58:24.340	1.29152				2
2025.04.01	00:58:24.957	1.29153				2
2025.04.01	00:58:26.190	1.29152				2
2025.04.01	00:58:26.490	1.29153				2
2025.04.01	00:58:28.964	1.29152				2
2025.04.01	00:58:29.272	1.29149	1.29186			6
2025.04.01	00:58:29.577	1.29148				2
2025.04.01	00:58:29.879	1.29149				2
2025.04.01	00:58:34.184	1.29148				2
2025.04.01	00:58:35.415	1.29149				2
2025.04.01	00:58:39.108	1.29150				2
2025.04.01	00:58:40.028	1.29151	1.29177			6
2025.04.01	00:58:40.336	1.29148				2
2025.04.01	00:58:42.799	1.29147				2
2025.04.01	00:58:44.029	1.29148				2
2025.04.01	00:58:44.341	1.29150	1.29186			6
2025.04.01	00:58:44.644	1.29143	1.29192			6
2025.04.01	00:58:44.946	1.29142				2
2025.04.01	00:58:46.806	1.29147	1.29198			6
2025.04.01	00:58:47.114	1.29144	1.29197			6
2025.04.01	00:58:47.418	1.29142				2
2025.04.01	00:58:48.643	1.29141				2
2025.04.01	00:58:52.643	1.29142				2
2025.04.01	00:58:54.490		1.29194			4
2025.04.01	00:58:56.644	1.29143				2
2025.04.01	00:58:58.176	1.29150	1.29203			6
2025.04.01	00:59:00.028	1.29150				2
2025.04.01	00:59:00.333	1.29149	1.29200			6
2025.04.01	00:59:00.640	1.29150	1.29204			6
2025.04.01	00:59:02.483	1.29148	1.29200			6
2025.04.01	00:59:03.717	1.29150				2
2025.04.01	00:59:08.019	1.29152				2
2025.04.01	00:59:08.321	1.29153				2
2025.04.01	00:59:08.940	1.29154				2
2025.04.01	00:59:09.861	1.29153				2
2025.04.01	00:59:10.161	1.29152				2
2025.04.01	00:59:12.007	1.29153				2
2025.04.01	00:59:12.313		1.29211			4
2025.04.01	00:59:12.626	1.29164	1.29223			6
2025.04.01	00:59:13.531	1.29167	1.29224			6
2025.04.01	00:59:17.211	1.29168				2
2025.04.01	00:59:18.133	1.29167				2
2025.04.01	00:59:21.511	1.29168				2
2025.04.01	00:59:24.895	1.29167	1.29222			6
2025.04.01	00:59:25.198	1.29180	1.29239			6
2025.04.01	00:59:27.357	1.29182				2
2025.04.01	00:59:29.516	1.29180				2
2025.04.01	00:59:30.745	1.29181				2
2025.04.01	00:59:32.893	1.29180				2
2025.04.01	00:59:33.200	1.29182	1.29236			6
2025.04.01	00:59:33.506	1.29183				2
2025.04.01	00:59:33.818	1.29181				2
2025.04.01	00:59:35.662	1.29187	1.29239			6
2025.04.01	00:59:35.965	1.29185	1.29237			6
2025.04.01	00:59:36.579	1.29179	1.29226			6
2025.04.01	00:59:36.889	1.29173				2
2025.04.01	00:59:37.497	1.29174				2
2025.04.01	00:59:40.267	1.29173				2
2025.04.01	00:59:40.570	1.29172				2
2025.04.01	00:59:42.417		1.29225			4
2025.04.01	00:59:43.958		1.29220			4
2025.04.01	00:59:44.261	1.29165	1.29216			6
2025.04.01	00:59:45.491	1.29162	1.29226			6
2025.04.01	00:59:45.801	1.29168				2
2025.04.01	00:59:46.409	1.29165	1.29222			6
2025.04.01	00:59:46.720	1.29164	1.29221			6
2025.04.01	00:59:48.248	1.29163	1.29217			6
2025.04.01	00:59:48.566	1.29164				2
2025.04.01	00:59:49.795	1.29163				2
2025.04.01	00:59:50.714	1.29162	1.29213			6
2025.04.01	00:59:51.022	1.29160				2
2025.04.01	00:59:52.562	1.29159	1.29209			6
2025.04.01	00:59:54.095	1.29160				2
2025.04.01	00:59:54.405		1.29214			4
2025.04.01	00:59:55.023		1.29208			4
2025.04.01	00:59:56.247	1.29159				2
2025.04.01	00:59:56.869	1.29153	1.29201			6
2025.04.01	00:59:58.095	1.29154				2
2025.04.01	01:00:00.243	1.29149	1.29221			6
2025.04.01	01:00:00.553	1.29156	1.29215			6
2025.04.01	01:00:00.858	1.29143	1.29208			6
2025.04.01	01:00:01.159	1.29137	1.29201			6
2025.04.01	01:00:01.469	1.29136	1.29203			6
2025.04.01	01:00:01.778	1.29135	1.29201			6
2025.04.01	01:00:02.080	1.29133	1.29199			6
2025.04.01	01:00:02.391	1.29126	1.29205			6
2025.04.01	01:00:02.706	1.29127	1.29203			6
2025.04.01	01:00:03.016		1.29206			4
2025.04.01	01:00:03.330		1.29204			4
2025.04.01	01:00:03.632		1.29205			4
2025.04.01	01:00:04.250	1.29132	1.29207			6
2025.04.01	01:00:04.556	1.29131				2
2025.04.01	01:00:04.865	1.29132	1.29196			6
2025.04.01	01:00:05.175	1.29134				2
2025.04.01	01:00:06.713	1.29138				2
2025.04.01	01:00:07.331	1.29137				2
2025.04.01	01:00:07.643	1.29138				2
2025.04.01	01:00:07.948	1.29132	1.29195			6
2025.04.01	01:00:08.257	1.29131				2
2025.04.01	01:00:08.568	1.29132				2
2025.04.01	01:00:08.882	1.29131	1.29196			6
2025.04.01	01:00:09.184	1.29132				2
2025.04.01	01:00:09.490	1.29135				2
2025.04.01	01:00:09.802	1.29134				2
2025.04.01	01:00:10.112	1.29135	1.29195			6
2025.04.01	01:00:10.419	1.29136				2
2025.04.01	01:00:10.726	1.29132	1.29198			6
2025.04.01	01:00:11.030	1.29134	1.29197			6
2025.04.01	01:00:11.349	1.29135	1.29203			6
2025.04.01	01:00:11.652		1.29202			4
2025.04.01	01:00:11.959	1.29136				2
2025.04.01	01:00:12.268	1.29135	1.29203			6
2025.04.01	01:00:12.578	1.29137				2
2025.04.01	01:00:12.889		1.29202			4
2025.04.01	01:00:13.192		1.29204			4
2025.04.01	01:00:14.428		1.29205			4
2025.04.01	01:00:14.733		1.29204			4
2025.04.01	01:00:15.044		1.29203			4
2025.04.01	01:00:15.351	1.29136				2
2025.04.01	01:00:15.661		1.29198			4
2025.04.01	01:00:15.963	1.29165	1.29201			6
2025.04.01	01:00:16.271	1.29168				2
2025.04.01	01:00:16.575	1.29166				2
2025.04.01	01:00:16.886		1.29198			4
2025.04.01	01:00:17.497	1.29167				2
2025.04.01	01:00:17.803	1.29166				2
2025.04.01	01:00:18.109	1.29165				2
2025.04.01	01:00:18.412		1.29199			4
2025.04.01	01:00:19.336		1.29196			4
2025.04.01	01:00:19.947	1.29156	1.29166			6
2025.04.01	01:00:20.265	1.29160	1.29173			6
2025.04.01	01:00:20.879	1.29159	1.29171			6
2025.04.01	01:00:22.422	1.29166	1.29176			6
2025.04.01	01:00:22.725	1.29161	1.29174			6
2025.04.01	01:00:23.033	1.29163				2
2025.04.01	01:00:26.399	1.29166				2
2025.04.01	01:00:27.617	1.29162	1.29167			6
2025.04.01	01:00:27.931	1.29166				2
2025.04.01	01:00:28.845		1.29174			4
2025.04.01	01:00:29.153		1.29167			4
2025.04.01	01:00:29.460		1.29174			4
2025.04.01	01:00:37.429	1.29161				2
2025.04.01	01:00:37.732		1.29173			4
2025.04.01	01:00:43.236		1.29171			4
2025.04.01	01:00:44.468	1.29160	1.29167			6
2025.04.01	01:00:44.775		1.29170			4
2025.04.01	01:00:46.625	1.29157	1.29169			6
2025.04.01	01:00:46.938	1.29159	1.29166			6
2025.04.01	01:00:49.402		1.29165			4
2025.04.01	01:00:50.931	1.29157	1.29166			6
2025.04.01	01:00:59.242	1.29151	1.29163			6
2025.04.01	01:00:59.547		1.29162			4
2025.04.01	01:01:00.158	1.29151				2
2025.04.01	01:01:02.601	1.29155	1.29160			6
2025.04.01	01:01:03.213	1.29156	1.29165			6
2025.04.01	01:01:03.519	1.29155	1.29164			6
2025.04.01	01:01:04.427	1.29156				2
2025.04.01	01:01:09.015	1.29155	1.29160			6
2025.04.01	01:01:10.839	1.29154	1.29159			6
2025.04.01	01:01:12.355	1.29155	1.29160			6
2025.04.01	01:01:12.659	1.29158	1.29161			6
2025.04.01	01:01:15.990		1.29163			4
2025.04.01	01:01:18.434		1.29161			4
2025.04.01	01:01:19.970	1.29168	1.29169			6
2025.04.01	01:01:20.272		1.29170			4
2025.04.01	01:01:21.493		1.29171			4
2025.04.01	01:01:24.843	1.29169				2
2025.04.01	01:01:26.059	1.29171	1.29175			6
2025.04.01	01:01:26.365		1.29174			4
2025.04.01	01:01:26.669	1.29170	1.29172			6
2025.04.01	01:01:27.281	1.29171	1.29173			6
2025.04.01	01:01:27.586	1.29173	1.29177			6
2025.04.01	01:01:27.896	1.29172				2
2025.04.01	01:01:33.100	1.29171	1.29176			6
2025.04.01	01:01:34.326		1.29175			4
2025.04.01	01:01:38.617	1.29176	1.29180			6
2025.04.01	01:01:38.923	1.29183	1.29185			6
2025.04.01	01:01:39.234	1.29184	1.29187			6
2025.04.01	01:01:39.537		1.29186			4
2025.04.01	01:01:40.148		1.29187			4
2025.04.01	01:01:40.460	1.29185	1.29190			6
2025.04.01	01:01:41.372	1.29184	1.29189			6
2025.04.01	01:01:42.280	1.29185	1.29190			6
2025.04.01	01:01:44.722	1.29184	1.29189			6
2025.04.01	01:01:47.774	1.29185	1.29190			6
2025.04.01	01:02:00.009	1.29185				2
2025.04.01	01:02:00.316	1.29188	1.29193			6
2025.04.01	01:02:01.535	1.29190	1.29195			6
2025.04.01	01:02:22.557	1.29188	1.29193			6
2025.04.01	01:02:28.739	1.29187	1.29192			6
2025.04.01	01:02:29.042	1.29188				2
2025.04.01	01:02:29.974		1.29193			4
2025.04.01	01:02:33.973		1.29192			4
2025.04.01	01:02:34.278		1.29193			4
2025.04.01	01:02:49.690		1.29192			4
2025.04.01	01:02:52.478		1.29191			4
2025.04.01	01:02:53.098	1.29187				2
2025.04.01	01:02:57.411		1.29192			4
2025.04.01	01:03:00.202	1.29187				2
2025.04.01	01:03:00.503	1.29191	1.29194			6
2025.04.01	01:03:05.430	1.29190				2
2025.04.01	01:03:11.608	1.29191				2
2025.04.01	01:03:12.535	1.29190				2
2025.04.01	01:03:12.844	1.29188	1.29193			6
2025.04.01	01:03:20.227	1.29189	1.29194			6
2025.04.01	01:03:29.163	1.29188	1.29193			6
2025.04.01	01:03:39.916	1.29187	1.29192			6
2025.04.01	01:03:41.444	1.29188	1.29193			6
2025.04.01	01:04:00.130	1.29188				2
2025.04.01	01:04:06.263	1.29189				2
2025.04.01	01:04:07.478		1.29194			4
2025.04.01	01:04:09.016	1.29188	1.29193			6
2025.04.01	01:04:41.947	1.29189	1.29194			6
2025.04.01	01:04:59.211	1.29188	1.29193			6
2025.04.01	01:05:00.127	1.29188				2
2025.04.01	01:05:05.987	1.29190	1.29195			6
2025.04.01	01:05:16.161	1.29189	1.29194			6
2025.04.01	01:05:44.815	1.29188	1.29193			6
2025.04.01	01:05:47.902	1.29189	1.29194			6
2025.04.01	01:05:56.532	1.29188	1.29193			6
2025.04.01	01:06:00.230	1.29188				2
2025.04.01	01:06:07.004	1.29189	1.29194			6
2025.04.01	01:06:07.309	1.29188	1.29193			6
2025.04.01	01:06:10.077	1.29192	1.29197			6
2025.04.01	01:06:10.996	1.29193	1.29198			6
2025.04.01	01:06:11.616	1.29195	1.29200			6
2025.04.01	01:06:11.920	1.29196	1.29201			6
2025.04.01	01:06:12.227	1.29195	1.29200			6
2025.04.01	01:06:15.306	1.29196	1.29201			6
2025.04.01	01:06:15.618	1.29197	1.29202			6
2025.04.01	01:06:15.925	1.29196	1.29201			6
2025.04.01	01:06:16.233	1.29199	1.29203			6
2025.04.01	01:06:16.544		1.29202			4
2025.04.01	01:06:18.083		1.29203			4
2025.04.01	01:06:25.161		1.29202			4
2025.04.01	01:06:27.635	1.29200	1.29203			6
2025.04.01	01:06:27.937	1.29201				2
2025.04.01	01:06:33.796	1.29202				2
2025.04.01	01:06:34.100	1.29199	1.29202			6
2025.04.01	01:06:37.787		1.29201			4
2025.04.01	01:06:39.645		1.29202			4
2025.04.01	01:06:40.566		1.29201			4
2025.04.01	01:06:50.432	1.29204	1.29207			6
2025.04.01	01:06:50.738	1.29205	1.29209			6
2025.04.01	01:06:51.674		1.29210			4
2025.04.01	01:07:00.301	1.29203	1.29208			6
2025.04.01	01:07:02.149	1.29204	1.29209			6
2025.04.01	01:07:05.537	1.29203	1.29208			6
2025.04.01	01:07:25.296	1.29204	1.29209			6
2025.04.01	01:07:26.526	1.29203	1.29208			6
2025.04.01	01:07:30.235		1.29205			4
2025.04.01	01:07:30.544	1.29205	1.29208			6
2025.04.01	01:07:30.853	1.29203	1.29205			6
2025.04.01	01:07:31.158	1.29205	1.29208			6
2025.04.01	01:07:31.472	1.29203	1.29205			6
2025.04.01	01:07:31.775	1.29205	1.29208			6
2025.04.01	01:07:32.082	1.29203	1.29205			6
2025.04.01	01:07:32.401	1.29205	1.29208			6
2025.04.01	01:07:32.703	1.29203	1.29205			6
2025.04.01	01:07:33.014	1.29205	1.29208			6
2025.04.01	01:07:33.318	1.29203	1.29205			6
2025.04.01	01:07:33.628	1.29205	1.29208			6
2025.04.01	01:07:33.937	1.29203				2
2025.04.01	01:07:43.185	1.29204	1.29209			6
2025.04.01	01:07:47.804	1.29203	1.29208			6
2025.04.01	01:07:48.116	1.29200	1.29205			6
2025.04.01	01:07:50.584	1.29199	1.29204			6
2025.04.01	01:07:53.367	1.29200	1.29205			6
2025.04.01	01:07:59.537		1.29204			4
2025.04.01	01:08:00.148	1.29200				2
2025.04.01	01:08:00.452	1.29202	1.29207			6
2025.04.01	01:08:00.755	1.29203	1.29208			6
2025.04.01	01:08:08.146	1.29202	1.29207			6
2025.04.01	01:08:08.456	1.29204	1.29209			6
2025.04.01	01:08:09.687	1.29205	1.29210			6
2025.04.01	01:08:10.314	1.29206	1.29211			6
2025.04.01	01:08:14.322	1.29203	1.29208			6
2025.04.01	01:08:14.625	1.29202	1.29207			6
2025.04.01	01:08:15.250	1.29205	1.29210			6
2025.04.01	01:08:15.557	1.29204	1.29209			6
2025.04.01	01:08:20.827		1.29208			4
2025.04.01	01:08:21.134	1.29200	1.29205			6
2025.04.01	01:08:21.437	1.29202	1.29207			6
2025.04.01	01:08:22.356	1.29204	1.29208			6
2025.04.01	01:08:26.669	1.29203				2
2025.04.01	01:08:26.975	1.29204	1.29206			6
2025.04.01	01:08:27.276	1.29201				2
2025.04.01	01:08:27.580	1.29205	1.29210			6
2025.04.01	01:08:28.192	1.29206	1.29211			6
2025.04.01	01:08:28.495	1.29204	1.29209			6
2025.04.01	01:08:28.802	1.29203	1.29208			6
2025.04.01	01:08:29.425	1.29202	1.29207			6
2025.04.01	01:08:29.727	1.29203	1.29208			6
2025.04.01	01:08:30.661	1.29204	1.29209			6
2025.04.01	01:08:32.196	1.29205	1.29210			6
2025.04.01	01:08:32.508	1.29206	1.29211			6
2025.04.01	01:08:32.811	1.29205	1.29210			6
2025.04.01	01:08:33.436	1.29204	1.29209			6
2025.04.01	01:08:33.744	1.29203	1.29208			6
2025.04.01	01:08:34.047	1.29202	1.29207			6
2025.04.01	01:08:34.666		1.29206			4
2025.04.01	01:08:34.977		1.29207			4
2025.04.01	01:08:36.212		1.29206			4
2025.04.01	01:08:37.446	1.29203				2
2025.04.01	01:08:38.376	1.29208	1.29213			6
2025.04.01	01:08:39.300	1.29207	1.29212			6
2025.04.01	01:08:39.606	1.29206	1.29211			6
2025.04.01	01:08:42.378	1.29204	1.29209			6
2025.04.01	01:08:42.684	1.29203	1.29208			6
2025.04.01	01:08:43.303	1.29204	1.29209			6
2025.04.01	01:08:43.914	1.29205	1.29210			6
2025.04.01	01:08:44.227	1.29204	1.29209			6
2025.04.01	01:08:45.148	1.29203	1.29208			6
2025.04.01	01:08:46.683	1.29204	1.29209			6
2025.04.01	01:08:46.991	1.29203	1.29208			6
2025.04.01	01:08:47.918	1.29202	1.29207			6
2025.04.01	01:08:49.150	1.29203	1.29208			6
2025.04.01	01:08:53.769	1.29205	1.29210			6
2025.04.01	01:08:55.004	1.29204	1.29209			6
2025.04.01	01:08:56.242	1.29205	1.29210			6
2025.04.01	01:08:58.087	1.29203	1.29208			6
2025.04.01	01:08:59.629	1.29204	1.29209			6
2025.04.01	01:09:00.243	1.29206	1.29208			6
2025.04.01	01:09:01.465	1.29204	1.29209			6
2025.04.01	01:09:01.785	1.29203	1.29208			6
2025.04.01	01:09:02.091	1.29201	1.29206			6
2025.04.01	01:09:02.713	1.29202	1.29207			6
2025.04.01	01:09:04.252	1.29201	1.29206			6
2025.04.01	01:09:04.870	1.29202	1.29207			6
2025.04.01	01:09:06.098	1.29203	1.29208			6
2025.04.01	01:09:06.406	1.29202	1.29207			6
2025.04.01	01:09:06.714	1.29201	1.29206			6
2025.04.01	01:09:11.027	1.29202	1.29207			6
2025.04.01	01:09:11.329	1.29201	1.29206			6
2025.04.01	01:09:13.191	1.29202	1.29207			6
2025.04.01	01:09:13.504	1.29203	1.29208			6
2025.04.01	01:09:14.116	1.29202	1.29207			6
2025.04.01	01:09:19.985		1.29206			4
2025.04.01	01:09:25.839		1.29207			4
2025.04.01	01:09:26.763		1.29206			4
2025.04.01	01:09:31.390		1.29207			4
2025.04.01	01:09:33.851	1.29201	1.29206			6
2025.04.01	01:09:39.716	1.29202	1.29207			6
2025.04.01	01:09:40.027	1.29201	1.29205			6
2025.04.01	01:09:40.955	1.29203	1.29208			6
2025.04.01	01:09:45.876	1.29201	1.29206			6
2025.04.01	01:09:46.189	1.29202	1.29207			6
2025.04.01	01:09:46.495	1.29199	1.29204			6
2025.04.01	01:09:47.429	1.29201				2
2025.04.01	01:09:48.058	1.29200				2
2025.04.01	01:10:00.086	1.29200				2
2025.04.01	01:10:00.393	1.29199				2
2025.04.01	01:10:42.648	1.29200				2
2025.04.01	01:10:42.956		1.29205			4
2025.04.01	01:10:43.263	1.29202				2
2025.04.01	01:10:43.565		1.29206			4
2025.04.01	01:10:44.496	1.29208	1.29213			6
2025.04.01	01:10:45.119	1.29207	1.29212			6
2025.04.01	01:10:46.036	1.29206	1.29211			6
2025.04.01	01:10:46.351	1.29205	1.29210			6
2025.04.01	01:10:50.344	1.29202	1.29207			6
2025.04.01	01:10:50.652		1.29206			4
2025.04.01	01:10:52.496		1.29207			4
2025.04.01	01:10:52.807		1.29206			4
2025.04.01	01:10:55.258	1.29205	1.29210			6
2025.04.01	01:10:55.566	1.29206	1.29211			6
2025.04.01	01:10:55.867	1.29205	1.29210			6
2025.04.01	01:10:56.176		1.29211			4
2025.04.01	01:10:56.482	1.29206	1.29212			6
2025.04.01	01:10:58.321		1.29211			4
2025.04.01	01:11:00.160	1.29206				2
2025.04.01	01:11:00.464	1.29205	1.29210			6
2025.04.01	01:11:01.386	1.29202	1.29207			6
2025.04.01	01:11:01.997		1.29206			4
2025.04.01	01:11:02.303	1.29201				2
2025.04.01	01:11:02.606	1.29202	1.29208			6
2025.04.01	01:11:02.919		1.29207			4
2025.04.01	01:11:05.061	1.29203	1.29209			6
2025.04.01	01:11:05.366	1.29202	1.29208			6
2025.04.01	01:11:06.281	1.29203	1.29209			6
2025.04.01	01:11:06.587	1.29202	1.29208			6
2025.04.01	01:11:07.201	1.29203	1.29209			6
2025.04.01	01:11:07.814	1.29204	1.29206			6
2025.04.01	01:11:08.123	1.29202	1.29207			6
2025.04.01	01:11:08.425	1.29203	1.29209			6
2025.04.01	01:11:10.258	1.29202	1.29208			6
2025.04.01	01:11:12.716	1.29204	1.29210			6
2025.04.01	01:11:13.025	1.29202	1.29207			6
2025.04.01	01:11:13.334		1.29206			4
2025.04.01	01:11:13.642		1.29207			4
2025.04.01	01:11:22.234	1.29203	1.29208			6
2025.04.01	01:11:24.084	1.29202	1.29207			6
2025.04.01	01:11:26.237	1.29201	1.29206			6
2025.04.01	01:11:30.532		1.29205			4
2025.04.01	01:11:31.771		1.29206			4
2025.04.01	01:11:34.847		1.29204			4
2025.04.01	01:11:35.154	1.29196	1.29197			6
2025.04.01	01:11:35.459	1.29189	1.29194			6
2025.04.01	01:11:36.396	1.29194	1.29198			6
2025.04.01	01:11:36.701		1.29200			4
2025.04.01	01:11:37.004		1.29199			4
2025.04.01	01:11:38.233	1.29193				2
2025.04.01	01:11:38.533	1.29192	1.29198			6
2025.04.01	01:11:39.156	1.29191	1.29197			6
2025.04.01	01:11:39.773	1.29192	1.29198			6
2025.04.01	01:11:42.234	1.29193	1.29199			6
2025.04.01	01:11:42.538	1.29192	1.29198			6
2025.04.01	01:11:45.924	1.29193	1.29199			6
2025.04.01	01:11:46.225	1.29192	1.29198			6
2025.04.01	01:11:46.839	1.29189	1.29194			6
2025.04.01	01:11:47.453	1.29188				2
2025.04.01	01:11:48.072	1.29187	1.29193			6
2025.04.01	01:11:53.604	1.29188				2
2025.04.01	01:11:54.521	1.29186	1.29192			6
2025.04.01	01:11:55.138	1.29189				2
2025.04.01	01:11:55.443	1.29184	1.29190			6
2025.04.01	01:12:00.063	1.29184				2
2025.04.01	01:12:03.144	1.29185	1.29191			6
2025.04.01	01:12:04.062	1.29184	1.29190			6
2025.04.01	01:12:08.995	1.29185	1.29191			6
2025.04.01	01:12:17.289	1.29183	1.29189			6
2025.04.01	01:12:17.902	1.29184	1.29190			6
2025.04.01	01:12:18.212	1.29185	1.29191			6
2025.04.01	01:12:18.518	1.29184	1.29190			6
2025.04.01	01:12:20.051	1.29185	1.29191			6
2025.04.01	01:12:20.661	1.29183	1.29189			6
2025.04.01	01:12:21.585	1.29184	1.29190			6
2025.04.01	01:12:22.205	1.29183	1.29189			6
2025.04.01	01:12:24.358	1.29184				2
2025.04.01	01:12:24.668		1.29190			4
2025.04.01	01:12:28.664	1.29185				2
2025.04.01	01:12:30.823	1.29184	1.29189			6
2025.04.01	01:12:31.746	1.29185	1.29190			6
2025.04.01	01:12:32.055	1.29184	1.29189			6
2025.04.01	01:12:32.985	1.29183	1.29188			6
2025.04.01	01:12:33.288	1.29185	1.29190			6
2025.04.01	01:12:33.596	1.29184	1.29189			6
2025.04.01	01:12:33.905	1.29185	1.29190			6
2025.04.01	01:12:34.207	1.29184	1.29189			6
2025.04.01	01:12:35.136	1.29185	1.29190			6
2025.04.01	01:12:36.052	1.29184	1.29189			6
2025.04.01	01:12:36.358	1.29183	1.29188			6
2025.04.01	01:12:36.971	1.29184	1.29189			6
2025.04.01	01:12:40.046	1.29183	1.29188			6
2025.04.01	01:12:41.583	1.29184	1.29189			6
2025.04.01	01:12:41.895	1.29185	1.29190			6
2025.04.01	01:12:42.509	1.29184	1.29189			6
2025.04.01	01:12:42.816	1.29185	1.29190			6
2025.04.01	01:12:43.738	1.29183	1.29188			6
2025.04.01	01:12:44.658	1.29184	1.29189			6
2025.04.01	01:12:45.276	1.29183	1.29188			6
2025.04.01	01:12:48.044	1.29185	1.29190			6
2025.04.01	01:12:48.349	1.29183	1.29188			6
2025.04.01	01:12:49.270	1.29182	1.29187			6
2025.04.01	01:12:53.279	1.29184	1.29189			6
2025.04.01	01:12:55.121	1.29183	1.29188			6
2025.04.01	01:12:58.204	1.29184	1.29189			6
2025.04.01	01:12:58.512	1.29182	1.29187			6
2025.04.01	01:12:59.133	1.29184	1.29189			6
2025.04.01	01:13:00.050	1.29184				2
2025.04.01	01:13:02.513	1.29183	1.29188			6
2025.04.01	01:13:02.824	1.29184	1.29189			6
2025.04.01	01:13:04.972	1.29185	1.29190			6
2025.04.01	01:13:05.280	1.29184	1.29189			6
2025.04.01	01:13:06.511	1.29185	1.29190			6
2025.04.01	01:13:08.356	1.29184	1.29189			6
2025.04.01	01:13:16.346	1.29183	1.29188			6
2025.04.01	01:13:16.652	1.29184	1.29189			6
2025.04.01	01:13:16.960	1.29183	1.29188			6
2025.04.01	01:13:21.262	1.29184	1.29189			6
2025.04.01	01:13:21.573	1.29183	1.29188			6
2025.04.01	01:13:21.878	1.29184	1.29189			6
2025.04.01	01:13:23.418	1.29183	1.29188			6
2025.04.01	01:13:36.020	1.29182	1.29187			6
2025.04.01	01:13:36.327	1.29183	1.29188			6
2025.04.01	01:13:37.244	1.29182	1.29187			6
2025.04.01	01:13:39.698	1.29183	1.29188			6
2025.04.01	01:13:40.306	1.29182	1.29187			6
2025.04.01	01:13:41.536	1.29184	1.29189			6
2025.04.01	01:13:42.452	1.29182	1.29187			6
2025.04.01	01:13:43.686	1.29184	1.29189			6
2025.04.01	01:13:44.601	1.29182	1.29187			6
2025.04.01	01:13:46.735	1.29183	1.29188			6
2025.04.01	01:13:51.325	1.29182	1.29187			6
2025.04.01	01:13:51.636	1.29184	1.29189			6
2025.04.01	01:13:54.398	1.29182	1.29187			6
2025.04.01	01:14:00.212	1.29183	1.29188			6
2025.04.01	01:14:00.517	1.29185	1.29190			6
2025.04.01	01:14:00.824	1.29184	1.29189			6
2025.04.01	01:14:02.671	1.29183	1.29188			6
2025.04.01	01:14:05.433	1.29184	1.29189			6
2025.04.01	01:14:06.040	1.29185	1.29190			6
2025.04.01	01:14:07.269	1.29184	1.29189			6
2025.04.01	01:14:09.419	1.29182	1.29187			6
2025.04.01	01:14:10.035	1.29184	1.29189			6
2025.04.01	01:14:14.342	1.29185	1.29190			6
2025.04.01	01:14:15.262	1.29184	1.29189			6
2025.04.01	01:14:15.571	1.29182	1.29187			6
2025.04.01	01:14:20.818	1.29183	1.29188			6
2025.04.01	01:14:22.053	1.29182	1.29187			6
2025.04.01	01:14:22.979	1.29183	1.29188			6
2025.04.01	01:14:23.292	1.29184	1.29189			6
2025.04.01	01:14:41.171	1.29183	1.29188			6
2025.04.01	01:14:43.019	1.29184	1.29189			6
2025.04.01	01:14:47.642	1.29183	1.29188			6
2025.04.01	01:14:48.566	1.29184	1.29189			6
2025.04.01	01:15:00.274	1.29183	1.29188			6
2025.04.01	01:15:01.508	1.29182	1.29187			6
2025.04.01	01:15:02.433	1.29183	1.29188			6
2025.04.01	01:15:03.666	1.29182	1.29187			6
2025.04.01	01:15:03.978	1.29183	1.29188			6
2025.04.01	01:15:04.282	1.29184	1.29189			6
2025.04.01	01:15:05.834	1.29183	1.29188			6
2025.04.01	01:15:06.444	1.29184	1.29189			6
2025.04.01	01:15:09.522	1.29180	1.29184			6
2025.04.01	01:15:09.826	1.29178	1.29183			6
2025.04.01	01:15:10.750	1.29179	1.29184			6
2025.04.01	01:15:12.289	1.29180				2
2025.04.01	01:15:12.596	1.29179				2
2025.04.01	01:15:14.137	1.29180				2
2025.04.01	01:15:14.448	1.29179				2
2025.04.01	01:15:15.684	1.29180				2
2025.04.01	01:15:16.296	1.29179				2
2025.04.01	01:15:33.555	1.29178	1.29183			6
2025.04.01	01:15:34.176	1.29179	1.29184			6
2025.04.01	01:15:40.340	1.29180				2
2025.04.01	01:15:40.953	1.29179				2
2025.04.01	01:15:41.267	1.29180	1.29185			6
2025.04.01	01:15:41.576	1.29179	1.29184			6
2025.04.01	01:15:46.811		1.29183			4
2025.04.01	01:15:47.116		1.29184			4
2025.04.01	01:15:48.044		1.29183			4
2025.04.01	01:15:48.352		1.29184			4
2025.04.01	01:15:50.195	1.29180	1.29185			6
2025.04.01	01:15:51.123	1.29179	1.29184			6
2025.04.01	01:15:57.589	1.29178	1.29183			6
2025.04.01	01:16:00.051	1.29179	1.29184			6
2025.04.01	01:16:00.672	1.29180	1.29185			6
2025.04.01	01:16:06.218	1.29179	1.29184			6
2025.04.01	01:16:07.754	1.29180	1.29185			6
2025.04.01	01:16:11.152	1.29179	1.29184			6
2025.04.01	01:16:12.078	1.29180	1.29185			6
2025.04.01	01:16:13.004	1.29179	1.29184			6
2025.04.01	01:16:13.310	1.29178	1.29183			6
2025.04.01	01:16:14.238	1.29179	1.29184			6
2025.04.01	01:16:15.167	1.29178	1.29183			6
2025.04.01	01:16:15.781	1.29179	1.29184			6
2025.04.01	01:16:22.844	1.29180	1.29185			6
2025.04.01	01:16:26.528	1.29179	1.29184			6
2025.04.01	01:16:26.832	1.29180	1.29185			6
2025.04.01	01:16:27.764	1.29181	1.29186			6
2025.04.01	01:16:29.617	1.29180	1.29185			6
2025.04.01	01:16:31.764	1.29179	1.29184			6
2025.04.01	01:16:32.387	1.29180	1.29185			6
2025.04.01	01:16:34.234	1.29179	1.29184			6
2025.04.01	01:16:34.535	1.29178	1.29183			6
2025.04.01	01:16:34.851	1.29179	1.29184			6
2025.04.01	01:16:35.152	1.29180				2
2025.04.01	01:16:35.773	1.29181	1.29185			6
2025.04.01	01:16:36.074		1.29186			4
2025.04.01	01:16:36.388	1.29182	1.29187			6
2025.04.01	01:16:36.695	1.29181	1.29186			6
2025.04.01	01:16:38.239	1.29182	1.29187			6
2025.04.01	01:16:39.163	1.29181	1.29186			6
2025.04.01	01:16:39.471		1.29185			4
2025.04.01	01:16:39.778		1.29186			4
2025.04.01	01:16:40.086	1.29180	1.29185			6
2025.04.01	01:16:40.703	1.29179	1.29184			6
2025.04.01	01:16:53.027	1.29188	1.29191			6
2025.04.01	01:16:53.649		1.29193			4
2025.04.01	01:16:53.953	1.29189	1.29194			6
2025.04.01	01:16:54.263		1.29195			4
2025.04.01	01:16:54.576	1.29190				2
2025.04.01	01:16:54.884	1.29189				2
2025.04.01	01:16:58.576	1.29190	1.29196			6
2025.04.01	01:16:59.807	1.29189	1.29195			6
2025.04.01	01:17:00.120	1.29190				2
2025.04.01	01:17:00.426	1.29192	1.29197			6
2025.04.01	01:17:01.042		1.29196			4
2025.04.01	01:17:02.587	1.29195				2
2025.04.01	01:17:02.895	1.29198	1.29203			6
2025.04.01	01:17:05.050	1.29197				2
2025.04.01	01:17:12.747	1.29198				2
2025.04.01	01:17:18.605	1.29197				2
2025.04.01	01:17:18.914	1.29198				2
2025.04.01	01:17:22.294	1.29197				2
2025.04.01	01:17:22.609	1.29198				2
2025.04.01	01:17:27.232	1.29197				2
2025.04.01	01:17:27.536	1.29198				2
2025.04.01	01:17:36.169	1.29199				2
2025.04.01	01:17:36.471	1.29198				2
2025.04.01	01:17:46.958	1.29199				2
2025.04.01	01:17:56.510	1.29198				2
2025.04.01	01:17:56.814	1.29202				2
2025.04.01	01:17:57.739		1.29204			4
2025.04.01	01:18:00.210	1.29202				2
2025.04.01	01:18:00.513	1.29200				2
2025.04.01	01:18:01.439	1.29198	1.29203			6
2025.04.01	01:18:02.070	1.29199	1.29204			6
2025.04.01	01:18:02.372	1.29198	1.29203			6
2025.04.01	01:18:05.753	1.29199				2
2025.04.01	01:18:16.242		1.29204			4
2025.04.01	01:18:16.552		1.29203			4
2025.04.01	01:18:26.404	1.29197	1.29202			6
2025.04.01	01:18:29.184	1.29198				2
2025.04.01	01:18:31.350	1.29199				2
2025.04.01	01:18:31.660	1.29197				2
2025.04.01	01:18:32.896	1.29198				2
2025.04.01	01:18:33.198	1.29197				2
2025.04.01	01:18:33.510	1.29187	1.29192			6
2025.04.01	01:18:34.132	1.29185	1.29191			6
2025.04.01	01:18:34.744	1.29186	1.29192			6
2025.04.01	01:18:36.294	1.29188	1.29193			6
2025.04.01	01:18:36.903	1.29187				2
2025.04.01	01:18:37.211	1.29188				2
2025.04.01	01:18:37.829	1.29187				2
2025.04.01	01:18:38.751	1.29188				2
2025.04.01	01:18:39.368	1.29187				2
2025.04.01	01:18:41.215	1.29191	1.29194			6
2025.04.01	01:18:41.827	1.29188	1.29193			6
2025.04.01	01:18:42.138	1.29191	1.29194			6
2025.04.01	01:18:42.448	1.29187	1.29193			6
2025.04.01	01:18:47.088	1.29188	1.29194			6
2025.04.01	01:18:51.706	1.29189	1.29195			6
2025.04.01	01:18:52.013	1.29188	1.29194			6
2025.04.01	01:18:52.320	1.29189				2
2025.04.01	01:18:57.873	1.29188	1.29193			6
2025.04.01	01:18:58.179		1.29194			4
2025.04.01	01:18:58.482	1.29189	1.29195			6
2025.04.01	01:18:58.787	1.29188	1.29194			6
2025.04.01	01:18:59.104	1.29189				2
2025.04.01	01:19:00.034	1.29189				2
2025.04.01	01:19:01.269	1.29188				2
2025.04.01	01:19:01.572	1.29187	1.29193			6
2025.04.01	01:19:04.351	1.29188	1.29194			6
2025.04.01	01:19:09.277		1.29193			4
2025.04.01	01:19:09.589		1.29194			4
2025.04.01	01:19:09.898	1.29189	1.29195			6
2025.04.01	01:19:10.206		1.29194			4
2025.04.01	01:19:10.819	1.29188				2
2025.04.01	01:19:11.134		1.29193			4
2025.04.01	01:19:11.441	1.29189	1.29194			6
2025.04.01	01:19:12.053	1.29191	1.29195			6
2025.04.01	01:19:12.355	1.29192	1.29197			6
2025.04.01	01:19:12.671		1.29195			4
2025.04.01	01:19:12.977	1.29191				2
2025.04.01	01:19:13.280	1.29189	1.29193			6
2025.04.01	01:19:13.594		1.29194			4
2025.04.01	01:19:18.215	1.29188	1.29193			6
2025.04.01	01:19:28.059	1.29189	1.29194			6
2025.04.01	01:19:29.296	1.29187	1.29192			6
2025.04.01	01:19:31.147	1.29188	1.29193			6
2025.04.01	01:19:39.173	1.29187	1.29192			6
2025.04.01	01:19:40.095	1.29188	1.29193			6
2025.04.01	01:19:45.334	1.29187	1.29192			6
2025.04.01	01:19:50.566	1.29188	1.29193			6
2025.04.01	01:19:54.571	1.29187	1.29192			6
2025.04.01	01:19:56.731	1.29188	1.29193			6
2025.04.01	01:20:00.110	1.29188				2
2025.04.01	01:20:01.043	1.29189				2
2025.04.01	01:20:01.348		1.29194			4
2025.04.01	01:20:01.668		1.29193			4
2025.04.01	01:20:01.981		1.29194			4
2025.04.01	01:20:09.984	1.29191				2
2025.04.01	01:20:10.296	1.29190				2
2025.04.01	01:20:20.153	1.29189				2
2025.04.01	01:20:25.084		1.29193			4
2025.04.01	01:20:28.463		1.29194			4
2025.04.01	01:20:29.702		1.29193			4
2025.04.01	01:20:32.161		1.29194			4
2025.04.01	01:20:35.237	1.29190	1.29195			6
2025.04.01	01:20:45.041	1.29189	1.29194			6
2025.04.01	01:20:49.325	1.29190				2
2025.04.01	01:20:57.247		1.29193			4
2025.04.01	01:20:57.555	1.29189				2
2025.04.01	01:21:00.015	1.29189				2
2025.04.01	01:21:00.623	1.29190	1.29194			6
2025.04.01	01:21:00.927	1.29191	1.29195			6
2025.04.01	01:21:01.232	1.29190				2
2025.04.01	01:21:02.155	1.29191				2
2025.04.01	01:21:03.382	1.29192	1.29196			6
2025.04.01	01:21:05.853	1.29191	1.29195			6
2025.04.01	01:21:11.386	1.29192	1.29196			6
2025.04.01	01:21:11.693	1.29191	1.29195			6
2025.04.01	01:21:19.699	1.29192	1.29196			6
2025.04.01	01:21:20.010	1.29191	1.29195			6
2025.04.01	01:21:24.330	1.29190	1.29194			6
2025.04.01	01:21:26.485	1.29188	1.29192			6
2025.04.01	01:21:27.409	1.29189				2
2025.04.01	01:21:27.716	1.29187	1.29191			6
2025.04.01	01:21:28.026	1.29189	1.29192			6
2025.04.01	01:21:28.337	1.29187				2
2025.04.01	01:21:28.949	1.29189	1.29193			6
2025.04.01	01:21:30.490	1.29188	1.29192			6
2025.04.01	01:21:31.733	1.29187				2
2025.04.01	01:21:35.732	1.29188	1.29193			6
2025.04.01	01:21:40.350	1.29189				2
2025.04.01	01:21:41.586	1.29188				2
2025.04.01	01:21:42.510	1.29189	1.29194			6
2025.04.01	01:21:44.361		1.29193			4
2025.04.01	01:21:46.210		1.29194			4
2025.04.01	01:21:48.059		1.29193			4
2025.04.01	01:21:48.366		1.29194			4
2025.04.01	01:21:48.670		1.29193			4
2025.04.01	01:21:50.215	1.29192	1.29194			6
2025.04.01	01:21:50.517	1.29189				2
2025.04.01	01:21:52.053	1.29190				2
2025.04.01	01:21:52.362		1.29195			4
2025.04.01	01:21:52.677		1.29194			4
2025.04.01	01:21:53.288		1.29195			4
2025.04.01	01:21:55.438		1.29194			4
2025.04.01	01:21:57.900		1.29195			4
2025.04.01	01:22:00.056	1.29190				2
2025.04.01	01:22:00.362	1.29198	1.29200			6
2025.04.01	01:22:00.669		1.29203			4
2025.04.01	01:22:00.980	1.29199				2
2025.04.01	01:22:01.901		1.29202			4
2025.04.01	01:22:02.203		1.29203			4
2025.04.01	01:22:02.809	1.29197				2
2025.04.01	01:22:03.124	1.29199				2
2025.04.01	01:22:05.284	1.29198	1.29204			6
2025.04.01	01:22:05.596	1.29199	1.29203			6
2025.04.01	01:22:07.137		1.29204			4
2025.04.01	01:22:08.062		1.29205			4
2025.04.01	01:22:08.366	1.29197	1.29203			6
2025.04.01	01:22:10.207	1.29196	1.29202			6
2025.04.01	01:22:20.687	1.29197	1.29203			6
2025.04.01	01:22:21.301		1.29202			4
2025.04.01	01:22:26.550	1.29198				2
2025.04.01	01:22:30.242		1.29203			4
2025.04.01	01:22:36.407	1.29197	1.29202			6
2025.04.01	01:22:36.715	1.29198	1.29203			6
2025.04.01	01:22:51.794	1.29197	1.29202			6
2025.04.01	01:22:53.022	1.29198	1.29203			6
2025.04.01	01:22:53.945	1.29197	1.29202			6
2025.04.01	01:22:54.249	1.29198	1.29203			6
2025.04.01	01:22:54.556	1.29197	1.29202			6
2025.04.01	01:22:55.476	1.29198				2
2025.04.01	01:22:59.476		1.29203			4
2025.04.01	01:23:00.092	1.29198				2
2025.04.01	01:23:00.399	1.29199				2
2025.04.01	01:23:02.543	1.29198				2
2025.04.01	01:23:02.848	1.29197	1.29202			6
2025.04.01	01:23:03.457	1.29198	1.29203			6
2025.04.01	01:23:13.563	1.29199	1.29204			6
2025.04.01	01:23:16.315	1.29196	1.29201			6
2025.04.01	01:23:16.621	1.29197				2
2025.04.01	01:23:16.928	1.29196				2
2025.04.01	01:23:18.164	1.29197	1.29202			6
2025.04.01	01:23:24.927	1.29196	1.29201			6
2025.04.01	01:23:25.547	1.29197	1.29202			6
2025.04.01	01:23:30.152	1.29196	1.29201			6
2025.04.01	01:23:30.769	1.29197	1.29202			6
2025.04.01	01:23:35.687	1.29195	1.29200			6
2025.04.01	01:23:43.080	1.29196	1.29201			6
2025.04.01	01:23:46.472	1.29197	1.29202			6
2025.04.01	01:23:48.315	1.29196	1.29201			6
2025.04.01	01:23:51.085	1.29197	1.29202			6
2025.04.01	01:23:56.301	1.29196	1.29201			6
2025.04.01	01:24:00.296	1.29196				2
2025.04.01	01:24:00.907	1.29189	1.29194			6
2025.04.01	01:24:02.130		1.29195			4
2025.04.01	01:24:03.965	1.29191	1.29194			6
2025.04.01	01:24:05.192	1.29189				2
2025.04.01	01:24:08.555	1.29191	1.29195			6
2025.04.01	01:24:08.860		1.29196			4
2025.04.01	01:24:12.526		1.29195			4
2025.04.01	01:24:14.985	1.29190				2
2025.04.01	01:24:18.371	1.29186	1.29191			6
2025.04.01	01:24:34.389		1.29190			4
2025.04.01	01:24:55.304	1.29190	1.29191			6
2025.04.01	01:24:55.920	1.29186	1.29190			6
2025.04.01	01:24:56.229	1.29190	1.29191			6
2025.04.01	01:24:56.533	1.29186	1.29190			6
2025.04.01	01:24:57.455	1.29190	1.29191			6
2025.04.01	01:24:58.388	1.29186	1.29190			6
2025.04.01	01:24:58.692	1.29190	1.29191			6
2025.04.01	01:24:59.003	1.29186	1.29190			6
2025.04.01	01:25:00.231	1.29186				2
2025.04.01	01:25:06.088		1.29191			4
2025.04.01	01:25:15.949		1.29190			4
2025.04.01	01:25:16.252		1.29191			4
2025.04.01	01:25:29.476	1.29179	1.29184			6
2025.04.01	01:25:29.781	1.29180	1.29185			6
2025.04.01	01:25:30.395	1.29181				2
2025.04.01	01:25:31.930	1.29180				2
2025.04.01	01:25:43.620	1.29181	1.29186			6
2025.04.01	01:25:43.925	1.29180	1.29185			6
2025.04.01	01:25:44.235	1.29181				2
2025.04.01	01:25:45.154		1.29186			4
2025.04.01	01:25:46.387		1.29185			4
2025.04.01	01:25:52.835	1.29180				2
2025.04.01	01:25:57.430	1.29181	1.29186			6
2025.04.01	01:25:59.270	1.29180	1.29185			6
2025.04.01	01:25:59.576	1.29181	1.29186			6
2025.04.01	01:26:00.194	1.29185	1.29188			6
2025.04.01	01:26:00.497	1.29188	1.29193			6
2025.04.01	01:26:01.111		1.29194			4
2025.04.01	01:26:01.733	1.29186	1.29192			6
2025.04.01	01:26:02.042		1.29191			4
2025.04.01	01:26:02.350	1.29185				2
2025.04.01	01:26:02.658	1.29184	1.29189			6
2025.04.01	01:26:02.966	1.29181	1.29186			6
2025.04.01	01:26:04.504		1.29187			4
2025.04.01	01:26:18.947		1.29186			4
2025.04.01	01:26:21.097	1.29183	1.29189			6
2025.04.01	01:26:21.408	1.29180	1.29186			6
2025.04.01	01:26:22.024	1.29181	1.29187			6
2025.04.01	01:26:22.329	1.29180	1.29186			6
2025.04.01	01:26:23.250	1.29181	1.29187			6
2025.04.01	01:26:26.020	1.29180	1.29186			6
2025.04.01	01:26:28.785	1.29181	1.29187			6
2025.04.01	01:26:29.096	1.29180	1.29186			6
2025.04.01	01:26:30.943		1.29185			4
2025.04.01	01:26:31.861	1.29179				2
2025.04.01	01:26:35.547	1.29180	1.29186			6
2025.04.01	01:26:38.007	1.29181	1.29187			6
2025.04.01	01:26:38.308	1.29180	1.29186			6
2025.04.01	01:26:48.151	1.29181				2
2025.04.01	01:27:00.168	1.29181				2
2025.04.01	01:27:07.544	1.29182	1.29187			6
2025.04.01	01:27:07.854	1.29183	1.29188			6
2025.04.01	01:27:08.468	1.29181	1.29186			6
2025.04.01	01:27:20.154	1.29182	1.29187			6
2025.04.01	01:27:20.463	1.29181	1.29186			6
2025.04.01	01:27:45.904	1.29186	1.29189			6
2025.04.01	01:27:46.210	1.29188	1.29193			6
2025.04.01	01:27:48.968	1.29189				2
2025.04.01	01:27:51.410	1.29187				2
2025.04.01	01:27:51.717	1.29189				2
2025.04.01	01:27:53.853		1.29195			4
2025.04.01	01:27:54.161		1.29194			4
2025.04.01	01:27:55.075		1.29195			4
2025.04.01	01:27:55.992		1.29194			4
2025.04.01	01:27:56.609	1.29192	1.29196			6
2025.04.01	01:27:56.916		1.29195			4
2025.04.01	01:27:57.220	1.29191				2
2025.04.01	01:27:57.528	1.29190				2
2025.04.01	01:27:57.829		1.29194			4
2025.04.01	01:28:00.261	1.29190				2
2025.04.01	01:28:01.483	1.29189				2
2025.04.01	01:28:02.094	1.29188	1.29193			6
2025.04.01	01:28:04.234	1.29190	1.29194			6
2025.04.01	01:28:05.163		1.29195			4
2025.04.01	01:28:06.084	1.29188	1.29192			6
2025.04.01	01:28:12.527	1.29187				2
2025.04.01	01:28:15.913	1.29188				2
2025.04.01	01:28:16.839		1.29193			4
2025.04.01	01:28:17.145	1.29189				2
2025.04.01	01:28:18.072	1.29187	1.29192			6
2025.04.01	01:28:23.909	1.29188	1.29193			6
2025.04.01	01:28:24.221	1.29190	1.29195			6
2025.04.01	01:28:24.526	1.29189	1.29193			6
2025.04.01	01:28:25.143	1.29190				2
2025.04.01	01:28:25.454	1.29188				2
2025.04.01	01:28:26.990	1.29190				2
2025.04.01	01:28:27.297	1.29188				2
2025.04.01	01:28:29.140	1.29187	1.29192			6
2025.04.01	01:28:30.060	1.29188	1.29193			6
2025.04.01	01:28:31.292	1.29187	1.29192			6
2025.04.01	01:28:34.048	1.29189				2
2025.04.01	01:28:34.661	1.29188	1.29193			6
2025.04.01	01:28:35.275		1.29192			4
2025.04.01	01:28:53.392	1.29189				2
2025.04.01	01:28:57.380		1.29193			4
2025.04.01	01:28:58.307		1.29192			4
2025.04.01	01:28:59.529		1.29193			4
2025.04.01	01:29:00.144	1.29189				2
2025.04.01	01:29:08.766	1.29190				2
2025.04.01	01:29:10.305		1.29192			4
2025.04.01	01:29:11.522		1.29193			4
2025.04.01	01:29:18.228	1.29189				2
2025.04.01	01:29:35.758	1.29190	1.29194			6
2025.04.01	01:29:36.065		1.29193			4
2025.04.01	01:29:37.904	1.29188	1.29192			6
2025.04.01	01:29:40.053	1.29189				2
2025.04.01	01:29:40.357		1.29193			4
2025.04.01	01:29:41.279	1.29190	1.29194			6
2025.04.01	01:29:42.212	1.29189	1.29193			6
2025.04.01	01:29:51.733	1.29188	1.29192			6
2025.04.01	01:29:54.192	1.29189				2
2025.04.01	01:29:55.726	1.29188				2
2025.04.01	01:30:00.040	1.29188				2
2025.04.01	01:30:00.959	1.29189	1.29193			6
2025.04.01	01:30:11.096	1.29188	1.29192			6
2025.04.01	01:30:20.636	1.29189				2
2025.04.01	01:30:24.308	1.29188				2
2025.04.01	01:30:40.617	1.29189	1.29193			6
2025.04.01	01:30:49.852	1.29188	1.29192			6
2025.04.01	01:31:00.027	1.29188				2
2025.04.01	01:31:01.872	1.29186	1.29188			6
2025.04.01	01:31:02.176	1.29182	1.29186			6
2025.04.01	01:31:02.485	1.29186	1.29190			6
2025.04.01	01:31:03.109	1.29185				2
2025.04.01	01:31:03.421	1.29184				2
2025.04.01	01:31:07.109	1.29182	1.29188			6
2025.04.01	01:31:15.418	1.29181	1.29187			6
2025.04.01	01:31:17.881	1.29182	1.29188			6
2025.04.01	01:31:20.957	1.29181	1.29187			6
2025.04.01	01:31:22.808	1.29182	1.29188			6
2025.04.01	01:31:23.114	1.29181	1.29187			6
2025.04.01	01:31:26.196	1.29182				2
2025.04.01	01:31:29.897	1.29181	1.29186			6
2025.04.01	01:31:59.457	1.29185	1.29189			6
2025.04.01	01:31:59.761	1.29186				2
2025.04.01	01:32:00.066	1.29186				2
2025.04.01	01:32:00.991		1.29190			4
2025.04.01	01:32:07.158		1.29191			4
2025.04.01	01:32:14.843	1.29183	1.29186			6
2025.04.01	01:32:15.147	1.29181				2
2025.04.01	01:32:15.464	1.29180	1.29185			6
2025.04.01	01:32:16.078	1.29182	1.29186			6
2025.04.01	01:32:16.397	1.29181				2
2025.04.01	01:32:17.332	1.29187	1.29188			6
2025.04.01	01:32:17.633	1.29181	1.29186			6
2025.04.01	01:32:18.559	1.29187	1.29188			6
2025.04.01	01:32:19.484	1.29181	1.29186			6
2025.04.01	01:32:22.557	1.29180	1.29185			6
2025.04.01	01:32:24.721	1.29181				2
2025.04.01	01:32:28.108	1.29180				2
2025.04.01	01:32:29.338	1.29181				2
2025.04.01	01:32:29.953	1.29180				2
2025.04.01	01:32:32.413		1.29186			4
2025.04.01	01:32:34.266	1.29178	1.29182			6
2025.04.01	01:32:34.590	1.29177				2
2025.04.01	01:32:34.891		1.29181			4
2025.04.01	01:32:35.512	1.29175				2
2025.04.01	01:32:35.820	1.29177				2
2025.04.01	01:32:36.131	1.29176				2
2025.04.01	01:32:36.443	1.29177				2
2025.04.01	01:32:39.823	1.29178	1.29182			6
2025.04.01	01:32:42.595	1.29177				2
2025.04.01	01:32:57.693	1.29178				2
2025.04.01	01:33:00.159	1.29178				2
2025.04.01	01:33:13.392	1.29179				2
2025.04.01	01:33:13.698	1.29177				2
2025.04.01	01:33:14.005	1.29179				2
2025.04.01	01:33:20.781	1.29180	1.29183			6
2025.04.01	01:33:30.652		1.29184			4
2025.04.01	01:33:30.961	1.29179	1.29183			6
2025.04.01	01:33:31.270	1.29178				2
2025.04.01	01:33:31.572		1.29182			4
2025.04.01	01:33:40.192	1.29179	1.29183			6
2025.04.01	01:33:41.113	1.29178	1.29182			6
2025.04.01	01:33:41.414	1.29179	1.29183			6
2025.04.01	01:33:50.656		1.29184			4
2025.04.01	01:33:58.047		1.29183			4
2025.04.01	01:34:00.199	1.29179				2
2025.04.01	01:34:06.918	1.29181	1.29185			6
2025.04.01	01:34:08.151	1.29180				2
2025.04.01	01:34:12.121	1.29181				2
2025.04.01	01:34:14.885	1.29180				2
2025.04.01	01:34:15.190		1.29184			4
2025.04.01	01:34:17.029		1.29185			4
2025.04.01	01:34:20.394		1.29184			4
2025.04.01	01:34:22.848		1.29185			4
2025.04.01	01:34:23.154		1.29184			4
2025.04.01	01:34:41.593	1.29182	1.29185			6
2025.04.01	01:34:42.518	1.29181				2
2025.04.01	01:34:59.477	1.29183	1.29187			6
2025.04.01	01:34:59.781	1.29181	1.29185			6
2025.04.01	01:35:00.092	1.29181				2
2025.04.01	01:35:01.013	1.29183	1.29186			6
2025.04.01	01:35:03.785	1.29180	1.29184			6
2025.04.01	01:35:08.710		1.29185			4
2025.04.01	01:35:09.027		1.29184			4
2025.04.01	01:35:09.330		1.29185			4
2025.04.01	01:35:09.637		1.29184			4
2025.04.01	01:35:15.787	1.29179				2
2025.04.01	01:35:18.561	1.29180	1.29185			6
2025.04.01	01:35:19.484	1.29181	1.29186			6
2025.04.01	01:35:23.485	1.29182				2
2025.04.01	01:35:23.792	1.29181				2
2025.04.01	01:35:26.256	1.29182				2
2025.04.01	01:35:29.953	1.29180	1.29184			6
2025.04.01	01:35:30.261		1.29185			4
2025.04.01	01:35:30.571	1.29181				2
2025.04.01	01:35:35.185	1.29180				2
2025.04.01	01:35:35.798	1.29179	1.29184			6
2025.04.01	01:35:37.345		1.29183			4
2025.04.01	01:35:38.274		1.29182			4
2025.04.01	01:35:39.199	1.29180	1.29183			6
2025.04.01	01:35:39.509	1.29179				2
2025.04.01	01:35:45.365	1.29180	1.29182			6
2025.04.01	01:35:46.600		1.29183			4
2025.04.01	01:35:51.218		1.29182			4
2025.04.01	01:35:51.521		1.29183			4
2025.04.01	01:35:53.680	1.29179				2
2025.04.01	01:35:54.918		1.29182			4
2025.04.01	01:35:55.532		1.29183			4
2025.04.01	01:35:58.618	1.29178	1.29182			6
2025.04.01	01:35:59.235	1.29179	1.29183			6
2025.04.01	01:36:00.159	1.29179				2
2025.04.01	01:36:06.002	1.29180	1.29184			6
2025.04.01	01:36:07.856	1.29179	1.29183			6
2025.04.01	01:36:17.400	1.29180	1.29184			6
2025.04.01	01:36:17.711	1.29179	1.29183			6
2025.04.01	01:36:31.262	1.29181	1.29185			6
2025.04.01	01:36:31.571	1.29182	1.29186			6
2025.04.01	01:36:32.187		1.29187			4
2025.04.01	01:36:39.572	1.29181	1.29186			6
2025.04.01	01:36:43.265	1.29182				2
2025.04.01	01:36:55.581	1.29181	1.29185			6
2025.04.01	01:37:00.203	1.29181				2
2025.04.01	01:37:00.821	1.29182	1.29186			6
2025.04.01	01:37:01.125	1.29181	1.29185			6
2025.04.01	01:37:03.899	1.29182	1.29186			6
2025.04.01	01:37:06.661	1.29181	1.29185			6
2025.04.01	01:37:13.128	1.29179	1.29182			6
2025.04.01	01:37:13.431		1.29183			4
2025.04.01	01:37:13.736	1.29180	1.29184			6
2025.04.01	01:37:18.356	1.29179	1.29183			6
2025.04.01	01:37:22.977	1.29180	1.29184			6
2025.04.01	01:37:25.130	1.29179	1.29183			6
2025.04.01	01:37:31.587	1.29180	1.29184			6
2025.04.01	01:37:35.591	1.29178	1.29182			6
2025.04.01	01:37:35.901	1.29179				2
2025.04.01	01:37:36.208		1.29183			4
2025.04.01	01:37:37.131		1.29182			4
2025.04.01	01:37:38.976		1.29183			4
2025.04.01	01:37:44.214	1.29180	1.29184			6
2025.04.01	01:37:44.521	1.29182	1.29186			6
2025.04.01	01:37:45.449	1.29181				2
2025.04.01	01:37:46.996	1.29182				2
2025.04.01	01:37:53.468	1.29185				2
2025.04.01	01:37:54.082	1.29182				2
2025.04.01	01:37:59.308		1.29187			4
2025.04.01	01:38:00.232	1.29182				2
2025.04.01	01:38:00.844	1.29181	1.29186			6
2025.04.01	01:38:01.450	1.29180	1.29185			6
2025.04.01	01:38:03.919	1.29182	1.29187			6
2025.04.01	01:38:04.232	1.29183				2
2025.04.01	01:38:04.847	1.29182				2
2025.04.01	01:38:06.076	1.29181	1.29186			6
2025.04.01	01:38:07.001	1.29182	1.29187			6
2025.04.01	01:38:08.226	1.29181	1.29186			6
2025.04.01	01:38:13.467	1.29182	1.29187			6
2025.04.01	01:38:14.084	1.29180	1.29183			6
2025.04.01	01:38:14.388	1.29179	1.29184			6
2025.04.01	01:38:18.084		1.29183			4
2025.04.01	01:38:20.548		1.29184			4
2025.04.01	01:38:25.477	1.29180	1.29185			6
2025.04.01	01:38:35.630	1.29182				2
2025.04.01	01:38:36.863	1.29181				2
2025.04.01	01:38:47.027		1.29186			4
2025.04.01	01:38:47.334		1.29185			4
2025.04.01	01:38:47.952		1.29186			4
2025.04.01	01:38:48.874	1.29182				2
2025.04.01	01:38:51.036	1.29181				2
2025.04.01	01:38:53.183	1.29182				2
2025.04.01	01:38:58.126		1.29185			4
2025.04.01	01:39:00.280	1.29182				2
2025.04.01	01:39:00.886	1.29181				2
2025.04.01	01:39:04.285	1.29180	1.29184			6
2025.04.01	01:39:15.996	1.29181	1.29185			6
2025.04.01	01:39:21.549	1.29180	1.29184			6
2025.04.01	01:39:21.855	1.29181	1.29185			6
2025.04.01	01:39:43.363	1.29182				2
2025.04.01	01:39:44.584	1.29181				2
2025.04.01	01:39:44.887	1.29182				2
2025.04.01	01:39:45.201	1.29181				2
2025.04.01	01:39:45.814	1.29182				2
2025.04.01	01:39:46.120		1.29186			4
2025.04.01	01:39:55.621	1.29183	1.29187			6
2025.04.01	01:39:56.855	1.29182	1.29186			6
2025.04.01	01:40:00.235	1.29182				2
2025.04.01	01:40:00.855	1.29183				2
2025.04.01	01:40:01.157		1.29187			4
2025.04.01	01:40:03.630	1.29182	1.29186			6
2025.04.01	01:40:11.024	1.29184	1.29187			6
2025.04.01	01:40:11.326	1.29182	1.29186			6
2025.04.01	01:40:19.331	1.29180	1.29183			6
2025.04.01	01:40:21.183	1.29179				2
2025.04.01	01:40:21.489	1.29180				2
2025.04.01	01:40:24.265	1.29179				2
2025.04.01	01:40:24.569	1.29180				2
2025.04.01	01:40:35.954	1.29179				2
2025.04.01	01:40:42.126	1.29180				2
2025.04.01	01:40:42.440	1.29179				2
2025.04.01	01:40:43.670	1.29180				2
2025.04.01	01:40:49.519	1.29179				2
2025.04.01	01:40:51.989	1.29180				2
2025.04.01	01:41:00.298	1.29180				2
2025.04.01	01:41:04.595	1.29179				2
2025.04.01	01:41:16.206	1.29178	1.29182			6
2025.04.01	01:41:33.103	1.29179				2
2025.04.01	01:41:41.416	1.29178	1.29181			6
2025.04.01	01:41:41.723		1.29182			4
2025.04.01	01:41:48.804	1.29177	1.29181			6
2025.04.01	01:41:50.962	1.29178				2
2025.04.01	01:42:00.211	1.29178				2
2025.04.01	01:42:01.450	1.29177				2
2025.04.01	01:42:02.984	1.29178	1.29182			6
2025.04.01	01:42:05.448	1.29179				2
2025.04.01	01:42:06.367		1.29183			4
2025.04.01	01:42:06.987	1.29180				2
2025.04.01	01:42:28.247		1.29184			4
2025.04.01	01:42:28.557	1.29188	1.29192			6
2025.04.01	01:42:29.168		1.29193			4
2025.04.01	01:42:42.731		1.29194			4
2025.04.01	01:42:44.885	1.29189				2
2025.04.01	01:42:45.192		1.29196			4
2025.04.01	01:42:46.121	1.29190				2
2025.04.01	01:42:47.349	1.29189	1.29195			6
2025.04.01	01:42:50.429		1.29196			4
2025.04.01	01:42:56.595	1.29190				2
2025.04.01	01:43:00.296	1.29190				2
2025.04.01	01:43:05.222		1.29195			4
2025.04.01	01:43:05.838	1.29189				2
2025.04.01	01:43:07.068	1.29183	1.29187			6
2025.04.01	01:43:07.370	1.29180	1.29186			6
2025.04.01	01:43:08.290	1.29179				2
2025.04.01	01:43:10.765	1.29186	1.29193			6
2025.04.01	01:43:11.071	1.29187				2
2025.04.01	01:43:13.839	1.29188	1.29194			6
2025.04.01	01:44:00.227	1.29190	1.29196			6
2025.04.01	01:44:09.454	1.29189				2
2025.04.01	01:44:10.376		1.29195			4
2025.04.01	01:44:24.209	1.29190				2
2025.04.01	01:44:35.887	1.29193	1.29199			6
2025.04.01	01:44:38.660	1.29192	1.29198			6
2025.04.01	01:44:57.107		1.29197			4
2025.04.01	01:45:00.184	1.29192				2
2025.04.01	01:45:01.111	1.29193				2
2025.04.01	01:45:06.030	1.29194	1.29199			6
2025.04.01	01:45:09.408		1.29198			4
2025.04.01	01:45:09.715	1.29198	1.29200			6
2025.04.01	01:45:10.023	1.29197	1.29202			6
2025.04.01	01:45:10.329		1.29203			4
2025.04.01	01:45:11.248	1.29198				2
2025.04.01	01:45:15.250		1.29202			4
2025.04.01	01:45:15.862	1.29199	1.29204			6
2025.04.01	01:45:17.394	1.29198				2
2025.04.01	01:45:18.312	1.29199				2
2025.04.01	01:45:25.993	1.29201	1.29205			6
2025.04.01	01:45:28.755		1.29204			4
2025.04.01	01:45:33.667		1.29205			4
2025.04.01	01:45:47.196		1.29204			4
2025.04.01	01:45:49.029		1.29203			4
2025.04.01	01:45:50.261		1.29204			4
2025.04.01	01:45:54.241		1.29203			4
2025.04.01	01:45:56.361		1.29204			4
2025.04.01	01:45:56.979		1.29203			4
2025.04.01	01:45:57.284		1.29204			4
2025.04.01	01:45:57.591		1.29203			4
2025.04.01	01:45:57.894		1.29204			4
2025.04.01	01:46:00.044	1.29201				2
2025.04.01	01:46:00.346		1.29205			4
2025.04.01	01:46:01.258	1.29202				2
2025.04.01	01:46:02.468		1.29206			4
2025.04.01	01:46:04.912		1.29205			4
2025.04.01	01:46:11.339		1.29206			4
2025.04.01	01:46:11.643		1.29205			4
2025.04.01	01:46:12.546	1.29201				2
2025.04.01	01:46:12.857	1.29202	1.29206			6
2025.04.01	01:46:13.772	1.29201	1.29205			6
2025.04.01	01:46:14.086		1.29204			4
2025.04.01	01:46:15.903		1.29205			4
2025.04.01	01:46:22.029		1.29204			4
2025.04.01	01:46:25.412		1.29205			4
2025.04.01	01:46:28.489		1.29204			4
2025.04.01	01:46:29.722		1.29205			4
2025.04.01	01:46:30.028		1.29204			4
2025.04.01	01:46:36.172		1.29205			4
2025.04.01	01:46:40.463		1.29204			4
2025.04.01	01:46:43.531		1.29205			4
2025.04.01	01:46:49.063	1.29200	1.29203			6
2025.04.01	01:46:52.442		1.29202			4
2025.04.01	01:47:00.124	1.29200				2
2025.04.01	01:47:01.350		1.29203			4
2025.04.01	01:47:02.889	1.29199	1.29202			6
2025.04.01	01:47:05.345		1.29201			4
2025.04.01	01:47:06.572		1.29202			4
2025.04.01	01:47:20.416	1.29198				2
2025.04.01	01:47:20.726		1.29201			4
2025.04.01	01:47:25.638		1.29202			4
2025.04.01	01:47:27.485		1.29201			4
2025.04.01	01:47:31.482		1.29202			4
2025.04.01	01:47:37.319		1.29201			4
2025.04.01	01:47:37.926	1.29199	1.29202			6
2025.04.01	01:47:42.192	1.29200	1.29203			6
2025.04.01	01:47:42.804	1.29199	1.29202			6
2025.04.01	01:47:52.240	1.29198	1.29201			6
2025.04.01	01:48:00.150	1.29198				2
2025.04.01	01:48:02.304		1.29200			4
2025.04.01	01:48:44.636	1.29199				2
2025.04.01	01:48:44.945	1.29198				2
2025.04.01	01:48:47.094		1.29199			4
2025.04.01	01:48:50.480	1.29199	1.29200			6
2025.04.01	01:48:50.792	1.29198				2
2025.04.01	01:49:00.019	1.29198				2
2025.04.01	01:49:06.182		1.29201			4
2025.04.01	01:49:08.960	1.29199	1.29202			6
2025.04.01	01:49:10.497	1.29198	1.29201			6
2025.04.01	01:49:11.426	1.29199	1.29202			6
2025.04.01	01:49:12.659	1.29198	1.29201			6
2025.04.01	01:49:12.967	1.29199	1.29202			6
2025.04.01	01:49:17.587	1.29198	1.29201			6
2025.04.01	01:49:24.984	1.29199	1.29202			6
2025.04.01	01:49:56.702	1.29198	1.29201			6
2025.04.01	01:49:59.472	1.29190	1.29193			6
2025.04.01	01:50:00.083	1.29194	1.29197			6
2025.04.01	01:50:01.329		1.29198			4
2025.04.01	01:50:01.943	1.29192	1.29195			6
2025.04.01	01:50:02.261	1.29191				2
2025.04.01	01:50:02.563		1.29196			4
2025.04.01	01:50:04.413	1.29197	1.29200			6
2025.04.01	01:50:04.730	1.29192	1.29197			6
2025.04.01	01:50:06.576		1.29196			4
2025.04.01	01:50:10.904		1.29197			4
2025.04.01	01:50:11.217		1.29196			4
2025.04.01	01:50:11.526	1.29193	1.29198			6
2025.04.01	01:50:11.834		1.29197			4
2025.04.01	01:50:12.761		1.29198			4
2025.04.01	01:50:15.234		1.29197			4
2025.04.01	01:50:16.164	1.29192				2
2025.04.01	01:50:16.480		1.29196			4
2025.04.01	01:50:22.663		1.29197			4
2025.04.01	01:50:23.894		1.29196			4
2025.04.01	01:50:25.428		1.29197			4
2025.04.01	01:50:25.736		1.29196			4
2025.04.01	01:50:40.934	1.29190	1.29195			6
2025.04.01	01:50:41.240		1.29193			4
2025.04.01	01:50:49.626		1.29194			4
2025.04.01	01:50:53.333		1.29193			4
2025.04.01	01:50:56.727		1.29194			4
2025.04.01	01:51:00.112	1.29190				2
2025.04.01	01:51:03.492	1.29192	1.29197			6
2025.04.01	01:51:05.351	1.29190	1.29194			6
2025.04.01	01:51:07.828		1.29195			4
2025.04.01	01:51:10.621		1.29194			4
2025.04.01	01:51:19.582	1.29193				2
2025.04.01	01:51:19.892	1.29190				2
2025.04.01	01:51:20.206	1.29193				2
2025.04.01	01:51:20.511	1.29190				2
2025.04.01	01:51:20.819	1.29193				2
2025.04.01	01:51:21.123	1.29190				2
2025.04.01	01:51:22.361	1.29193				2
2025.04.01	01:51:23.281	1.29190				2
2025.04.01	01:51:28.835		1.29195			4
2025.04.01	01:51:29.136		1.29194			4
2025.04.01	01:51:29.753		1.29195			4
2025.04.01	01:51:30.378		1.29194			4
2025.04.01	01:51:42.110		1.29195			4
2025.04.01	01:51:44.263		1.29194			4
2025.04.01	01:51:47.358	1.29191	1.29195			6
2025.04.01	01:52:00.269	1.29192	1.29196			6
2025.04.01	01:52:00.573	1.29193	1.29197			6
2025.04.01	01:52:05.190	1.29192	1.29196			6
2025.04.01	01:52:09.492	1.29193	1.29197			6
2025.04.01	01:52:25.478	1.29192	1.29196			6
2025.04.01	01:52:45.766	1.29191	1.29195			6
2025.04.01	01:53:00.149	1.29191				2
2025.04.01	01:53:05.357		1.29194			4
2025.04.01	01:53:10.537	1.29192	1.29195			6
2025.04.01	01:53:11.145		1.29196			4
2025.04.01	01:53:11.757	1.29193	1.29197			6
2025.04.01	01:53:26.193	1.29194				2
2025.04.01	01:53:33.221	1.29196	1.29199			6
2025.04.01	01:53:33.528	1.29198	1.29201			6
2025.04.01	01:53:34.132	1.29197	1.29203			6
2025.04.01	01:53:43.366		1.29202			4
2025.04.01	01:54:00.280	1.29197				2
2025.04.01	01:54:07.376	1.29198				2
2025.04.01	01:54:34.988	1.29197	1.29201			6
2025.04.01	01:54:38.667	1.29198				2
2025.04.01	01:54:40.210		1.29202			4
2025.04.01	01:54:40.826	1.29197	1.29201			6
2025.04.01	01:54:45.128	1.29198	1.29202			6
2025.04.01	01:55:00.240	1.29198				2
2025.04.01	01:55:01.170		1.29201			4
2025.04.01	01:55:30.808	1.29199	1.29202			6
2025.04.01	01:55:32.348	1.29198	1.29201			6
2025.04.01	01:55:35.422	1.29199	1.29202			6
2025.04.01	01:55:36.036	1.29198	1.29201			6
2025.04.01	01:55:36.344	1.29199	1.29202			6
2025.04.01	01:55:36.649	1.29198	1.29201			6
2025.04.01	01:55:39.111	1.29199	1.29202			6
2025.04.01	01:55:48.640	1.29200	1.29203			6
2025.04.01	01:55:48.948	1.29199	1.29202			6
2025.04.01	01:55:55.385	1.29200	1.29203			6
2025.04.01	01:56:00.016	1.29200				2
2025.04.01	01:56:55.673		1.29203			4
2025.04.01	01:57:00.281	1.29200				2
2025.04.01	01:57:55.958		1.29203			4
2025.04.01	01:58:00.277	1.29200				2
2025.04.01	01:58:04.910	1.29198	1.29201			6
2025.04.01	01:58:05.220		1.29202			4
2025.04.01	01:58:26.790	1.29197	1.29201			6
2025.04.01	01:58:28.640	1.29191	1.29195			6
2025.04.01	01:58:28.950	1.29192	1.29196			6
2025.04.01	01:58:29.257	1.29190				2
2025.04.01	01:58:29.874	1.29193	1.29199			6
2025.04.01	01:58:30.180	1.29192				2
2025.04.01	01:58:37.874		1.29198			4
2025.04.01	01:58:38.180	1.29190	1.29197			6
2025.04.01	01:58:38.800		1.29196			4
2025.04.01	01:58:40.338	1.29189				2
2025.04.01	01:58:48.022	1.29190				2
2025.04.01	01:59:00.021	1.29190				2
2025.04.01	01:59:00.329	1.29192	1.29198			6
2025.04.01	01:59:01.561		1.29195			4
2025.04.01	01:59:01.869	1.29195	1.29198			6
2025.04.01	01:59:02.175	1.29194	1.29199			6
2025.04.01	01:59:02.484	1.29199	1.29201			6
2025.04.01	01:59:02.793	1.29198	1.29199			6
2025.04.01	01:59:03.103	1.29199	1.29200			6
2025.04.01	01:59:03.411	1.29192	1.29198			6
2025.04.01	01:59:04.336	1.29199	1.29200			6
2025.04.01	01:59:04.959	1.29192	1.29198			6
2025.04.01	01:59:05.267	1.29199	1.29200			6
2025.04.01	01:59:05.573	1.29192	1.29198			6
2025.04.01	01:59:06.806	1.29191				2
2025.04.01	01:59:12.361	1.29192				2
2025.04.01	01:59:31.774	1.29191	1.29197			6
2025.04.01	01:59:36.089		1.29196			4
2025.04.01	01:59:37.940		1.29197			4
2025.04.01	01:59:45.323	1.29192				2
2025.04.01	01:59:46.557	1.29191	1.29196			6
2025.04.01	01:59:57.621	1.29192				2
2025.04.01	01:59:57.928		1.29197			4
2025.04.01	02:00:00.067	1.29192				2
2025.04.01	02:00:00.984	1.29193	1.29198			6
2025.04.01	02:00:01.290	1.29192	1.29197			6
2025.04.01	02:00:01.911	1.29191	1.29196			6
2025.04.01	02:00:02.224	1.29192	1.29197			6
2025.04.01	02:00:03.149	1.29191	1.29195			6
2025.04.01	02:00:03.453	1.29192	1.29197			6
2025.04.01	02:00:03.762	1.29194				2
2025.04.01	02:00:04.068		1.29198			4
2025.04.01	02:00:05.299		1.29199			4
2025.04.01	02:00:05.907		1.29198			4
2025.04.01	02:00:06.220	1.29196	1.29200			6
2025.04.01	02:00:06.525	1.29195	1.29199			6
2025.04.01	02:00:06.837	1.29193	1.29198			6
2025.04.01	02:00:07.140	1.29192				2
2025.04.01	02:00:07.445		1.29197			4
2025.04.01	02:00:08.066		1.29198			4
2025.04.01	02:00:08.369		1.29199			4
2025.04.01	02:00:08.987	1.29193	1.29198			6
2025.04.01	02:00:09.294		1.29199			4
2025.04.01	02:00:16.675		1.29200			4
2025.04.01	02:00:17.594	1.29197	1.29203			6
2025.04.01	02:00:17.901	1.29198	1.29204			6
2025.04.01	02:00:21.595	1.29197				2
2025.04.01	02:00:24.676	1.29193	1.29200			6
2025.04.01	02:00:24.982		1.29199			4
2025.04.01	02:00:45.906	1.29191	1.29197			6
2025.04.01	02:00:46.210	1.29190	1.29196			6
2025.04.01	02:00:49.292	1.29189				2
2025.04.01	02:00:50.524	1.29190				2
2025.04.01	02:00:57.601		1.29195			4
2025.04.01	02:01:00.067	1.29190				2
2025.04.01	02:01:02.222	1.29189	1.29194			6
2025.04.01	02:01:02.531	1.29188				2
2025.04.01	02:01:04.065		1.29195			4
2025.04.01	02:01:04.374	1.29189				2
2025.04.01	02:01:13.612		1.29196			4
2025.04.01	02:01:13.915	1.29190				2
2025.04.01	02:01:21.911	1.29192				2
2025.04.01	02:01:28.368	1.29190				2
2025.04.01	02:01:30.212		1.29195			4
2025.04.01	02:01:35.127		1.29196			4
2025.04.01	02:01:36.362		1.29195			4
2025.04.01	02:01:41.283		1.29196			4
2025.04.01	02:01:48.042		1.29195			4
2025.04.01	02:01:49.269		1.29196			4
2025.04.01	02:01:55.112		1.29195			4
2025.04.01	02:02:00.002	1.29190				2
2025.04.01	02:02:15.320	1.29191				2
2025.04.01	02:02:23.559	1.29190	1.29194			6
2025.04.01	02:02:25.682	1.29191	1.29195			6
2025.04.01	02:02:47.074	1.29190	1.29194			6
2025.04.01	02:02:53.138	1.29191				2
2025.04.01	02:02:54.353		1.29195			4
2025.04.01	02:02:55.288	1.29192				2
2025.04.01	02:02:56.206	1.29191				2
2025.04.01	02:02:57.131	1.29192				2
2025.04.01	02:03:00.185	1.29192				2
2025.04.01	02:03:02.630	1.29193	1.29196			6
2025.04.01	02:03:43.474	1.29192	1.29195			6
2025.04.01	02:03:48.021	1.29193	1.29196			6
2025.04.01	02:03:48.322	1.29192	1.29195			6
2025.04.01	02:03:53.172	1.29193	1.29196			6
2025.04.01	02:04:00.235	1.29193	1.29194			6
2025.04.01	02:04:00.544	1.29192	1.29195			6
2025.04.01	02:04:02.082	1.29191	1.29194			6
2025.04.01	02:04:05.170	1.29192	1.29195			6
2025.04.01	02:04:07.019	1.29191	1.29194			6
2025.04.01	02:04:09.183	1.29192	1.29195			6
2025.04.01	02:04:15.038	1.29194	1.29196			6
2025.04.01	02:04:15.341	1.29193				2
2025.04.01	02:04:15.966		1.29195			4
2025.04.01	02:04:18.421		1.29196			4
2025.04.01	02:04:19.654	1.29196	1.29199			6
2025.04.01	02:04:19.959	1.29195	1.29198			6
2025.04.01	02:04:20.275		1.29200			4
2025.04.01	02:04:21.511	1.29198	1.29202			6
2025.04.01	02:04:21.819	1.29197	1.29201			6
2025.04.01	02:04:24.903	1.29198				2
2025.04.01	02:04:25.211	1.29197				2
2025.04.01	02:04:28.602		1.29200			4
2025.04.01	02:04:28.910		1.29201			4
2025.04.01	02:04:32.606	1.29198				2
2025.04.01	02:04:32.907		1.29202			4
2025.04.01	02:04:33.225	1.29197	1.29201			6
2025.04.01	02:04:33.532	1.29196	1.29200			6
2025.04.01	02:04:34.762	1.29195	1.29198			6
2025.04.01	02:04:35.069	1.29196				2
2025.04.01	02:04:35.987		1.29199			4
2025.04.01	02:04:40.911	1.29197	1.29200			6
2025.04.01	02:04:41.214	1.29199	1.29201			6
2025.04.01	02:04:42.764	1.29198				2
2025.04.01	02:04:43.384	1.29197				2
2025.04.01	02:04:44.313	1.29198				2
2025.04.01	02:04:53.549	1.29196	1.29202			6
2025.04.01	02:04:54.168	1.29195	1.29201			6
2025.04.01	02:04:56.014	1.29198				2
2025.04.01	02:04:59.403		1.29203			4
2025.04.01	02:05:00.016	1.29198				2
2025.04.01	02:05:01.868	1.29201				2
2025.04.01	02:05:05.864		1.29204			4
2025.04.01	02:05:07.399		1.29203			4
2025.04.01	02:05:09.875		1.29204			4
2025.04.01	02:05:10.796		1.29203			4
2025.04.01	02:05:11.104		1.29204			4
2025.04.01	02:05:13.266		1.29203			4
2025.04.01	02:05:16.665		1.29202			4
2025.04.01	02:05:16.974		1.29203			4
2025.04.01	02:05:17.280		1.29202			4
2025.04.01	02:05:17.586		1.29203			4
2025.04.01	02:05:18.209	1.29202				2
2025.04.01	02:05:18.820		1.29204			4
2025.04.01	02:05:19.439		1.29203			4
2025.04.01	02:05:20.052	1.29198				2
2025.04.01	02:05:21.600	1.29199	1.29204			6
2025.04.01	02:05:22.210	1.29200				2
2025.04.01	02:05:24.995		1.29203			4
2025.04.01	02:05:26.231		1.29204			4
2025.04.01	02:05:41.320		1.29203			4
2025.04.01	02:05:49.943	1.29202				2
2025.04.01	02:06:00.115	1.29202				2
2025.04.01	02:06:18.910	1.29204	1.29205			6
2025.04.01	02:06:19.216	1.29212	1.29214			6
2025.04.01	02:06:25.062		1.29215			4
2025.04.01	02:06:29.992		1.29214			4
2025.04.01	02:06:50.640	1.29211				2
2025.04.01	02:06:51.565		1.29213			4
2025.04.01	02:07:00.196	1.29211				2
2025.04.01	02:07:01.737		1.29214			4
2025.04.01	02:07:02.664		1.29213			4
2025.04.01	02:07:03.289		1.29214			4
2025.04.01	02:07:03.591		1.29213			4
2025.04.01	02:07:04.209		1.29214			4
2025.04.01	02:07:07.586		1.29215			4
2025.04.01	02:07:29.045		1.29214			4
2025.04.01	02:07:32.418		1.29213			4
2025.04.01	02:07:35.792	1.29210	1.29212			6
2025.04.01	02:07:36.099		1.29213			4
2025.04.01	02:07:37.938	1.29211				2
2025.04.01	02:07:38.243		1.29214			4
2025.04.01	02:08:00.074	1.29211				2
2025.04.01	02:08:03.150		1.29215			4
2025.04.01	02:08:08.396		1.29214			4
2025.04.01	02:08:21.535		1.29215			4
2025.04.01	02:08:22.441		1.29214			4
2025.04.01	02:08:25.190		1.29215			4
2025.04.01	02:08:25.804		1.29213			4
2025.04.01	02:08:40.153		1.29214			4
2025.04.01	02:08:41.374		1.29213			4
2025.04.01	02:08:41.983		1.29212			4
2025.04.01	02:08:47.476	1.29212	1.29215			6
2025.04.01	02:08:48.400	1.29211	1.29214			6
2025.04.01	02:08:51.170		1.29212			4
2025.04.01	02:08:53.940		1.29213			4
2025.04.01	02:08:54.560		1.29212			4
2025.04.01	02:08:59.791		1.29213			4
2025.04.01	02:09:00.100	1.29211	1.29214			6
2025.04.01	02:09:00.716		1.29212			4
2025.04.01	02:09:01.949	1.29210				2
2025.04.01	02:09:03.180	1.29209				2
2025.04.01	02:09:04.717	1.29210				2
2025.04.01	02:09:05.953	1.29209				2
2025.04.01	02:09:11.499		1.29213			4
2025.04.01	02:09:12.728	1.29210				2
2025.04.01	02:09:13.346	1.29209				2
2025.04.01	02:09:19.803	1.29208	1.29212			6
2025.04.01	02:09:20.107	1.29200	1.29204			6
2025.04.01	02:09:21.344	1.29199				2
2025.04.01	02:09:23.808	1.29198				2
2025.04.01	02:09:24.115		1.29203			4
2025.04.01	02:09:25.653		1.29202			4
2025.04.01	02:09:25.958		1.29203			4
2025.04.01	02:09:26.271		1.29202			4
2025.04.01	02:09:26.577		1.29203			4
2025.04.01	02:09:29.353	1.29197				2
2025.04.01	02:09:30.586		1.29202			4
2025.04.01	02:09:31.513		1.29203			4
2025.04.01	02:09:31.820		1.29202			4
2025.04.01	02:09:32.125		1.29203			4
2025.04.01	02:09:38.908		1.29202			4
2025.04.01	02:09:40.447		1.29203			4
2025.04.01	02:09:44.144		1.29202			4
2025.04.01	02:09:47.520	1.29192	1.29197			6
2025.04.01	02:09:47.834		1.29198			4
2025.04.01	02:09:53.048	1.29193				2
2025.04.01	02:09:54.287	1.29195	1.29201			6
2025.04.01	02:09:54.909	1.29196				2
2025.04.01	02:09:55.216	1.29197				2
2025.04.01	02:09:55.524		1.29203			4
2025.04.01	02:10:00.151	1.29197				2
2025.04.01	02:10:02.306	1.29198				2
2025.04.01	02:10:05.385		1.29204			4
2025.04.01	02:10:33.357		1.29203			4
2025.04.01	02:10:48.148		1.29202			4
2025.04.01	02:10:50.615	1.29194	1.29199			6
2025.04.01	02:10:53.383	1.29198	1.29202			6
2025.04.01	02:10:54.320	1.29197				2
2025.04.01	02:10:55.852		1.29203			4
2025.04.01	02:11:00.173	1.29197				2
2025.04.01	02:11:02.036	1.29198				2
2025.04.01	02:11:19.917	1.29199				2
2025.04.01	02:11:45.330	1.29200				2
2025.04.01	02:11:47.761	1.29199	1.29202			6
2025.04.01	02:11:50.827	1.29200	1.29203			6
2025.04.01	02:11:51.434	1.29199	1.29202			6
2025.04.01	02:11:52.656	1.29200	1.29203			6
2025.04.01	02:11:53.564	1.29199	1.29202			6
2025.04.01	02:11:56.596	1.29200	1.29203			6
2025.04.01	02:12:00.248	1.29200				2
2025.04.01	02:12:07.246	1.29201	1.29204			6
2025.04.01	02:12:08.791	1.29202	1.29205			6
2025.04.01	02:12:11.545	1.29201	1.29204			6
2025.04.01	02:12:16.131	1.29203	1.29206			6
2025.04.01	02:12:16.437	1.29204	1.29207			6
2025.04.01	02:12:17.040	1.29203	1.29206			6
2025.04.01	02:12:17.348		1.29207			4
2025.04.01	02:12:17.651	1.29202	1.29206			6
2025.04.01	02:12:18.265	1.29201				2
2025.04.01	02:12:27.181	1.29202				2
2025.04.01	02:12:30.878		1.29205			4
2025.04.01	02:12:32.109		1.29206			4
2025.04.01	02:12:32.426	1.29201	1.29205			6
2025.04.01	02:12:46.302	1.29202				2
2025.04.01	02:12:57.602	1.29203	1.29206			6
2025.04.01	02:12:58.814	1.29204	1.29207			6
2025.04.01	02:12:59.117	1.29202	1.29205			6
2025.04.01	02:13:00.032	1.29202				2
2025.04.01	02:13:00.349	1.29201	1.29206			6
2025.04.01	02:13:03.129	1.29202				2
2025.04.01	02:13:04.975	1.29201	1.29205			6
2025.04.01	02:13:05.288	1.29202	1.29206			6
2025.04.01	02:13:09.904	1.29201	1.29205			6
2025.04.01	02:13:13.915		1.29204			4
2025.04.01	02:13:14.219	1.29200				2
2025.04.01	02:13:15.150	1.29199	1.29203			6
2025.04.01	02:13:26.234	1.29200				2
2025.04.01	02:13:39.958	1.29201	1.29204			6
2025.04.01	02:13:54.050	1.29200	1.29203			6
2025.04.01	02:13:54.969	1.29201	1.29204			6
2025.04.01	02:14:00.184	1.29201				2
2025.04.01	02:14:21.440	1.29200	1.29202			6
2025.04.01	02:14:21.748	1.29199				2
2025.04.01	02:14:25.445	1.29198	1.29201			6
2025.04.01	02:14:28.225	1.29199	1.29202			6
2025.04.01	02:14:40.228	1.29200	1.29203			6
2025.04.01	02:14:43.312	1.29199	1.29202			6
2025.04.01	02:14:55.019	1.29200	1.29203			6
2025.04.01	02:14:55.949	1.29201				2
2025.04.01	02:15:00.262	1.29201				2
2025.04.01	02:15:06.152	1.29200				2
2025.04.01	02:15:07.387		1.29202			4
2025.04.01	02:15:11.084	1.29201				2
2025.04.01	02:15:11.388	1.29200				2
2025.04.01	02:15:13.239	1.29201	1.29203			6
2025.04.01	02:15:23.418	1.29200				2
2025.04.01	02:15:26.170	1.29201				2
2025.04.01	02:15:28.943	1.29200				2
2025.04.01	02:15:29.869	1.29199	1.29202			6
2025.04.01	02:15:42.180	1.29200	1.29203			6
2025.04.01	02:15:44.956	1.29201				2
2025.04.01	02:15:51.406	1.29200	1.29202			6
2025.04.01	02:15:51.710	1.29198	1.29201			6
2025.04.01	02:15:52.323	1.29199	1.29202			6
2025.04.01	02:15:56.018	1.29198				2
2025.04.01	02:15:57.872	1.29199				2
2025.04.01	02:15:58.487	1.29198				2
2025.04.01	02:16:00.028	1.29198				2
2025.04.01	02:16:01.571	1.29199				2
2025.04.01	02:16:03.423	1.29198				2
2025.04.01	02:16:04.337	1.29199	1.29203			6
2025.04.01	02:16:05.268		1.29202			4
2025.04.01	02:16:05.581	1.29198				2
2025.04.01	02:16:07.728	1.29199				2
2025.04.01	02:16:08.037	1.29198				2
2025.04.01	02:16:12.958	1.29199	1.29203			6
2025.04.01	02:16:14.486		1.29202			4
2025.04.01	02:16:15.099		1.29203			4
2025.04.01	02:16:15.404		1.29202			4
2025.04.01	02:16:34.490		1.29201			4
2025.04.01	02:16:34.814	1.29200	1.29202			6
2025.04.01	02:16:35.119	1.29198	1.29201			6
2025.04.01	02:16:36.044	1.29200				2
2025.04.01	02:16:36.662	1.29199				2
2025.04.01	02:16:36.968	1.29198				2
2025.04.01	02:16:37.898	1.29200				2
2025.04.01	02:16:38.213	1.29198				2
2025.04.01	02:16:41.902	1.29199	1.29202			6
2025.04.01	02:16:43.435	1.29198	1.29201			6
2025.04.01	02:16:44.055	1.29199	1.29202			6
2025.04.01	02:16:44.974	1.29198	1.29201			6
2025.04.01	02:16:46.824	1.29199	1.29202			6
2025.04.01	02:16:48.668	1.29200	1.29203			6
2025.04.01	02:17:00.053	1.29200				2
2025.04.01	02:17:08.968	1.29199	1.29202			6
2025.04.01	02:17:09.584	1.29198	1.29201			6
2025.04.01	02:17:44.664	1.29199	1.29202			6
2025.04.01	02:17:44.976	1.29198	1.29201			6
2025.04.01	02:17:48.976	1.29192	1.29195			6
2025.04.01	02:17:49.289	1.29191	1.29194			6
2025.04.01	02:17:50.207	1.29190	1.29195			6
2025.04.01	02:17:59.123		1.29196			4
2025.04.01	02:18:00.050	1.29190				2
2025.04.01	02:18:04.966		1.29195			4
2025.04.01	02:18:05.281	1.29187	1.29192			6
2025.04.01	02:18:08.043		1.29193			4
2025.04.01	02:18:08.964	1.29183	1.29188			6
2025.04.01	02:18:09.272	1.29180	1.29184			6
2025.04.01	02:18:09.886		1.29185			4
2025.04.01	02:18:10.194	1.29179				2
2025.04.01	02:18:16.343		1.29184			4
2025.04.01	02:18:16.958		1.29185			4
2025.04.01	02:18:17.262	1.29180				2
2025.04.01	02:18:19.109	1.29179				2
2025.04.01	02:18:21.572	1.29180				2
2025.04.01	02:18:31.118	1.29179				2
2025.04.01	02:18:36.044		1.29184			4
2025.04.01	02:18:37.888		1.29185			4
2025.04.01	02:18:43.119		1.29184			4
2025.04.01	02:18:45.592	1.29180	1.29186			6
2025.04.01	02:18:47.124	1.29181				2
2025.04.01	02:18:54.504	1.29182				2
2025.04.01	02:18:55.738	1.29181				2
2025.04.01	02:18:56.044	1.29182				2
2025.04.01	02:18:57.584	1.29180	1.29185			6
2025.04.01	02:19:00.045	1.29180				2
2025.04.01	02:19:30.524	1.29179	1.29184			6
2025.04.01	02:19:34.521	1.29180				2
2025.04.01	02:19:40.670	1.29178	1.29182			6
2025.04.01	02:19:40.977	1.29177				2
2025.04.01	02:19:54.852		1.29181			4
2025.04.01	02:20:00.090	1.29177				2
2025.04.01	02:20:03.156	1.29178				2
2025.04.01	02:20:04.080	1.29177				2
2025.04.01	02:20:09.280	1.29167	1.29171			6
2025.04.01	02:20:09.592	1.29165	1.29169			6
2025.04.01	02:20:10.210		1.29168			4
2025.04.01	02:20:10.517	1.29166	1.29169			6
2025.04.01	02:20:10.823	1.29165				2
2025.04.01	02:20:12.047	1.29166	1.29170			6
2025.04.01	02:20:18.841	1.29163	1.29167			6
2025.04.01	02:20:19.146	1.29161	1.29165			6
2025.04.01	02:20:29.623	1.29162	1.29166			6
2025.04.01	02:20:41.956	1.29161	1.29165			6
2025.04.01	02:20:59.522	1.29163	1.29167			6
2025.04.01	02:21:00.149	1.29163				2
2025.04.01	02:21:20.161	1.29166	1.29169			6
2025.04.01	02:21:20.464	1.29164	1.29168			6
2025.04.01	02:21:37.099	1.29165	1.29169			6
2025.04.01	02:21:44.170	1.29168	1.29172			6
2025.04.01	02:22:00.192	1.29168				2
2025.04.01	02:22:09.117	1.29171	1.29173			6
2025.04.01	02:22:16.491	1.29172	1.29175			6
2025.04.01	02:22:37.832	1.29177	1.29180			6
2025.04.01	02:22:38.135		1.29181			4
2025.04.01	02:22:40.904	1.29178	1.29182			6
2025.04.01	02:23:00.009	1.29178				2
2025.04.01	02:23:06.480	1.29179				2
2025.04.01	02:23:07.388	1.29178				2
2025.04.01	02:23:11.067		1.29180			4
2025.04.01	02:23:15.331	1.29179				2
2025.04.01	02:23:16.243	1.29178				2
2025.04.01	02:23:18.388	1.29179				2
2025.04.01	02:23:20.833	1.29178				2
2025.04.01	02:23:39.786		1.29179			4
2025.04.01	02:23:40.094	1.29179	1.29180			6
2025.04.01	02:23:40.400	1.29178	1.29179			6
2025.04.01	02:23:40.705	1.29180	1.29181			6
2025.04.01	02:23:41.015	1.29178	1.29180			6
2025.04.01	02:23:41.325	1.29180	1.29181			6
2025.04.01	02:23:41.631	1.29179	1.29180			6
2025.04.01	02:23:42.246	1.29178	1.29179			6
2025.04.01	02:23:42.554	1.29179	1.29180			6
2025.04.01	02:23:43.466	1.29178				2
2025.04.01	02:23:43.781	1.29179				2
2025.04.01	02:23:44.083	1.29178				2
2025.04.01	02:24:00.041	1.29178				2
2025.04.01	02:24:09.229	1.29172	1.29173			6
2025.04.01	02:24:09.534	1.29168	1.29171			6
2025.04.01	02:24:09.845	1.29169	1.29172			6
2025.04.01	02:24:10.147	1.29168				2
2025.04.01	02:24:10.451	1.29167	1.29171			6
2025.04.01	02:24:11.371	1.29166	1.29170			6
2025.04.01	02:24:11.678	1.29163	1.29166			6
2025.04.01	02:24:28.020	1.29166	1.29170			6
2025.04.01	02:24:36.348	1.29167	1.29171			6
2025.04.01	02:24:37.270	1.29168	1.29172			6
2025.04.01	02:25:00.261	1.29168				2
2025.04.01	02:25:00.566	1.29170	1.29174			6
2025.04.01	02:25:01.485	1.29173	1.29176			6
2025.04.01	02:25:02.409	1.29175	1.29178			6
2025.04.01	02:25:02.716	1.29171	1.29174			6
2025.04.01	02:25:03.017	1.29170	1.29172			6
2025.04.01	02:25:05.186		1.29174			4
2025.04.01	02:25:07.041	1.29169	1.29172			6
2025.04.01	02:25:15.347		1.29170			4
2025.04.01	02:25:17.508	1.29167				2
2025.04.01	02:25:23.358	1.29168				2
2025.04.01	02:25:32.588	1.29167				2
2025.04.01	02:25:39.046	1.29168				2
2025.04.01	02:25:39.968	1.29167				2
2025.04.01	02:25:41.196	1.29168	1.29171			6
2025.04.01	02:25:43.351	1.29169				2
2025.04.01	02:25:51.953		1.29173			4
2025.04.01	02:25:52.258	1.29170				2
2025.04.01	02:25:53.483	1.29171				2
2025.04.01	02:26:00.217	1.29171				2
2025.04.01	02:26:02.674		1.29172			4
2025.04.01	02:26:14.576	1.29172	1.29175			6
2025.04.01	02:26:14.879	1.29175	1.29177			6
2025.04.01	02:26:16.716	1.29173	1.29175			6
2025.04.01	02:26:17.026	1.29172	1.29173			6
2025.04.01	02:26:18.563		1.29174			4
2025.04.01	02:26:18.868		1.29173			4
2025.04.01	02:26:24.092	1.29171				2
2025.04.01	02:26:37.302		1.29172			4
2025.04.01	02:27:00.293	1.29171				2
2025.04.01	02:27:02.739		1.29174			4
2025.04.01	02:27:18.377		1.29173			4
2025.04.01	02:27:19.285	1.29170				2
2025.04.01	02:27:32.693		1.29171			4
2025.04.01	02:27:32.999	1.29169				2
2025.04.01	02:27:36.049	1.29170	1.29173			6
2025.04.01	02:28:00.220	1.29170				2
2025.04.01	02:28:07.518	1.29169	1.29172			6
2025.04.01	02:28:12.987	1.29170	1.29173			6
2025.04.01	02:28:17.600	1.29169	1.29172			6
2025.04.01	02:28:18.519	1.29170	1.29173			6
2025.04.01	02:29:00.036	1.29170				2
2025.04.01	02:29:14.493	1.29171	1.29174			6
2025.04.01	02:29:16.340	1.29172	1.29175			6
2025.04.01	02:29:17.255	1.29173	1.29176			6
2025.04.01	02:29:36.305	1.29172	1.29175			6
2025.04.01	02:29:39.071	1.29173	1.29176			6
2025.04.01	02:29:39.684	1.29172	1.29175			6
2025.04.01	02:29:41.839	1.29173	1.29176			6
2025.04.01	02:30:00.221	1.29173				2
2025.04.01	02:30:01.134	1.29172	1.29175			6
2025.04.01	02:30:24.484	1.29171	1.29174			6
2025.04.01	02:30:27.863	1.29170	1.29173			6
2025.04.01	02:30:43.556	1.29167	1.29170			6
2025.04.01	02:30:49.704	1.29168	1.29171			6
2025.04.01	02:31:00.193	1.29168				2
2025.04.01	02:31:03.272	1.29169				2
2025.04.01	02:31:03.576	1.29177	1.29180			6
2025.04.01	02:31:04.182		1.29182			4
2025.04.01	02:31:04.800	1.29178	1.29184			6
2025.04.01	02:31:06.027	1.29179				2
2025.04.01	02:31:06.960	1.29180	1.29186			6
2025.04.01	02:31:08.184	1.29179	1.29185			6
2025.04.01	02:31:08.499	1.29186	1.29193			6
2025.04.01	02:31:08.810		1.29191			4
2025.04.01	02:31:09.423	1.29185				2
2025.04.01	02:31:10.343	1.29186	1.29192			6
2025.04.01	02:31:11.266	1.29187				2
2025.04.01	02:31:13.734	1.29182	1.29184			6
2025.04.01	02:31:14.035	1.29177	1.29183			6
2025.04.01	02:31:14.354		1.29184			4
2025.04.01	02:31:20.803	1.29184	1.29189			6
2025.04.01	02:31:21.109	1.29185	1.29191			6
2025.04.01	02:31:22.029		1.29189			4
2025.04.01	02:31:22.329	1.29183				2
2025.04.01	02:31:27.874	1.29176	1.29181			6
2025.04.01	02:31:28.799		1.29180			4
2025.04.01	02:31:32.798	1.29174	1.29178			6
2025.04.01	02:31:33.107	1.29173	1.29177			6
2025.04.01	02:31:33.410		1.29178			4
2025.04.01	02:31:33.723		1.29179			4
2025.04.01	02:31:54.360		1.29178			4
2025.04.01	02:31:54.673		1.29179			4
2025.04.01	02:31:54.981	1.29174				2
2025.04.01	02:31:58.059		1.29180			4
2025.04.01	02:31:58.671	1.29173				2
2025.04.01	02:31:58.983	1.29174				2
2025.04.01	02:31:59.288	1.29173				2
2025.04.01	02:31:59.901	1.29174				2
2025.04.01	02:32:00.209	1.29174				2
2025.04.01	02:32:00.822	1.29173				2
2025.04.01	02:32:01.746		1.29179			4
2025.04.01	02:32:02.361	1.29174	1.29180			6
2025.04.01	02:32:02.667	1.29177	1.29183			6
2025.04.01	02:32:02.973	1.29179	1.29185			6
2025.04.01	02:32:03.274	1.29180				2
2025.04.01	02:32:03.897	1.29179				2
2025.04.01	02:32:06.356	1.29178	1.29184			6
2025.04.01	02:32:07.281	1.29177				2
2025.04.01	02:32:08.204	1.29178				2
2025.04.01	02:32:12.207	1.29177				2
2025.04.01	02:32:13.441		1.29183			4
2025.04.01	02:32:18.368	1.29178	1.29184			6
2025.04.01	02:32:18.669	1.29177				2
2025.04.01	02:32:21.756	1.29178				2
2025.04.01	02:32:22.067	1.29177				2
2025.04.01	02:32:26.988	1.29176	1.29182			6
2025.04.01	02:32:29.454	1.29175	1.29180			6
2025.04.01	02:32:29.762	1.29170	1.29175			6
2025.04.01	02:32:30.066	1.29169				2
2025.04.01	02:32:31.310		1.29174			4
2025.04.01	02:32:37.770		1.29175			4
2025.04.01	02:32:39.317		1.29174			4
2025.04.01	02:32:41.162	1.29162	1.29168			6
2025.04.01	02:32:41.464	1.29165	1.29171			6
2025.04.01	02:32:45.473	1.29166	1.29172			6
2025.04.01	02:32:46.087		1.29170			4
2025.04.01	02:32:46.398	1.29164	1.29169			6
2025.04.01	02:32:54.098	1.29168	1.29174			6
2025.04.01	02:32:55.942	1.29169				2
2025.04.01	02:32:56.256		1.29175			4
2025.04.01	02:32:58.100		1.29174			4
2025.04.01	02:32:58.409	1.29168				2
2025.04.01	02:33:00.258	1.29168				2
2025.04.01	02:33:04.879	1.29167				2
2025.04.01	02:33:05.185	1.29168				2
2025.04.01	02:33:05.491	1.29164	1.29168			6
2025.04.01	02:33:06.410		1.29170			4
2025.04.01	02:33:06.727	1.29165				2
2025.04.01	02:33:07.033	1.29168	1.29173			6
2025.04.01	02:33:08.268		1.29174			4
2025.04.01	02:33:10.730	1.29166	1.29170			6
2025.04.01	02:33:11.032		1.29171			4
2025.04.01	02:33:11.346		1.29172			4
2025.04.01	02:33:11.657	1.29167				2
2025.04.01	02:33:16.585	1.29169	1.29174			6
2025.04.01	02:33:17.203	1.29168				2
2025.04.01	02:33:18.129	1.29169				2
2025.04.01	02:33:18.745	1.29168				2
2025.04.01	02:33:20.592		1.29173			4
2025.04.01	02:33:21.210	1.29167	1.29172			6
2025.04.01	02:33:21.521	1.29165	1.29170			6
2025.04.01	02:33:22.758	1.29164	1.29169			6
2025.04.01	02:33:25.531	1.29166	1.29170			6
2025.04.01	02:33:25.840		1.29171			4
2025.04.01	02:33:27.075	1.29167				2
2025.04.01	02:33:27.383		1.29172			4
2025.04.01	02:33:29.231		1.29173			4
2025.04.01	02:33:38.456		1.29172			4
2025.04.01	02:33:41.832		1.29173			4
2025.04.01	02:33:43.994		1.29172			4
2025.04.01	02:33:44.620		1.29173			4
2025.04.01	02:33:50.169	1.29168				2
2025.04.01	02:33:51.706	1.29166	1.29172			6
2025.04.01	02:33:52.639		1.29171			4
2025.04.01	02:33:56.014	1.29164	1.29169			6
2025.04.01	02:33:57.854		1.29170			4
2025.04.01	02:33:58.781	1.29167	1.29172			6
2025.04.01	02:33:59.404		1.29171			4
2025.04.01	02:33:59.708		1.29172			4
2025.04.01	02:34:00.019	1.29166	1.29171			6
2025.04.01	02:34:00.326	1.29164	1.29169			6
2025.04.01	02:34:01.250	1.29166				2
2025.04.01	02:34:01.557	1.29165	1.29170			6
2025.04.01	02:34:02.170	1.29166				2
2025.04.01	02:34:02.485		1.29171			4
2025.04.01	02:34:05.251	1.29167				2
2025.04.01	02:34:07.404		1.29172			4
2025.04.01	02:34:07.712	1.29166	1.29171			6
2025.04.01	02:34:08.014	1.29164	1.29168			6
2025.04.01	02:34:08.333		1.29169			4
2025.04.01	02:34:16.640	1.29166				2
2025.04.01	02:34:16.948	1.29163	1.29167			6
2025.04.01	02:34:17.566		1.29168			4
2025.04.01	02:34:18.180	1.29166	1.29171			6
2025.04.01	02:34:18.795	1.29167	1.29172			6
2025.04.01	02:34:19.100	1.29169	1.29173			6
2025.04.01	02:34:20.029		1.29174			4
2025.04.01	02:34:23.108		1.29173			4
2025.04.01	02:34:25.878	1.29170	1.29174			6
2025.04.01	02:34:26.808		1.29175			4
2025.04.01	02:34:31.430		1.29174			4
2025.04.01	02:34:32.349		1.29175			4
2025.04.01	02:34:43.398		1.29174			4
2025.04.01	02:34:44.004		1.29175			4
2025.04.01	02:34:53.206	1.29173	1.29177			6
2025.04.01	02:34:53.516	1.29174	1.29179			6
2025.04.01	02:34:53.824	1.29173	1.29178			6
2025.04.01	02:34:54.441		1.29177			4
2025.04.01	02:34:57.519		1.29178			4
2025.04.01	02:35:00.283	1.29173				2
2025.04.01	02:35:07.349	1.29176	1.29180			6
2025.04.01	02:35:07.651	1.29173	1.29177			6
2025.04.01	02:35:08.873	1.29172	1.29176			6
2025.04.01	02:35:11.908		1.29175			4
2025.04.01	02:35:26.553	1.29170	1.29174			6
2025.04.01	02:35:31.120	1.29171				2
2025.04.01	02:35:48.237	1.29176	1.29179			6
2025.04.01	02:35:49.153	1.29175	1.29180			6
2025.04.01	02:35:49.762	1.29174	1.29179			6
2025.04.01	02:35:56.229	1.29175				2
2025.04.01	02:36:00.243	1.29176	1.29180			6
2025.04.01	02:36:00.549	1.29174	1.29178			6
2025.04.01	02:36:00.857	1.29179	1.29180			6
2025.04.01	02:36:01.164	1.29184	1.29188			6
2025.04.01	02:36:02.392	1.29182				2
2025.04.01	02:36:02.695	1.29183				2
2025.04.01	02:36:12.593		1.29187			4
2025.04.01	02:36:12.905	1.29181	1.29185			6
2025.04.01	02:36:13.522		1.29184			4
2025.04.01	02:36:15.673		1.29187			4
2025.04.01	02:36:15.980	1.29183				2
2025.04.01	02:36:27.130	1.29184	1.29189			6
2025.04.01	02:36:31.765		1.29190			4
2025.04.01	02:36:32.072		1.29189			4
2025.04.01	02:36:35.161	1.29185	1.29190			6
2025.04.01	02:36:37.013	1.29186				2
2025.04.01	02:36:40.076		1.29191			4
2025.04.01	02:36:43.791		1.29190			4
2025.04.01	02:36:44.095	1.29184	1.29189			6
2025.04.01	02:36:44.709		1.29188			4
2025.04.01	02:36:46.575	1.29183	1.29187			6
2025.04.01	02:36:46.886	1.29180	1.29184			6
2025.04.01	02:36:54.548		1.29183			4
2025.04.01	02:37:00.088	1.29180				2
2025.04.01	02:37:00.699	1.29184	1.29188			6
