<DATE>	<TIME>	<BID>	<ASK>	<LAST>	<VOLUME>	<FLAGS>
2025.03.31	00:03:30.371	1.29332	1.29521			6
2025.03.31	00:03:41.143	1.29321	1.29415			6
2025.03.31	00:04:01.670	1.29321				2
2025.03.31	00:04:41.561		1.29415			4
2025.03.31	00:05:01.672	1.29321				2
2025.03.31	00:05:02.306	1.29324				2
2025.03.31	00:05:03.040	1.29321				2
2025.03.31	00:05:51.674		1.29415			4
2025.03.31	00:06:01.769	1.29321	1.29419			6
2025.03.31	00:06:41.392		1.29415			4
2025.03.31	00:06:54.246	1.29317				2
2025.03.31	00:07:06.978	1.29317				2
2025.03.31	00:07:41.669		1.29415			4
2025.03.31	00:08:10.819	1.29317				2
2025.03.31	00:08:40.682	1.29316	1.29398			6
2025.03.31	00:09:00.820	1.29317				2
2025.03.31	00:09:23.494	1.29315	1.29388			6
2025.03.31	00:09:30.459	1.29302	1.29380			6
2025.03.31	00:09:55.030	1.29300	1.29370			6
2025.03.31	00:10:00.448	1.29300				2
2025.03.31	00:10:05.279	1.29301				2
2025.03.31	00:10:55.236		1.29370			4
2025.03.31	00:10:58.712	1.29296				2
2025.03.31	00:11:00.031	1.29296				2
2025.03.31	00:11:00.791	1.29298				2
2025.03.31	00:11:04.836	1.29300				2
2025.03.31	00:11:05.262	1.29298				2
2025.03.31	00:11:05.836	1.29300				2
2025.03.31	00:11:10.831	1.29301				2
2025.03.31	00:11:14.136	1.29309	1.29383			6
2025.03.31	00:11:38.795	1.29307				2
2025.03.31	00:11:39.434	1.29306	1.29378			6
2025.03.31	00:11:40.832	1.29304				2
2025.03.31	00:11:41.265	1.29306				2
2025.03.31	00:11:45.568	1.29302				2
2025.03.31	00:12:00.817	1.29302				2
2025.03.31	00:12:01.322	1.29310				2
2025.03.31	00:12:23.966	1.29309	1.29375			6
2025.03.31	00:12:30.813	1.29310	1.29378			6
2025.03.31	00:12:40.242	1.29318	1.29458			6
2025.03.31	00:12:44.552		1.29457			4
2025.03.31	00:12:50.108		1.29456			4
2025.03.31	00:12:58.086	1.29346	1.29461			6
2025.03.31	00:12:58.390	1.29335				2
2025.03.31	00:12:58.699	1.29330				2
2025.03.31	00:13:00.240	1.29330				2
2025.03.31	00:13:00.544		1.29462			4
2025.03.31	00:13:04.543		1.29463			4
2025.03.31	00:13:06.390		1.29516			4
2025.03.31	00:13:07.308		1.29520			4
2025.03.31	00:13:07.923	1.29335	1.29516			6
2025.03.31	00:13:08.543		1.29518			4
2025.03.31	00:13:14.676		1.29517			4
2025.03.31	00:13:21.740		1.29516			4
2025.03.31	00:13:24.509	1.29318	1.29510			6
2025.03.31	00:13:24.816	1.29321	1.29513			6
2025.03.31	00:13:27.584	1.29320	1.29512			6
2025.03.31	00:13:28.814	1.29329	1.29521			6
2025.03.31	00:13:44.815	1.29330	1.29522			6
2025.03.31	00:14:00.175	1.29330				2
2025.03.31	00:14:07.862	1.29329	1.29521			6
2025.03.31	00:14:46.589	1.29332	1.29524			6
2025.03.31	00:14:46.900	1.29334				2
2025.03.31	00:14:57.033	1.29333				2
2025.03.31	00:15:00.109	1.29333				2
2025.03.31	00:15:01.337	1.29334				2
2025.03.31	00:15:03.504		1.29519			4
2025.03.31	00:15:07.103	1.29335	1.29518			6
2025.03.31	00:15:07.603	1.29336	1.29517			6
2025.03.31	00:15:09.338	1.29337	1.29516			6
2025.03.31	00:15:13.725		1.29515			4
2025.03.31	00:15:42.937	1.29336	1.29516			6
2025.03.31	00:15:52.836	1.29337	1.29515			6
2025.03.31	00:16:02.732	1.29337				2
2025.03.31	00:16:04.833	1.29336	1.29516			6
2025.03.31	00:16:07.634	1.29330	1.29519			6
2025.03.31	00:16:08.237	1.29335	1.29516			6
2025.03.31	00:16:14.073	1.29336				2
2025.03.31	00:16:14.405		1.29514			4
2025.03.31	00:16:15.631	1.29337				2
2025.03.31	00:16:18.392		1.29515			4
2025.03.31	00:16:28.892		1.29514			4
2025.03.31	00:16:30.912	1.29336				2
2025.03.31	00:16:32.445	1.29337				2
2025.03.31	00:16:33.360	1.29336				2
2025.03.31	00:16:34.587	1.29337				2
2025.03.31	00:16:35.507	1.29336	1.29513			6
2025.03.31	00:16:36.434	1.29337				2
2025.03.31	00:16:36.743		1.29514			4
2025.03.31	00:16:37.974	1.29336				2
2025.03.31	00:16:38.583	1.29337				2
2025.03.31	00:16:39.816	1.29336				2
2025.03.31	00:16:41.356	1.29337				2
2025.03.31	00:16:42.275	1.29336	1.29512			6
2025.03.31	00:16:44.427	1.29341	1.29511			6
2025.03.31	00:17:00.405	1.29341				2
2025.03.31	00:17:33.356	1.29331	1.29459			6
2025.03.31	00:17:43.531	1.29332				2
2025.03.31	00:18:01.232	1.29332				2
2025.03.31	00:18:04.531	1.29333				2
2025.03.31	00:18:29.432	1.29334				2
2025.03.31	00:18:33.931		1.29459			4
2025.03.31	00:19:01.231	1.29334				2
2025.03.31	00:19:11.743	1.29335				2
2025.03.31	00:19:34.841		1.29459			4
2025.03.31	00:20:00.633	1.29335				2
2025.03.31	00:20:25.273	1.29336				2
2025.03.31	00:20:35.131		1.29459			4
2025.03.31	00:20:36.331	1.29337				2
2025.03.31	00:21:00.427	1.29337				2
2025.03.31	00:21:05.132	1.29338				2
2025.03.31	00:21:27.044	1.29345				2
2025.03.31	00:21:36.331		1.29459			4
2025.03.31	00:22:00.816	1.29345				2
2025.03.31	00:22:04.500	1.29355	1.29455			6
2025.03.31	00:23:00.931	1.29355				2
2025.03.31	00:23:04.508		1.29455			4
2025.03.31	00:23:10.401	1.29364	1.29493			6
2025.03.31	00:23:59.270	1.29360	1.29433			6
2025.03.31	00:23:59.754	1.29353				2
2025.03.31	00:24:00.370	1.29353				2
2025.03.31	00:25:00.815	1.29353	1.29433			6
2025.03.31	00:25:04.664	1.29355	1.29493			6
2025.03.31	00:25:59.644	1.29356	1.29492			6
2025.03.31	00:26:00.645	1.29356				2
2025.03.31	00:26:34.234		1.29491			4
2025.03.31	00:26:54.665	1.29359	1.29483			6
2025.03.31	00:27:00.819	1.29359				2
2025.03.31	00:27:01.231	1.29350	1.29492			6
2025.03.31	00:27:24.695	1.29349	1.29467			6
2025.03.31	00:28:00.814	1.29349				2
2025.03.31	00:28:05.162	1.29367				2
2025.03.31	00:28:24.696		1.29467			4
2025.03.31	00:29:00.165	1.29367				2
2025.03.31	00:29:24.933		1.29467			4
2025.03.31	00:30:00.304	1.29367				2
2025.03.31	00:30:16.528	1.29362				2
2025.03.31	00:30:27.930		1.29467			4
2025.03.31	00:30:40.323	1.29367				2
2025.03.31	00:30:50.265	1.29362				2
2025.03.31	00:31:00.030	1.29362				2
2025.03.31	00:31:28.233		1.29467			4
2025.03.31	00:32:00.815	1.29362				2
2025.03.31	00:32:28.233		1.29467			4
2025.03.31	00:33:00.815	1.29362				2
2025.03.31	00:33:28.235		1.29467			4
2025.03.31	00:34:00.634	1.29362				2
2025.03.31	00:34:29.140		1.29467			4
2025.03.31	00:34:30.270	1.29358				2
2025.03.31	00:35:00.031	1.29358				2
2025.03.31	00:35:30.333		1.29467			4
2025.03.31	00:35:53.921	1.29332	1.29472			6
2025.03.31	00:35:54.224	1.29333	1.29473			6
2025.03.31	00:35:55.150	1.29328	1.29469			6
2025.03.31	00:35:57.918	1.29323	1.29467			6
2025.03.31	00:35:58.222	1.29324	1.29469			6
2025.03.31	00:35:59.143	1.29350	1.29458			6
2025.03.31	00:36:00.541	1.29350				2
2025.03.31	00:36:32.131	1.29349	1.29430			6
2025.03.31	00:37:00.432	1.29349				2
2025.03.31	00:37:04.807	1.29350				2
2025.03.31	00:37:29.461	1.29322	1.29425			6
2025.03.31	00:37:34.656	1.29318	1.29390			6
2025.03.31	00:37:40.815	1.29319				2
2025.03.31	00:38:00.818	1.29319				2
2025.03.31	00:38:34.828	1.29315	1.29385			6
2025.03.31	00:38:41.606	1.29285	1.29366			6
2025.03.31	00:38:42.644	1.29271				2
2025.03.31	00:38:42.949	1.29273				2
2025.03.31	00:38:43.743	1.29274				2
2025.03.31	00:38:45.640	1.29273				2
2025.03.31	00:38:52.075	1.29278	1.29363			6
2025.03.31	00:38:57.304	1.29279				2
2025.03.31	00:38:59.133	1.29280				2
2025.03.31	00:39:00.932	1.29280				2
2025.03.31	00:39:02.133	1.29278				2
2025.03.31	00:39:13.627	1.29280				2
2025.03.31	00:39:23.398	1.29278				2
2025.03.31	00:39:52.275		1.29363			4
2025.03.31	00:40:04.762	1.29278				2
2025.03.31	00:40:53.698		1.29363			4
2025.03.31	00:41:00.632	1.29278				2
2025.03.31	00:41:55.040		1.29363			4
2025.03.31	00:42:00.331	1.29278				2
2025.03.31	00:42:55.833		1.29363			4
2025.03.31	00:43:00.922	1.29278				2
2025.03.31	00:43:33.078	1.29275	1.29362			6
2025.03.31	00:43:38.626	1.29278	1.29363			6
2025.03.31	00:43:41.595	1.29265	1.29346			6
2025.03.31	00:43:46.099	1.29278	1.29364			6
2025.03.31	00:43:52.759	1.29268	1.29348			6
2025.03.31	00:44:00.816	1.29268				2
2025.03.31	00:44:04.949	1.29278	1.29364			6
2025.03.31	00:44:41.629		1.29363			4
2025.03.31	00:44:50.914	1.29273				2
2025.03.31	00:45:02.080	1.29250	1.29381			6
2025.03.31	00:45:04.241	1.29273	1.29363			6
2025.03.31	00:45:09.348	1.29289	1.29348			6
2025.03.31	00:45:28.065		1.29336			4
2025.03.31	00:46:00.000	1.29289				2
2025.03.31	00:46:28.263		1.29336			4
2025.03.31	00:47:00.159	1.29289				2
2025.03.31	00:47:02.007	1.29266	1.29367			6
2025.03.31	00:47:04.153	1.29289	1.29336			6
2025.03.31	00:47:27.783	1.29283				2
2025.03.31	00:47:29.004		1.29367			4
2025.03.31	00:47:41.906	1.29286	1.29369			6
2025.03.31	00:47:55.763	1.29284	1.29367			6
2025.03.31	00:47:56.066	1.29283				2
2025.03.31	00:48:00.062	1.29283				2
2025.03.31	00:48:42.504	1.29292	1.29368			6
2025.03.31	00:48:43.426		1.29369			4
2025.03.31	00:48:57.878		1.29368			4
2025.03.31	00:48:59.109		1.29369			4
2025.03.31	00:49:00.038	1.29292				2
2025.03.31	00:49:09.260		1.29368			4
2025.03.31	00:49:13.569		1.29369			4
2025.03.31	00:49:18.181		1.29368			4
2025.03.31	00:49:20.948		1.29369			4
2025.03.31	00:49:22.794	1.29283	1.29367			6
2025.03.31	00:50:00.212	1.29283				2
2025.03.31	00:50:19.486	1.29288				2
2025.03.31	00:50:22.863		1.29367			4
2025.03.31	00:51:00.076	1.29288				2
2025.03.31	00:51:23.167		1.29367			4
2025.03.31	00:51:54.496		1.29333			4
2025.03.31	00:52:00.031	1.29288				2
2025.03.31	00:52:54.754		1.29333			4
2025.03.31	00:53:00.288	1.29288				2
2025.03.31	00:53:00.598	1.29289				2
2025.03.31	00:53:54.439		1.29360			4
2025.03.31	00:54:00.284	1.29289				2
2025.03.31	00:54:12.591		1.29355			4
2025.03.31	00:54:30.428		1.29354			4
2025.03.31	00:54:44.565		1.29355			4
2025.03.31	00:54:45.797		1.29354			4
2025.03.31	00:54:48.560	1.29288	1.29321			6
2025.03.31	00:54:50.401	1.29290				2
2025.03.31	00:55:00.240	1.29290				2
2025.03.31	00:55:14.048	1.29292	1.29327			6
2025.03.31	00:55:14.352		1.29313			4
2025.03.31	00:55:15.584	1.29303				2
2025.03.31	00:55:18.339	1.29307	1.29325			6
2025.03.31	00:55:27.550	1.29313	1.29331			6
2025.03.31	00:55:29.096	1.29317	1.29333			6
2025.03.31	00:55:30.016	1.29315				2
2025.03.31	00:55:47.217	1.29313	1.29331			6
2025.03.31	00:56:00.149	1.29313				2
2025.03.31	00:56:13.080	1.29315	1.29333			6
2025.03.31	00:56:33.677	1.29322	1.29340			6
2025.03.31	00:57:00.110	1.29306	1.29341			6
2025.03.31	00:57:50.584	1.29307				2
2025.03.31	00:58:00.114	1.29307	1.29341			6
2025.03.31	00:58:07.821	1.29316	1.29346			6
2025.03.31	00:58:09.665	1.29307				2
2025.03.31	00:58:10.592	1.29306				2
2025.03.31	00:58:30.571	1.29305				2
2025.03.31	00:58:42.243	1.29306				2
2025.03.31	00:58:46.539	1.29305				2
2025.03.31	00:58:48.691	1.29306				2
2025.03.31	00:59:00.061	1.29306				2
2025.03.31	00:59:08.051		1.29346			4
2025.03.31	00:59:11.742	1.29302	1.29341			6
2025.03.31	00:59:15.117	1.29300	1.29338			6
2025.03.31	00:59:15.425	1.29295	1.29333			6
2025.03.31	00:59:17.580	1.29294				2
2025.03.31	00:59:19.736	1.29293				2
2025.03.31	00:59:30.813	1.29292				2
2025.03.31	01:00:00.043	1.29292				2
2025.03.31	01:00:00.350	1.29284				2
2025.03.31	01:00:00.652		1.29326			4
2025.03.31	01:00:01.273		1.29327			4
2025.03.31	01:00:01.579	1.29275	1.29331			6
2025.03.31	01:00:01.881	1.29280				2
2025.03.31	01:00:02.188	1.29284				2
2025.03.31	01:00:02.490	1.29275	1.29341			6
2025.03.31	01:00:03.733	1.29276	1.29342			6
2025.03.31	01:00:04.653	1.29289	1.29331			6
2025.03.31	01:00:07.430	1.29288				2
2025.03.31	01:00:10.182	1.29301				2
2025.03.31	01:00:10.494	1.29303				2
2025.03.31	01:00:10.801	1.29299				2
2025.03.31	01:00:11.720	1.29291				2
2025.03.31	01:00:12.026	1.29297				2
2025.03.31	01:00:13.248	1.29294				2
2025.03.31	01:00:13.552	1.29301				2
2025.03.31	01:00:13.856	1.29307	1.29333			6
2025.03.31	01:00:14.470	1.29309				2
2025.03.31	01:00:16.004		1.29338			4
2025.03.31	01:00:17.850	1.29308				2
2025.03.31	01:00:19.392	1.29309				2
2025.03.31	01:00:21.244	1.29310				2
2025.03.31	01:00:21.867	1.29309				2
2025.03.31	01:00:22.480	1.29311				2
2025.03.31	01:00:25.245	1.29312				2
2025.03.31	01:00:28.012	1.29300				2
2025.03.31	01:00:28.320	1.29295	1.29333			6
2025.03.31	01:00:29.551	1.29293				2
2025.03.31	01:00:30.774	1.29294				2
2025.03.31	01:00:31.392	1.29296	1.29338			6
2025.03.31	01:00:31.699	1.29308				2
2025.03.31	01:00:33.234	1.29309				2
2025.03.31	01:00:33.541	1.29306				2
2025.03.31	01:00:33.848	1.29307				2
2025.03.31	01:00:37.545	1.29305				2
2025.03.31	01:00:37.852	1.29303				2
2025.03.31	01:00:38.779	1.29302				2
2025.03.31	01:00:42.784	1.29301				2
2025.03.31	01:00:43.409	1.29300				2
2025.03.31	01:00:44.016	1.29301				2
2025.03.31	01:00:47.098	1.29294				2
2025.03.31	01:00:47.408	1.29295				2
2025.03.31	01:00:48.022	1.29293	1.29328			6
2025.03.31	01:00:54.509	1.29281	1.29327			6
2025.03.31	01:00:54.810	1.29279	1.29317			6
2025.03.31	01:00:55.739	1.29285				2
2025.03.31	01:00:56.052	1.29280				2
2025.03.31	01:00:59.749	1.29279	1.29315			6
2025.03.31	01:01:00.052	1.29279	1.29316			6
2025.03.31	01:01:00.360	1.29280				2
2025.03.31	01:01:01.584	1.29281				2
2025.03.31	01:01:01.897	1.29282				2
2025.03.31	01:01:03.746	1.29281				2
2025.03.31	01:01:04.053	1.29283				2
2025.03.31	01:01:04.356	1.29282				2
2025.03.31	01:01:05.287	1.29283				2
2025.03.31	01:01:06.218	1.29284				2
2025.03.31	01:01:08.065	1.29282				2
2025.03.31	01:01:08.373	1.29280				2
2025.03.31	01:01:09.609	1.29279				2
2025.03.31	01:01:09.914	1.29284				2
2025.03.31	01:01:10.832	1.29283				2
2025.03.31	01:01:13.923	1.29281				2
2025.03.31	01:01:14.226	1.29284				2
2025.03.31	01:01:18.229	1.29282				2
2025.03.31	01:01:20.705	1.29283				2
2025.03.31	01:01:25.005	1.29282				2
2025.03.31	01:01:27.761	1.29283				2
2025.03.31	01:01:40.670	1.29281	1.29302			6
2025.03.31	01:01:40.975	1.29276	1.29300			6
2025.03.31	01:01:44.344	1.29275	1.29299			6
2025.03.31	01:01:44.646	1.29268	1.29291			6
2025.03.31	01:01:44.949	1.29266	1.29290			6
2025.03.31	01:01:45.252	1.29263	1.29286			6
2025.03.31	01:01:47.091	1.29265	1.29288			6
2025.03.31	01:01:48.951	1.29266				2
2025.03.31	01:01:49.558	1.29267	1.29289			6
2025.03.31	01:01:50.482	1.29282	1.29287			6
2025.03.31	01:01:50.794	1.29283	1.29288			6
2025.03.31	01:01:55.075	1.29282	1.29287			6
2025.03.31	01:01:59.358	1.29283	1.29288			6
2025.03.31	01:02:00.277	1.29283				2
2025.03.31	01:02:04.295	1.29270	1.29290			6
2025.03.31	01:02:05.846	1.29268				2
2025.03.31	01:02:06.457	1.29269				2
2025.03.31	01:02:06.764	1.29270				2
2025.03.31	01:02:07.996	1.29269				2
2025.03.31	01:02:09.533	1.29268				2
2025.03.31	01:02:10.467	1.29283	1.29288			6
2025.03.31	01:02:11.386	1.29282	1.29287			6
2025.03.31	01:02:12.913	1.29280	1.29285			6
2025.03.31	01:02:13.823	1.29277	1.29282			6
2025.03.31	01:02:15.964	1.29279	1.29284			6
2025.03.31	01:02:16.584	1.29277	1.29282			6
2025.03.31	01:02:17.197	1.29273	1.29278			6
2025.03.31	01:02:18.414	1.29257				2
2025.03.31	01:02:19.956		1.29277			4
2025.03.31	01:02:20.272		1.29278			4
2025.03.31	01:02:20.583	1.29255	1.29272			6
2025.03.31	01:02:21.204	1.29257	1.29278			6
2025.03.31	01:02:22.442	1.29255	1.29275			6
2025.03.31	01:02:22.751		1.29274			4
2025.03.31	01:02:23.066	1.29256	1.29275			6
2025.03.31	01:02:25.529	1.29255	1.29274			6
2025.03.31	01:02:25.839	1.29256	1.29275			6
2025.03.31	01:02:26.144	1.29255	1.29274			6
2025.03.31	01:02:26.454	1.29257	1.29275			6
2025.03.31	01:02:27.986	1.29271				2
2025.03.31	01:02:28.595	1.29270	1.29274			6
2025.03.31	01:02:32.590	1.29267	1.29271			6
2025.03.31	01:02:35.050	1.29256	1.29260			6
2025.03.31	01:02:35.356	1.29255	1.29259			6
2025.03.31	01:02:36.290		1.29260			4
2025.03.31	01:02:36.603	1.29256	1.29261			6
2025.03.31	01:02:36.909	1.29257	1.29262			6
2025.03.31	01:02:38.127	1.29262	1.29267			6
2025.03.31	01:02:40.270	1.29259	1.29264			6
2025.03.31	01:02:41.196	1.29258	1.29263			6
2025.03.31	01:02:41.506	1.29260	1.29265			6
2025.03.31	01:02:42.432	1.29258	1.29263			6
2025.03.31	01:02:43.346	1.29259	1.29264			6
2025.03.31	01:02:43.958		1.29263			4
2025.03.31	01:02:44.575	1.29258	1.29262			6
2025.03.31	01:02:45.190		1.29263			4
2025.03.31	01:02:47.942	1.29254	1.29259			6
2025.03.31	01:02:48.546	1.29255	1.29260			6
2025.03.31	01:02:51.316	1.29254	1.29259			6
2025.03.31	01:02:52.558	1.29251	1.29256			6
2025.03.31	01:02:52.862	1.29243	1.29248			6
2025.03.31	01:02:53.476	1.29242	1.29247			6
2025.03.31	01:02:54.404	1.29241	1.29246			6
2025.03.31	01:02:54.717	1.29242	1.29247			6
2025.03.31	01:02:55.322	1.29237	1.29251			6
2025.03.31	01:02:55.938	1.29241	1.29246			6
2025.03.31	01:02:56.545	1.29237	1.29250			6
2025.03.31	01:02:56.848	1.29240	1.29245			6
2025.03.31	01:02:57.452	1.29241	1.29246			6
2025.03.31	01:02:58.373	1.29239	1.29244			6
2025.03.31	01:03:00.194	1.29237	1.29242			6
2025.03.31	01:03:02.940	1.29236	1.29241			6
2025.03.31	01:03:03.550	1.29235	1.29240			6
2025.03.31	01:03:05.099	1.29236	1.29241			6
2025.03.31	01:03:06.022	1.29235	1.29240			6
2025.03.31	01:03:06.942	1.29236	1.29241			6
2025.03.31	01:03:09.981	1.29235	1.29240			6
2025.03.31	01:03:10.897	1.29236	1.29241			6
2025.03.31	01:03:16.375		1.29240			4
2025.03.31	01:03:23.394	1.29231	1.29235			6
2025.03.31	01:03:24.004	1.29227	1.29229			6
2025.03.31	01:03:24.314	1.29230	1.29234			6
2025.03.31	01:03:24.932	1.29231	1.29235			6
2025.03.31	01:03:25.233	1.29230				2
2025.03.31	01:03:25.537	1.29229	1.29233			6
2025.03.31	01:03:26.147	1.29227	1.29231			6
2025.03.31	01:03:28.268	1.29228	1.29233			6
2025.03.31	01:03:28.572	1.29230	1.29235			6
2025.03.31	01:03:29.484	1.29231	1.29236			6
2025.03.31	01:03:33.141		1.29235			4
2025.03.31	01:03:45.960	1.29232	1.29236			6
2025.03.31	01:03:49.023	1.29236	1.29240			6
2025.03.31	01:03:49.943	1.29235	1.29239			6
2025.03.31	01:03:52.704	1.29236	1.29240			6
2025.03.31	01:03:53.624	1.29235	1.29239			6
2025.03.31	01:03:57.281	1.29236	1.29240			6
2025.03.31	01:03:58.202	1.29235	1.29239			6
2025.03.31	01:03:59.122	1.29236	1.29240			6
2025.03.31	01:03:59.726	1.29235	1.29239			6
2025.03.31	01:04:00.027	1.29235				2
2025.03.31	01:04:01.247	1.29236	1.29240			6
2025.03.31	01:04:06.458	1.29235	1.29239			6
2025.03.31	01:04:07.072	1.29236	1.29240			6
2025.03.31	01:04:09.215	1.29235	1.29239			6
2025.03.31	01:04:12.252	1.29236	1.29240			6
2025.03.31	01:04:14.096	1.29235	1.29239			6
2025.03.31	01:04:17.159	1.29237	1.29238			6
2025.03.31	01:04:17.767	1.29236	1.29237			6
2025.03.31	01:04:20.531	1.29234	1.29235			6
2025.03.31	01:04:21.151	1.29236	1.29238			6
2025.03.31	01:04:21.453		1.29237			4
2025.03.31	01:04:22.071	1.29234	1.29238			6
2025.03.31	01:04:25.131	1.29235	1.29239			6
2025.03.31	01:04:28.511	1.29236	1.29240			6
2025.03.31	01:04:28.817	1.29235	1.29239			6
2025.03.31	01:04:30.646	1.29236	1.29237			6
2025.03.31	01:04:31.255	1.29237	1.29241			6
2025.03.31	01:04:35.214		1.29240			4
2025.03.31	01:04:37.968		1.29241			4
2025.03.31	01:04:38.276	1.29235	1.29236			6
2025.03.31	01:04:39.186	1.29233	1.29234			6
2025.03.31	01:04:39.491	1.29230	1.29231			6
2025.03.31	01:04:39.797	1.29229	1.29230			6
2025.03.31	01:04:40.104	1.29230	1.29231			6
2025.03.31	01:04:43.457	1.29228	1.29230			6
2025.03.31	01:04:43.767	1.29229				2
2025.03.31	01:04:44.069	1.29227	1.29231			6
2025.03.31	01:04:46.537		1.29230			4
2025.03.31	01:04:47.768	1.29229				2
2025.03.31	01:04:48.072	1.29232	1.29233			6
2025.03.31	01:04:50.542	1.29231	1.29232			6
2025.03.31	01:04:54.858	1.29229	1.29231			6
2025.03.31	01:04:55.473	1.29230	1.29232			6
2025.03.31	01:04:57.323	1.29231	1.29235			6
2025.03.31	01:05:00.096	1.29231				2
2025.03.31	01:05:00.397	1.29232	1.29236			6
2025.03.31	01:05:01.018	1.29238	1.29242			6
2025.03.31	01:05:01.326	1.29234	1.29237			6
2025.03.31	01:05:02.861	1.29235	1.29238			6
2025.03.31	01:05:03.169	1.29240	1.29244			6
2025.03.31	01:05:03.475	1.29241	1.29245			6
2025.03.31	01:05:09.336	1.29244	1.29248			6
2025.03.31	01:05:09.953	1.29246	1.29250			6
2025.03.31	01:05:10.263	1.29248	1.29252			6
2025.03.31	01:05:10.568	1.29247	1.29251			6
2025.03.31	01:05:11.185	1.29249	1.29253			6
2025.03.31	01:05:12.104	1.29240	1.29244			6
2025.03.31	01:05:13.348		1.29245			4
2025.03.31	01:05:15.190	1.29241	1.29246			6
2025.03.31	01:05:17.657		1.29243			4
2025.03.31	01:05:17.964	1.29236	1.29239			6
2025.03.31	01:05:18.584		1.29240			4
2025.03.31	01:05:21.052	1.29238	1.29243			6
2025.03.31	01:05:25.988	1.29239	1.29244			6
2025.03.31	01:05:26.604	1.29237	1.29242			6
2025.03.31	01:05:26.910	1.29236	1.29241			6
2025.03.31	01:05:28.763	1.29237	1.29242			6
2025.03.31	01:05:29.688	1.29245	1.29250			6
2025.03.31	01:05:30.912	1.29244	1.29249			6
2025.03.31	01:05:34.921	1.29245	1.29250			6
2025.03.31	01:05:38.300	1.29239	1.29244			6
2025.03.31	01:05:38.606	1.29240	1.29245			6
2025.03.31	01:05:41.071	1.29243				2
2025.03.31	01:05:41.380		1.29244			4
2025.03.31	01:05:45.701		1.29245			4
2025.03.31	01:05:50.318		1.29244			4
2025.03.31	01:05:50.638	1.29242				2
2025.03.31	01:05:51.563	1.29241				2
2025.03.31	01:05:51.871		1.29243			4
2025.03.31	01:05:58.965	1.29243	1.29244			6
2025.03.31	01:05:59.275		1.29248			4
2025.03.31	01:05:59.579	1.29242	1.29246			6
2025.03.31	01:06:00.202	1.29242				2
2025.03.31	01:06:00.507		1.29243			4
2025.03.31	01:06:01.435	1.29243	1.29244			6
2025.03.31	01:06:10.376	1.29244	1.29246			6
2025.03.31	01:06:11.303	1.29243	1.29247			6
2025.03.31	01:06:11.612		1.29246			4
2025.03.31	01:06:13.776	1.29241				2
2025.03.31	01:06:16.243	1.29242				2
2025.03.31	01:06:23.338	1.29241	1.29245			6
2025.03.31	01:06:34.410	1.29242	1.29246			6
2025.03.31	01:06:58.052	1.29247	1.29251			6
2025.03.31	01:07:00.199	1.29247				2
2025.03.31	01:07:05.411	1.29246	1.29250			6
2025.03.31	01:07:06.340	1.29245	1.29249			6
2025.03.31	01:07:23.560	1.29247	1.29251			6
2025.03.31	01:07:30.342	1.29245	1.29249			6
2025.03.31	01:07:31.883	1.29247	1.29251			6
2025.03.31	01:07:44.204	1.29250	1.29254			6
2025.03.31	01:07:54.084	1.29255	1.29259			6
2025.03.31	01:07:54.387	1.29253	1.29257			6
2025.03.31	01:07:55.010	1.29254	1.29258			6
2025.03.31	01:07:57.779	1.29255	1.29259			6
2025.03.31	01:08:00.250	1.29255				2
2025.03.31	01:08:01.789	1.29254	1.29258			6
2025.03.31	01:08:11.044	1.29255	1.29259			6
2025.03.31	01:08:16.895	1.29262	1.29266			6
2025.03.31	01:08:17.210	1.29263	1.29267			6
2025.03.31	01:08:17.524	1.29265	1.29268			6
2025.03.31	01:08:17.826	1.29268	1.29272			6
2025.03.31	01:08:18.134		1.29273			4
2025.03.31	01:08:19.988	1.29273	1.29278			6
2025.03.31	01:08:20.299	1.29271	1.29276			6
2025.03.31	01:08:31.396		1.29275			4
2025.03.31	01:08:38.160	1.29272	1.29276			6
2025.03.31	01:08:55.736	1.29270	1.29274			6
2025.03.31	01:09:00.084	1.29270				2
2025.03.31	01:09:01.000	1.29272	1.29276			6
2025.03.31	01:09:02.857	1.29273	1.29277			6
2025.03.31	01:09:03.157	1.29275	1.29279			6
2025.03.31	01:09:03.469	1.29277	1.29281			6
2025.03.31	01:09:04.082	1.29280	1.29284			6
2025.03.31	01:09:04.389	1.29278	1.29282			6
2025.03.31	01:09:04.695	1.29275	1.29279			6
2025.03.31	01:09:10.564	1.29271	1.29275			6
2025.03.31	01:09:11.179		1.29276			4
2025.03.31	01:09:11.486	1.29265	1.29270			6
2025.03.31	01:09:11.792	1.29262	1.29267			6
2025.03.31	01:09:12.098	1.29263	1.29268			6
2025.03.31	01:09:12.416	1.29264	1.29269			6
2025.03.31	01:09:17.044	1.29257	1.29261			6
2025.03.31	01:09:17.348	1.29250	1.29255			6
2025.03.31	01:09:18.283	1.29249				2
2025.03.31	01:09:18.592	1.29253	1.29258			6
2025.03.31	01:09:18.902	1.29249	1.29254			6
2025.03.31	01:09:22.281	1.29250	1.29256			6
2025.03.31	01:09:22.588	1.29252	1.29255			6
2025.03.31	01:09:22.891	1.29249	1.29254			6
2025.03.31	01:09:23.815	1.29253	1.29258			6
2025.03.31	01:09:24.119	1.29248	1.29254			6
2025.03.31	01:09:24.433	1.29249				2
2025.03.31	01:09:24.738	1.29239	1.29245			6
2025.03.31	01:09:25.044	1.29237	1.29243			6
2025.03.31	01:09:27.208	1.29235	1.29241			6
2025.03.31	01:09:35.205	1.29234	1.29240			6
2025.03.31	01:09:36.429	1.29226	1.29232			6
2025.03.31	01:09:36.735	1.29230	1.29236			6
2025.03.31	01:09:44.428	1.29229	1.29235			6
2025.03.31	01:09:45.354	1.29227	1.29233			6
2025.03.31	01:09:47.200	1.29225	1.29229			6
2025.03.31	01:09:47.503	1.29223				2
2025.03.31	01:09:47.811	1.29227	1.29233			6
2025.03.31	01:09:57.978	1.29229				2
2025.03.31	01:10:00.135	1.29229				2
2025.03.31	01:10:01.065	1.29228	1.29232			6
2025.03.31	01:10:01.367	1.29230	1.29236			6
2025.03.31	01:10:01.677		1.29234			4
2025.03.31	01:10:02.908		1.29236			4
2025.03.31	01:10:04.140		1.29234			4
2025.03.31	01:10:05.062		1.29235			4
2025.03.31	01:10:06.913	1.29234	1.29240			6
2025.03.31	01:10:07.224	1.29233	1.29239			6
2025.03.31	01:10:10.305	1.29232	1.29238			6
2025.03.31	01:10:10.610	1.29236				2
2025.03.31	01:10:10.915	1.29239	1.29245			6
2025.03.31	01:10:16.473	1.29245	1.29249			6
2025.03.31	01:10:17.098		1.29248			4
2025.03.31	01:10:18.325	1.29242	1.29247			6
2025.03.31	01:10:18.627	1.29237	1.29243			6
2025.03.31	01:10:18.944	1.29238	1.29244			6
2025.03.31	01:10:23.257	1.29235	1.29240			6
2025.03.31	01:10:30.339	1.29234				2
2025.03.31	01:10:31.268	1.29235				2
2025.03.31	01:10:32.190	1.29236	1.29241			6
2025.03.31	01:10:35.577	1.29239	1.29244			6
2025.03.31	01:10:36.502	1.29240	1.29245			6
2025.03.31	01:10:44.512	1.29242	1.29247			6
2025.03.31	01:11:00.209	1.29242				2
2025.03.31	01:11:01.136	1.29243	1.29248			6
2025.03.31	01:11:01.442	1.29242	1.29247			6
2025.03.31	01:11:02.980	1.29243	1.29248			6
2025.03.31	01:11:03.594	1.29242	1.29247			6
2025.03.31	01:11:08.500	1.29245	1.29249			6
2025.03.31	01:11:08.806	1.29246	1.29250			6
2025.03.31	01:11:09.112	1.29258	1.29264			6
2025.03.31	01:11:11.588	1.29262	1.29268			6
2025.03.31	01:11:12.512	1.29261	1.29267			6
2025.03.31	01:11:17.758	1.29262	1.29268			6
2025.03.31	01:11:22.049	1.29263	1.29269			6
2025.03.31	01:11:22.351	1.29262	1.29268			6
2025.03.31	01:11:22.973	1.29261	1.29267			6
2025.03.31	01:11:27.905	1.29262	1.29268			6
2025.03.31	01:11:28.213	1.29263	1.29269			6
2025.03.31	01:11:29.136	1.29264	1.29270			6
2025.03.31	01:11:30.373	1.29263	1.29269			6
2025.03.31	01:11:31.910	1.29265	1.29271			6
2025.03.31	01:11:32.216	1.29262	1.29267			6
2025.03.31	01:11:32.526	1.29261				2
2025.03.31	01:11:36.523	1.29257	1.29263			6
2025.03.31	01:11:36.838	1.29258	1.29264			6
2025.03.31	01:11:44.217	1.29259				2
2025.03.31	01:11:45.145	1.29249	1.29254			6
2025.03.31	01:11:45.453	1.29256	1.29260			6
2025.03.31	01:11:45.756	1.29262	1.29267			6
2025.03.31	01:11:46.380	1.29261				2
2025.03.31	01:11:47.295	1.29250	1.29257			6
2025.03.31	01:11:50.672	1.29251	1.29258			6
2025.03.31	01:11:51.284	1.29249	1.29256			6
2025.03.31	01:11:52.826	1.29250	1.29257			6
2025.03.31	01:11:53.129	1.29251	1.29258			6
2025.03.31	01:11:58.980	1.29247	1.29254			6
2025.03.31	01:11:59.288	1.29251	1.29258			6
2025.03.31	01:12:00.208	1.29251				2
2025.03.31	01:12:02.357		1.29257			4
2025.03.31	01:12:04.207	1.29257	1.29261			6
2025.03.31	01:12:04.509	1.29263	1.29269			6
2025.03.31	01:12:04.818	1.29266	1.29272			6
2025.03.31	01:12:05.127	1.29268	1.29274			6
2025.03.31	01:12:05.750	1.29267	1.29273			6
2025.03.31	01:12:06.363		1.29274			4
2025.03.31	01:12:07.590	1.29269	1.29275			6
2025.03.31	01:12:11.602		1.29276			4
2025.03.31	01:12:11.909	1.29271	1.29278			6
2025.03.31	01:12:12.834	1.29275	1.29282			6
2025.03.31	01:12:13.144	1.29276				2
2025.03.31	01:12:13.450		1.29283			4
2025.03.31	01:12:14.991	1.29279	1.29285			6
2025.03.31	01:12:16.848	1.29278				2
2025.03.31	01:12:17.468	1.29279				2
2025.03.31	01:12:20.238		1.29286			4
2025.03.31	01:12:20.545	1.29283	1.29290			6
2025.03.31	01:12:20.850	1.29281	1.29287			6
2025.03.31	01:12:21.154	1.29279	1.29286			6
2025.03.31	01:12:22.083	1.29274	1.29281			6
2025.03.31	01:12:23.922	1.29273	1.29280			6
2025.03.31	01:12:28.227	1.29271	1.29278			6
2025.03.31	01:12:29.471	1.29268	1.29275			6
2025.03.31	01:12:29.780	1.29269	1.29276			6
2025.03.31	01:12:30.087	1.29268	1.29275			6
2025.03.31	01:12:30.397	1.29267	1.29272			6
2025.03.31	01:12:30.698	1.29263	1.29270			6
2025.03.31	01:12:31.946	1.29264	1.29271			6
2025.03.31	01:12:32.864	1.29263	1.29270			6
2025.03.31	01:12:34.092	1.29264	1.29271			6
2025.03.31	01:12:34.400	1.29265	1.29272			6
2025.03.31	01:12:34.713	1.29264	1.29271			6
2025.03.31	01:12:35.019	1.29263	1.29270			6
2025.03.31	01:12:35.323	1.29262	1.29269			6
2025.03.31	01:12:35.939	1.29263	1.29270			6
2025.03.31	01:12:36.246		1.29269			4
2025.03.31	01:12:36.554	1.29262	1.29268			6
2025.03.31	01:12:36.859	1.29263	1.29269			6
2025.03.31	01:12:37.169	1.29258	1.29264			6
2025.03.31	01:12:37.477	1.29259	1.29265			6
2025.03.31	01:12:38.404		1.29266			4
2025.03.31	01:12:39.327		1.29265			4
2025.03.31	01:12:44.256	1.29260	1.29266			6
2025.03.31	01:12:46.102	1.29261	1.29267			6
2025.03.31	01:12:47.024	1.29259	1.29264			6
2025.03.31	01:12:47.326	1.29257	1.29263			6
2025.03.31	01:12:49.794	1.29258	1.29264			6
2025.03.31	01:12:55.336	1.29259				2
2025.03.31	01:12:56.264	1.29255	1.29261			6
2025.03.31	01:12:57.806	1.29253	1.29259			6
2025.03.31	01:12:58.423	1.29254	1.29260			6
2025.03.31	01:12:58.732	1.29255	1.29261			6
2025.03.31	01:12:59.043	1.29254	1.29260			6
2025.03.31	01:12:59.657	1.29255	1.29261			6
2025.03.31	01:13:00.277	1.29254	1.29260			6
2025.03.31	01:13:00.584	1.29256	1.29262			6
2025.03.31	01:13:01.503	1.29254	1.29260			6
2025.03.31	01:13:01.820	1.29256	1.29262			6
2025.03.31	01:13:02.131	1.29257	1.29263			6
2025.03.31	01:13:02.443	1.29256	1.29262			6
2025.03.31	01:13:03.989	1.29257	1.29263			6
2025.03.31	01:13:04.293	1.29258	1.29264			6
2025.03.31	01:13:11.383		1.29263			4
2025.03.31	01:13:11.689	1.29262	1.29267			6
2025.03.31	01:13:13.236	1.29261				2
2025.03.31	01:13:14.164	1.29262				2
2025.03.31	01:13:14.471	1.29269	1.29274			6
2025.03.31	01:13:15.404	1.29268				2
2025.03.31	01:13:16.334	1.29267	1.29273			6
2025.03.31	01:13:19.109	1.29272	1.29278			6
2025.03.31	01:13:20.348	1.29274	1.29280			6
2025.03.31	01:13:20.653		1.29279			4
2025.03.31	01:13:20.969	1.29276				2
2025.03.31	01:13:21.583	1.29273	1.29277			6
2025.03.31	01:13:24.667	1.29272	1.29274			6
2025.03.31	01:13:24.978	1.29273	1.29275			6
2025.03.31	01:13:25.906	1.29274	1.29278			6
2025.03.31	01:13:28.379	1.29275				2
2025.03.31	01:13:30.219	1.29272	1.29274			6
2025.03.31	01:13:31.131	1.29265	1.29269			6
2025.03.31	01:13:31.444	1.29264	1.29266			6
2025.03.31	01:13:31.750	1.29261				2
2025.03.31	01:13:32.363	1.29260				2
2025.03.31	01:13:32.673	1.29261				2
2025.03.31	01:13:34.223	1.29262				2
2025.03.31	01:13:37.905	1.29261				2
2025.03.31	01:13:39.747	1.29263	1.29268			6
2025.03.31	01:13:40.363	1.29260	1.29265			6
2025.03.31	01:13:40.670	1.29261				2
2025.03.31	01:13:40.973	1.29262				2
2025.03.31	01:13:41.587	1.29265	1.29268			6
2025.03.31	01:13:42.204	1.29266	1.29269			6
2025.03.31	01:13:42.511	1.29267	1.29271			6
2025.03.31	01:13:42.815	1.29268	1.29272			6
2025.03.31	01:13:43.122	1.29266				2
2025.03.31	01:13:43.432	1.29267				2
2025.03.31	01:13:43.739	1.29269				2
2025.03.31	01:13:44.045	1.29268				2
2025.03.31	01:13:44.352	1.29272	1.29273			6
2025.03.31	01:13:44.658	1.29271				2
2025.03.31	01:13:46.494	1.29269	1.29272			6
2025.03.31	01:13:46.810	1.29267	1.29271			6
2025.03.31	01:13:47.111	1.29268				2
2025.03.31	01:13:48.952	1.29266				2
2025.03.31	01:13:49.255		1.29272			4
2025.03.31	01:13:49.561	1.29267				2
2025.03.31	01:13:50.169	1.29265	1.29271			6
2025.03.31	01:13:50.478	1.29267	1.29272			6
2025.03.31	01:13:51.097	1.29266	1.29271			6
2025.03.31	01:13:51.402	1.29269	1.29272			6
2025.03.31	01:13:51.708	1.29267				2
2025.03.31	01:13:52.014	1.29265	1.29270			6
2025.03.31	01:13:53.243	1.29264				2
2025.03.31	01:13:53.853	1.29265				2
2025.03.31	01:13:54.158		1.29269			4
2025.03.31	01:13:54.767	1.29263				2
2025.03.31	01:13:55.999	1.29264				2
2025.03.31	01:13:56.914	1.29265				2
2025.03.31	01:13:57.220	1.29264				2
2025.03.31	01:13:57.526	1.29263				2
2025.03.31	01:13:59.058	1.29264				2
2025.03.31	01:13:59.367	1.29265				2
2025.03.31	01:14:00.284	1.29264				2
2025.03.31	01:14:00.589	1.29260	1.29263			6
2025.03.31	01:14:00.894	1.29258	1.29262			6
2025.03.31	01:14:01.205	1.29259				2
2025.03.31	01:14:01.513	1.29257				2
2025.03.31	01:14:02.125	1.29256				2
2025.03.31	01:14:04.583	1.29255	1.29261			6
2025.03.31	01:14:05.189	1.29258	1.29262			6
2025.03.31	01:14:06.416	1.29259				2
2025.03.31	01:14:06.722	1.29258	1.29263			6
2025.03.31	01:14:07.331	1.29259				2
2025.03.31	01:14:07.636	1.29258				2
2025.03.31	01:14:08.246	1.29259	1.29264			6
2025.03.31	01:14:14.705	1.29258	1.29263			6
2025.03.31	01:14:18.101	1.29259				2
2025.03.31	01:14:18.712	1.29258				2
2025.03.31	01:14:21.489	1.29257	1.29262			6
2025.03.31	01:14:22.106	1.29258	1.29263			6
2025.03.31	01:14:29.799	1.29259	1.29264			6
2025.03.31	01:14:30.111		1.29263			4
2025.03.31	01:14:30.718	1.29257	1.29261			6
2025.03.31	01:14:31.027	1.29247	1.29251			6
2025.03.31	01:14:32.243	1.29246	1.29252			6
2025.03.31	01:14:33.180	1.29245	1.29250			6
2025.03.31	01:14:33.800	1.29242	1.29246			6
2025.03.31	01:14:34.106		1.29247			4
2025.03.31	01:14:35.338	1.29241				2
2025.03.31	01:14:35.951	1.29240	1.29246			6
2025.03.31	01:14:36.264	1.29241				2
2025.03.31	01:14:38.120	1.29239	1.29244			6
2025.03.31	01:14:38.430	1.29238	1.29243			6
2025.03.31	01:14:40.585	1.29237	1.29242			6
2025.03.31	01:14:43.975	1.29236	1.29241			6
2025.03.31	01:14:45.831	1.29234	1.29239			6
2025.03.31	01:14:46.138	1.29236	1.29241			6
2025.03.31	01:14:47.368	1.29237	1.29242			6
2025.03.31	01:14:51.365	1.29233	1.29238			6
2025.03.31	01:14:53.836	1.29236	1.29241			6
2025.03.31	01:14:54.144	1.29237	1.29242			6
2025.03.31	01:14:56.605	1.29236	1.29241			6
2025.03.31	01:14:57.220	1.29238	1.29242			6
2025.03.31	01:14:59.998	1.29244	1.29249			6
2025.03.31	01:15:00.306	1.29245	1.29250			6
2025.03.31	01:15:01.235	1.29244	1.29249			6
2025.03.31	01:15:01.854	1.29245	1.29250			6
2025.03.31	01:15:02.162	1.29244	1.29249			6
2025.03.31	01:15:03.083		1.29248			4
2025.03.31	01:15:03.387	1.29241	1.29245			6
2025.03.31	01:15:04.003	1.29242	1.29247			6
2025.03.31	01:15:04.320	1.29241				2
2025.03.31	01:15:05.558	1.29240	1.29246			6
2025.03.31	01:15:06.168	1.29241	1.29247			6
2025.03.31	01:15:06.789	1.29248	1.29254			6
2025.03.31	01:15:07.094	1.29245	1.29251			6
2025.03.31	01:15:07.400	1.29246	1.29252			6
2025.03.31	01:15:08.324	1.29242	1.29247			6
2025.03.31	01:15:08.631	1.29241	1.29244			6
2025.03.31	01:15:08.934	1.29242	1.29248			6
2025.03.31	01:15:09.872		1.29247			4
2025.03.31	01:15:10.495		1.29248			4
2025.03.31	01:15:12.985	1.29243	1.29249			6
2025.03.31	01:15:13.291	1.29242	1.29248			6
2025.03.31	01:15:15.145	1.29245	1.29249			6
2025.03.31	01:15:15.449		1.29250			4
2025.03.31	01:15:15.754		1.29251			4
2025.03.31	01:15:16.062	1.29238	1.29243			6
2025.03.31	01:15:16.370	1.29237				2
2025.03.31	01:15:18.530	1.29241				2
2025.03.31	01:15:18.835	1.29239				2
2025.03.31	01:15:19.150	1.29238				2
2025.03.31	01:15:19.766	1.29239				2
2025.03.31	01:15:21.619		1.29244			4
2025.03.31	01:15:21.922	1.29238	1.29243			6
2025.03.31	01:15:22.236	1.29237				2
2025.03.31	01:15:22.848	1.29238				2
2025.03.31	01:15:23.156	1.29237				2
2025.03.31	01:15:24.085	1.29238				2
2025.03.31	01:15:25.002	1.29237				2
2025.03.31	01:15:27.461	1.29238				2
2025.03.31	01:15:28.080	1.29240	1.29246			6
2025.03.31	01:15:30.849	1.29241	1.29247			6
2025.03.31	01:15:31.773	1.29240	1.29246			6
2025.03.31	01:15:32.081	1.29241	1.29247			6
2025.03.31	01:15:34.229	1.29242				2
2025.03.31	01:15:35.765	1.29241	1.29246			6
2025.03.31	01:15:36.075	1.29243	1.29248			6
2025.03.31	01:15:36.387	1.29241	1.29246			6
2025.03.31	01:15:37.626	1.29242	1.29247			6
2025.03.31	01:15:38.240	1.29241	1.29246			6
2025.03.31	01:15:38.552	1.29242	1.29247			6
2025.03.31	01:15:39.164	1.29241	1.29246			6
2025.03.31	01:15:42.553	1.29242	1.29247			6
2025.03.31	01:15:45.631	1.29241	1.29246			6
2025.03.31	01:15:47.171	1.29242	1.29247			6
2025.03.31	01:15:47.475	1.29243	1.29248			6
2025.03.31	01:15:47.790	1.29244	1.29249			6
2025.03.31	01:15:48.092	1.29243	1.29248			6
2025.03.31	01:15:49.332	1.29240	1.29244			6
2025.03.31	01:15:49.641	1.29239				2
2025.03.31	01:15:50.870		1.29243			4
2025.03.31	01:15:53.328	1.29238				2
2025.03.31	01:15:54.252	1.29239				2
2025.03.31	01:15:54.870	1.29238				2
2025.03.31	01:15:58.256		1.29242			4
2025.03.31	01:15:58.876		1.29243			4
2025.03.31	01:15:59.803		1.29242			4
2025.03.31	01:16:00.108	1.29241	1.29245			6
2025.03.31	01:16:01.332		1.29246			4
2025.03.31	01:16:01.952	1.29242	1.29247			6
2025.03.31	01:16:02.261	1.29241	1.29246			6
2025.03.31	01:16:03.182		1.29245			4
2025.03.31	01:16:04.408	1.29245	1.29249			6
2025.03.31	01:16:05.315	1.29244				2
2025.03.31	01:16:05.621	1.29245	1.29250			6
2025.03.31	01:16:05.929	1.29244	1.29249			6
2025.03.31	01:16:06.236	1.29245	1.29250			6
2025.03.31	01:16:06.855	1.29244	1.29249			6
2025.03.31	01:16:07.162	1.29243	1.29247			6
2025.03.31	01:16:10.225	1.29241	1.29245			6
2025.03.31	01:16:10.527	1.29242	1.29246			6
2025.03.31	01:16:14.468	1.29235	1.29239			6
2025.03.31	01:16:15.384		1.29240			4
2025.03.31	01:16:15.687	1.29233	1.29238			6
2025.03.31	01:16:17.228	1.29236	1.29241			6
2025.03.31	01:16:17.531	1.29235	1.29240			6
2025.03.31	01:16:20.608	1.29231	1.29236			6
2025.03.31	01:16:23.069	1.29233	1.29238			6
2025.03.31	01:16:24.618	1.29235	1.29239			6
2025.03.31	01:16:26.151	1.29234				2
2025.03.31	01:16:27.379	1.29235				2
2025.03.31	01:16:29.840	1.29233	1.29238			6
2025.03.31	01:16:33.232		1.29237			4
2025.03.31	01:16:40.264	1.29232	1.29235			6
2025.03.31	01:16:41.491	1.29230	1.29232			6
2025.03.31	01:16:41.794	1.29222	1.29226			6
2025.03.31	01:16:42.104	1.29223	1.29228			6
2025.03.31	01:16:43.652	1.29225	1.29230			6
2025.03.31	01:16:43.960	1.29224	1.29229			6
2025.03.31	01:16:44.879	1.29227	1.29232			6
2025.03.31	01:16:46.732	1.29228	1.29233			6
2025.03.31	01:16:47.039	1.29229	1.29234			6
2025.03.31	01:16:48.897	1.29228	1.29233			6
2025.03.31	01:16:49.504	1.29230	1.29235			6
2025.03.31	01:16:50.744	1.29229	1.29234			6
2025.03.31	01:16:51.669	1.29230	1.29235			6
2025.03.31	01:16:51.984	1.29229	1.29234			6
2025.03.31	01:16:52.599	1.29230	1.29235			6
2025.03.31	01:16:54.444	1.29232	1.29237			6
2025.03.31	01:16:55.060	1.29231	1.29236			6
2025.03.31	01:16:55.676	1.29232	1.29237			6
2025.03.31	01:16:55.986	1.29231	1.29236			6
2025.03.31	01:16:57.213	1.29233	1.29237			6
2025.03.31	01:16:57.523	1.29238	1.29239			6
2025.03.31	01:16:57.828	1.29241	1.29246			6
2025.03.31	01:16:58.148	1.29239	1.29245			6
2025.03.31	01:17:00.305	1.29239				2
2025.03.31	01:17:00.918	1.29238	1.29244			6
2025.03.31	01:17:01.225	1.29237	1.29243			6
2025.03.31	01:17:02.152		1.29241			4
2025.03.31	01:17:03.076		1.29242			4
2025.03.31	01:17:03.384	1.29238	1.29244			6
2025.03.31	01:17:05.538	1.29231	1.29235			6
2025.03.31	01:17:06.149		1.29236			4
2025.03.31	01:17:08.922		1.29237			4
2025.03.31	01:17:09.843	1.29235	1.29239			6
2025.03.31	01:17:10.146		1.29241			4
2025.03.31	01:17:11.692	1.29236	1.29242			6
2025.03.31	01:17:12.003	1.29238	1.29244			6
2025.03.31	01:17:14.151	1.29239	1.29245			6
2025.03.31	01:17:15.074	1.29238	1.29244			6
2025.03.31	01:17:15.379	1.29239	1.29245			6
2025.03.31	01:17:16.305	1.29241	1.29247			6
2025.03.31	01:17:16.614	1.29240	1.29246			6
2025.03.31	01:17:21.543	1.29243	1.29249			6
2025.03.31	01:17:22.166	1.29242	1.29248			6
2025.03.31	01:17:24.018	1.29252	1.29258			6
2025.03.31	01:17:24.938	1.29255	1.29261			6
2025.03.31	01:17:25.251	1.29254				2
2025.03.31	01:17:25.865	1.29253	1.29260			6
2025.03.31	01:17:26.178	1.29254	1.29261			6
2025.03.31	01:17:31.397		1.29260			4
2025.03.31	01:17:34.780	1.29255	1.29261			6
2025.03.31	01:17:35.386	1.29256	1.29262			6
2025.03.31	01:17:35.704	1.29255	1.29261			6
2025.03.31	01:17:37.250	1.29257	1.29263			6
2025.03.31	01:17:37.560	1.29259	1.29265			6
2025.03.31	01:17:38.787	1.29260				2
2025.03.31	01:17:39.405	1.29259				2
2025.03.31	01:17:41.562	1.29258	1.29264			6
2025.03.31	01:17:41.867	1.29255	1.29261			6
2025.03.31	01:17:42.179	1.29259	1.29265			6
2025.03.31	01:17:42.488	1.29258	1.29264			6
2025.03.31	01:17:44.028	1.29259	1.29265			6
2025.03.31	01:17:47.414	1.29257	1.29261			6
2025.03.31	01:17:47.718	1.29255				2
2025.03.31	01:17:49.261	1.29256	1.29262			6
2025.03.31	01:17:49.568	1.29257	1.29263			6
2025.03.31	01:17:50.490	1.29256	1.29262			6
2025.03.31	01:17:50.796	1.29257	1.29263			6
2025.03.31	01:17:51.108	1.29256	1.29262			6
2025.03.31	01:17:52.343	1.29257	1.29263			6
2025.03.31	01:17:52.645	1.29256	1.29262			6
2025.03.31	01:17:53.878	1.29257	1.29263			6
2025.03.31	01:17:54.492	1.29258	1.29264			6
2025.03.31	01:17:55.109	1.29257	1.29263			6
2025.03.31	01:17:56.038	1.29258	1.29264			6
2025.03.31	01:17:56.348	1.29259	1.29265			6
2025.03.31	01:17:59.115	1.29260	1.29266			6
2025.03.31	01:17:59.424	1.29258	1.29264			6
2025.03.31	01:18:00.038	1.29258				2
2025.03.31	01:18:02.190	1.29259				2
2025.03.31	01:18:06.484	1.29263	1.29267			6
2025.03.31	01:18:08.327	1.29262	1.29266			6
2025.03.31	01:18:08.635	1.29261				2
2025.03.31	01:18:09.244	1.29262				2
2025.03.31	01:18:09.555		1.29267			4
2025.03.31	01:18:09.860		1.29266			4
2025.03.31	01:18:10.784		1.29265			4
2025.03.31	01:18:11.089	1.29261	1.29266			6
2025.03.31	01:18:13.229		1.29265			4
2025.03.31	01:18:15.982	1.29263	1.29267			6
2025.03.31	01:18:16.286		1.29268			4
2025.03.31	01:18:16.598	1.29262	1.29266			6
2025.03.31	01:18:17.209		1.29267			4
2025.03.31	01:18:18.439		1.29266			4
2025.03.31	01:18:19.360		1.29267			4
2025.03.31	01:18:19.669		1.29266			4
2025.03.31	01:18:23.047	1.29264	1.29267			6
2025.03.31	01:18:23.353	1.29266	1.29269			6
2025.03.31	01:18:24.273		1.29268			4
2025.03.31	01:18:24.584		1.29269			4
2025.03.31	01:18:25.191		1.29267			4
2025.03.31	01:18:25.498	1.29265				2
2025.03.31	01:18:26.414		1.29268			4
2025.03.31	01:18:26.725	1.29274	1.29276			6
2025.03.31	01:18:27.027	1.29272	1.29273			6
2025.03.31	01:18:27.331	1.29265	1.29270			6
2025.03.31	01:18:27.637	1.29268	1.29271			6
2025.03.31	01:18:27.940	1.29266				2
2025.03.31	01:18:28.247	1.29265				2
2025.03.31	01:18:31.938	1.29268				2
2025.03.31	01:18:32.240	1.29271	1.29276			6
2025.03.31	01:18:33.471		1.29275			4
2025.03.31	01:18:35.006		1.29276			4
2025.03.31	01:18:36.239	1.29264	1.29266			6
2025.03.31	01:18:36.548		1.29267			4
2025.03.31	01:18:41.164		1.29266			4
2025.03.31	01:18:45.799	1.29260	1.29263			6
2025.03.31	01:18:47.345	1.29264	1.29265			6
2025.03.31	01:18:50.117		1.29267			4
2025.03.31	01:18:52.266		1.29266			4
2025.03.31	01:18:52.891		1.29267			4
2025.03.31	01:18:53.195		1.29266			4
2025.03.31	01:18:53.804		1.29267			4
2025.03.31	01:18:55.034		1.29266			4
2025.03.31	01:18:55.344		1.29267			4
2025.03.31	01:18:56.265		1.29266			4
2025.03.31	01:18:57.497		1.29267			4
2025.03.31	01:18:58.109	1.29263	1.29266			6
2025.03.31	01:18:58.415		1.29265			4
2025.03.31	01:18:59.647		1.29266			4
2025.03.31	01:19:00.261	1.29263				2
2025.03.31	01:19:01.186	1.29262	1.29264			6
2025.03.31	01:19:01.492		1.29265			4
2025.03.31	01:19:02.112		1.29264			4
2025.03.31	01:19:03.655		1.29265			4
2025.03.31	01:19:07.041	1.29266	1.29268			6
2025.03.31	01:19:07.362		1.29267			4
2025.03.31	01:19:07.977	1.29264	1.29265			6
2025.03.31	01:19:08.278	1.29266	1.29267			6
2025.03.31	01:19:08.898	1.29264	1.29266			6
2025.03.31	01:19:09.202		1.29265			4
2025.03.31	01:19:10.431	1.29261	1.29264			6
2025.03.31	01:19:10.740		1.29263			4
2025.03.31	01:19:11.044		1.29264			4
2025.03.31	01:19:11.353		1.29263			4
2025.03.31	01:19:12.575	1.29257	1.29258			6
2025.03.31	01:19:12.890	1.29254	1.29257			6
2025.03.31	01:19:13.196		1.29258			4
2025.03.31	01:19:13.509	1.29255	1.29257			6
2025.03.31	01:19:13.813		1.29258			4
2025.03.31	01:19:17.194		1.29259			4
2025.03.31	01:19:17.506	1.29254	1.29257			6
2025.03.31	01:19:17.808	1.29253	1.29256			6
2025.03.31	01:19:18.119		1.29258			4
2025.03.31	01:19:21.195		1.29257			4
2025.03.31	01:19:22.420	1.29254	1.29258			6
2025.03.31	01:19:24.242	1.29253	1.29256			6
2025.03.31	01:19:25.152		1.29257			4
2025.03.31	01:19:26.062		1.29256			4
2025.03.31	01:19:26.369	1.29254	1.29258			6
2025.03.31	01:19:26.672	1.29253	1.29257			6
2025.03.31	01:19:27.581		1.29256			4
2025.03.31	01:19:29.401		1.29257			4
2025.03.31	01:19:29.713	1.29254	1.29258			6
2025.03.31	01:19:30.017	1.29253	1.29257			6
2025.03.31	01:19:30.331	1.29254	1.29255			6
2025.03.31	01:19:43.161		1.29256			4
2025.03.31	01:19:44.390		1.29257			4
2025.03.31	01:19:44.698		1.29256			4
2025.03.31	01:19:45.008	1.29253	1.29255			6
2025.03.31	01:19:47.167	1.29245	1.29247			6
2025.03.31	01:19:47.472		1.29246			4
2025.03.31	01:19:47.785	1.29244	1.29247			6
2025.03.31	01:19:48.097	1.29245				2
2025.03.31	01:19:48.399	1.29244	1.29248			6
2025.03.31	01:19:48.708		1.29247			4
2025.03.31	01:19:52.099		1.29248			4
2025.03.31	01:19:52.405		1.29247			4
2025.03.31	01:19:52.723		1.29248			4
2025.03.31	01:19:53.336	1.29246	1.29247			6
2025.03.31	01:19:54.585		1.29248			4
2025.03.31	01:19:54.887	1.29242	1.29243			6
2025.03.31	01:19:55.501	1.29243	1.29246			6
2025.03.31	01:19:55.812		1.29245			4
2025.03.31	01:19:56.120	1.29245	1.29250			6
2025.03.31	01:19:56.742		1.29249			4
2025.03.31	01:19:57.047		1.29248			4
2025.03.31	01:19:57.357		1.29249			4
2025.03.31	01:19:57.659	1.29244	1.29245			6
2025.03.31	01:19:57.964		1.29246			4
2025.03.31	01:19:59.806	1.29245	1.29248			6
2025.03.31	01:20:00.120	1.29245				2
2025.03.31	01:20:02.280	1.29246				2
2025.03.31	01:20:02.582		1.29250			4
2025.03.31	01:20:04.441	1.29245	1.29248			6
2025.03.31	01:20:04.750		1.29249			4
2025.03.31	01:20:05.360		1.29248			4
2025.03.31	01:20:06.592	1.29243	1.29247			6
2025.03.31	01:20:06.896		1.29246			4
2025.03.31	01:20:07.205		1.29245			4
2025.03.31	01:20:07.506		1.29244			4
2025.03.31	01:20:09.363		1.29245			4
2025.03.31	01:20:10.596	1.29241	1.29244			6
2025.03.31	01:20:10.898		1.29243			4
2025.03.31	01:20:11.213	1.29240	1.29244			6
2025.03.31	01:20:11.832	1.29244	1.29247			6
2025.03.31	01:20:12.138	1.29243				2
2025.03.31	01:20:12.761		1.29246			4
2025.03.31	01:20:13.069	1.29248	1.29249			6
2025.03.31	01:20:13.381	1.29249	1.29253			6
2025.03.31	01:20:13.687	1.29248	1.29251			6
2025.03.31	01:20:13.996		1.29252			4
2025.03.31	01:20:14.608	1.29249	1.29253			6
2025.03.31	01:20:14.916		1.29254			4
2025.03.31	01:20:15.532		1.29253			4
2025.03.31	01:20:16.762	1.29252	1.29256			6
2025.03.31	01:20:17.069	1.29250	1.29254			6
2025.03.31	01:20:17.374		1.29253			4
2025.03.31	01:20:18.920	1.29248				2
2025.03.31	01:20:19.228		1.29251			4
2025.03.31	01:20:19.542		1.29250			4
2025.03.31	01:20:20.461		1.29251			4
2025.03.31	01:20:21.079	1.29247	1.29249			6
2025.03.31	01:20:21.388		1.29250			4
2025.03.31	01:20:22.307		1.29251			4
2025.03.31	01:20:22.616		1.29250			4
2025.03.31	01:20:25.696	1.29248	1.29252			6
2025.03.31	01:20:26.008	1.29247	1.29250			6
2025.03.31	01:20:26.624		1.29249			4
2025.03.31	01:20:27.238		1.29250			4
2025.03.31	01:20:28.469		1.29251			4
2025.03.31	01:20:29.397	1.29248				2
2025.03.31	01:20:30.319	1.29253	1.29255			6
2025.03.31	01:20:30.627		1.29257			4
2025.03.31	01:20:32.178		1.29258			4
2025.03.31	01:20:34.638	1.29255	1.29260			6
2025.03.31	01:20:35.870		1.29259			4
2025.03.31	01:20:36.793		1.29258			4
2025.03.31	01:20:37.101	1.29258	1.29260			6
2025.03.31	01:20:37.409		1.29262			4
2025.03.31	01:20:37.720		1.29263			4
2025.03.31	01:20:38.031		1.29262			4
2025.03.31	01:20:39.880	1.29257	1.29261			6
2025.03.31	01:20:42.035	1.29256	1.29259			6
2025.03.31	01:20:47.266		1.29258			4
2025.03.31	01:20:53.434	1.29254	1.29257			6
2025.03.31	01:20:53.741		1.29256			4
2025.03.31	01:20:56.207		1.29257			4
2025.03.31	01:20:57.442	1.29253	1.29256			6
2025.03.31	01:20:57.748		1.29255			4
2025.03.31	01:20:58.364	1.29252				2
2025.03.31	01:21:00.222	1.29252				2
2025.03.31	01:21:00.844	1.29251	1.29254			6
2025.03.31	01:21:01.455		1.29255			4
2025.03.31	01:21:02.073	1.29252				2
2025.03.31	01:21:03.303	1.29251				2
2025.03.31	01:21:03.607		1.29254			4
2025.03.31	01:21:04.223		1.29253			4
2025.03.31	01:21:04.539	1.29250	1.29254			6
2025.03.31	01:21:05.146		1.29253			4
2025.03.31	01:21:06.674	1.29251				2
2025.03.31	01:21:11.308	1.29243	1.29245			6
2025.03.31	01:21:12.236		1.29246			4
2025.03.31	01:21:13.776	1.29242	1.29245			6
2025.03.31	01:21:15.932	1.29249	1.29250			6
2025.03.31	01:21:16.235	1.29252	1.29257			6
2025.03.31	01:21:16.861		1.29256			4
2025.03.31	01:21:17.169		1.29257			4
2025.03.31	01:21:19.324		1.29256			4
2025.03.31	01:21:27.328		1.29257			4
2025.03.31	01:21:27.636	1.29267	1.29273			6
2025.03.31	01:21:27.952	1.29264	1.29266			6
2025.03.31	01:21:28.257		1.29268			4
2025.03.31	01:21:33.491	1.29263	1.29267			6
2025.03.31	01:21:33.803		1.29268			4
2025.03.31	01:21:36.271	1.29262	1.29266			6
2025.03.31	01:21:36.577		1.29267			4
2025.03.31	01:21:37.197		1.29265			4
2025.03.31	01:21:37.514		1.29266			4
2025.03.31	01:21:41.198		1.29265			4
2025.03.31	01:21:43.046		1.29267			4
2025.03.31	01:21:43.968		1.29266			4
2025.03.31	01:21:44.272	1.29255	1.29260			6
2025.03.31	01:21:45.204	1.29258	1.29262			6
2025.03.31	01:21:45.507		1.29260			4
2025.03.31	01:21:46.730	1.29256				2
2025.03.31	01:21:47.038		1.29261			4
2025.03.31	01:21:47.344		1.29260			4
2025.03.31	01:21:48.575	1.29258	1.29262			6
2025.03.31	01:21:49.502	1.29257				2
2025.03.31	01:21:50.125	1.29258				2
2025.03.31	01:21:51.045		1.29263			4
2025.03.31	01:21:51.352	1.29257				2
2025.03.31	01:21:55.361	1.29258	1.29260			6
2025.03.31	01:21:55.970	1.29255				2
2025.03.31	01:21:57.205		1.29259			4
2025.03.31	01:21:57.519		1.29260			4
2025.03.31	01:22:00.288	1.29255				2
2025.03.31	01:22:00.597		1.29259			4
2025.03.31	01:22:00.911		1.29260			4
2025.03.31	01:22:01.833	1.29256				2
2025.03.31	01:22:02.147	1.29255				2
2025.03.31	01:22:06.452	1.29256	1.29261			6
2025.03.31	01:22:06.759	1.29255	1.29260			6
2025.03.31	01:22:07.370	1.29254	1.29258			6
2025.03.31	01:22:18.158		1.29259			4
2025.03.31	01:22:18.465	1.29258	1.29262			6
2025.03.31	01:22:18.773	1.29256	1.29261			6
2025.03.31	01:22:19.090	1.29257				2
2025.03.31	01:22:20.624	1.29256				2
2025.03.31	01:22:20.931	1.29259	1.29264			6
2025.03.31	01:22:21.236	1.29258	1.29263			6
2025.03.31	01:22:21.856	1.29259	1.29264			6
2025.03.31	01:22:24.010	1.29260				2
2025.03.31	01:22:25.527	1.29264	1.29268			6
2025.03.31	01:22:26.135	1.29262	1.29265			6
2025.03.31	01:22:26.438		1.29266			4
2025.03.31	01:22:27.953	1.29265	1.29269			6
2025.03.31	01:22:28.558	1.29264	1.29268			6
2025.03.31	01:22:29.467	1.29263	1.29267			6
2025.03.31	01:22:35.264	1.29264	1.29268			6
2025.03.31	01:22:35.570	1.29263	1.29267			6
2025.03.31	01:22:39.833	1.29267	1.29271			6
2025.03.31	01:22:40.137	1.29266	1.29269			6
2025.03.31	01:22:41.973	1.29267	1.29271			6
2025.03.31	01:22:42.274	1.29266	1.29270			6
2025.03.31	01:22:42.886	1.29265	1.29267			6
2025.03.31	01:22:43.191	1.29266	1.29270			6
2025.03.31	01:22:45.032	1.29265	1.29269			6
2025.03.31	01:22:45.960	1.29266	1.29270			6
2025.03.31	01:22:49.968	1.29265	1.29268			6
2025.03.31	01:22:51.192	1.29266	1.29270			6
2025.03.31	01:22:51.504	1.29263	1.29266			6
2025.03.31	01:22:51.807	1.29264	1.29268			6
2025.03.31	01:22:52.109	1.29263	1.29267			6
2025.03.31	01:22:53.644	1.29264	1.29268			6
2025.03.31	01:22:53.951	1.29262	1.29266			6
2025.03.31	01:22:54.253	1.29263	1.29267			6
2025.03.31	01:22:57.348	1.29264				2
2025.03.31	01:23:00.098	1.29264				2
2025.03.31	01:23:00.709	1.29265	1.29268			6
2025.03.31	01:23:05.276	1.29264	1.29267			6
2025.03.31	01:23:05.588	1.29265	1.29268			6
2025.03.31	01:23:05.891	1.29267	1.29270			6
2025.03.31	01:23:07.104	1.29264	1.29267			6
2025.03.31	01:23:08.645	1.29265	1.29268			6
2025.03.31	01:23:08.955	1.29264	1.29267			6
2025.03.31	01:23:09.261	1.29265	1.29268			6
2025.03.31	01:23:12.018	1.29264	1.29267			6
2025.03.31	01:23:12.325	1.29266	1.29269			6
2025.03.31	01:23:14.463	1.29267	1.29270			6
2025.03.31	01:23:15.080	1.29266	1.29269			6
2025.03.31	01:23:16.904	1.29268	1.29270			6
2025.03.31	01:23:17.520	1.29267				2
2025.03.31	01:23:19.042	1.29268				2
2025.03.31	01:23:20.254		1.29271			4
2025.03.31	01:23:20.559	1.29279	1.29281			6
2025.03.31	01:23:20.859	1.29276	1.29279			6
2025.03.31	01:23:21.165	1.29275	1.29280			6
2025.03.31	01:23:21.778		1.29279			4
2025.03.31	01:23:27.928	1.29276				2
2025.03.31	01:23:28.246	1.29275				2
2025.03.31	01:23:29.477	1.29276	1.29280			6
2025.03.31	01:23:29.792	1.29280	1.29283			6
2025.03.31	01:23:30.094	1.29277	1.29281			6
2025.03.31	01:23:31.018	1.29274	1.29277			6
2025.03.31	01:23:31.944		1.29278			4
2025.03.31	01:23:32.251		1.29279			4
2025.03.31	01:23:33.165		1.29278			4
2025.03.31	01:23:35.025		1.29277			4
2025.03.31	01:23:35.639		1.29278			4
2025.03.31	01:23:36.260		1.29277			4
2025.03.31	01:23:36.873		1.29278			4
2025.03.31	01:23:37.484		1.29277			4
2025.03.31	01:23:38.407		1.29278			4
2025.03.31	01:23:38.718		1.29277			4
2025.03.31	01:23:46.107	1.29278	1.29279			6
2025.03.31	01:23:46.410		1.29280			4
2025.03.31	01:23:46.716	1.29277	1.29281			6
2025.03.31	01:23:48.264	1.29278	1.29280			6
2025.03.31	01:23:50.416		1.29281			4
2025.03.31	01:23:50.720	1.29279	1.29282			6
2025.03.31	01:23:51.029	1.29278	1.29280			6
2025.03.31	01:23:51.337	1.29277	1.29281			6
2025.03.31	01:23:54.732	1.29278	1.29282			6
2025.03.31	01:23:55.343	1.29279	1.29283			6
2025.03.31	01:23:55.951	1.29278	1.29282			6
2025.03.31	01:23:56.255	1.29279	1.29283			6
2025.03.31	01:23:56.561	1.29278	1.29282			6
2025.03.31	01:23:56.871	1.29285	1.29288			6
2025.03.31	01:23:57.486		1.29289			4
2025.03.31	01:23:58.106		1.29290			4
2025.03.31	01:23:58.726	1.29287	1.29292			6
2025.03.31	01:23:59.030	1.29286	1.29291			6
2025.03.31	01:23:59.335	1.29287	1.29292			6
2025.03.31	01:23:59.947	1.29285	1.29290			6
2025.03.31	01:24:00.255	1.29285				2
2025.03.31	01:24:00.874	1.29286	1.29291			6
2025.03.31	01:24:02.105	1.29281	1.29284			6
2025.03.31	01:24:02.714		1.29285			4
2025.03.31	01:24:03.326		1.29286			4
2025.03.31	01:24:05.486	1.29283				2
2025.03.31	01:24:05.792	1.29285	1.29290			6
2025.03.31	01:24:06.413	1.29284	1.29289			6
2025.03.31	01:24:06.727	1.29283	1.29287			6
2025.03.31	01:24:07.342		1.29288			4
2025.03.31	01:24:07.953	1.29284	1.29289			6
2025.03.31	01:24:08.571		1.29288			4
2025.03.31	01:24:09.491	1.29285	1.29290			6
2025.03.31	01:24:10.724	1.29284	1.29289			6
2025.03.31	01:24:11.039	1.29285	1.29290			6
2025.03.31	01:24:11.347	1.29284	1.29289			6
2025.03.31	01:24:12.271	1.29285	1.29290			6
2025.03.31	01:24:13.202		1.29289			4
2025.03.31	01:24:19.348	1.29289	1.29293			6
2025.03.31	01:24:19.657	1.29288	1.29292			6
2025.03.31	01:24:20.887	1.29291	1.29295			6
2025.03.31	01:24:21.192	1.29289	1.29293			6
2025.03.31	01:24:22.746	1.29290	1.29294			6
2025.03.31	01:24:24.592	1.29288	1.29292			6
2025.03.31	01:24:24.903	1.29289				2
2025.03.31	01:24:25.210	1.29290	1.29294			6
2025.03.31	01:24:25.515		1.29293			4
2025.03.31	01:24:25.827	1.29289				2
2025.03.31	01:24:26.448	1.29290	1.29294			6
2025.03.31	01:24:26.752		1.29293			4
2025.03.31	01:24:27.366	1.29288	1.29291			6
2025.03.31	01:24:28.293		1.29292			4
2025.03.31	01:24:28.910	1.29289				2
2025.03.31	01:24:29.219	1.29288				2
2025.03.31	01:24:29.835	1.29289	1.29293			6
2025.03.31	01:24:30.756	1.29288	1.29292			6
2025.03.31	01:24:31.375	1.29289	1.29293			6
2025.03.31	01:24:32.295		1.29292			4
2025.03.31	01:24:33.524	1.29290	1.29294			6
2025.03.31	01:24:33.841	1.29292	1.29296			6
2025.03.31	01:24:34.447	1.29293	1.29297			6
2025.03.31	01:24:37.524	1.29294				2
2025.03.31	01:24:38.146	1.29293				2
2025.03.31	01:24:38.452	1.29294				2
2025.03.31	01:24:38.766	1.29293				2
2025.03.31	01:24:39.072	1.29294				2
2025.03.31	01:24:40.918	1.29293				2
2025.03.31	01:24:41.226	1.29294	1.29298			6
2025.03.31	01:24:43.071	1.29293	1.29296			6
2025.03.31	01:24:43.378	1.29294	1.29297			6
2025.03.31	01:24:43.691	1.29293				2
2025.03.31	01:24:44.304	1.29294	1.29298			6
2025.03.31	01:24:44.609	1.29293	1.29297			6
2025.03.31	01:24:45.224	1.29294	1.29298			6
2025.03.31	01:24:45.843	1.29293	1.29297			6
2025.03.31	01:24:46.146	1.29294	1.29298			6
2025.03.31	01:24:46.760	1.29293	1.29297			6
2025.03.31	01:24:47.073	1.29294	1.29298			6
2025.03.31	01:24:47.384	1.29293	1.29297			6
2025.03.31	01:24:51.375		1.29296			4
2025.03.31	01:24:51.688	1.29292	1.29295			6
2025.03.31	01:24:52.301	1.29291				2
2025.03.31	01:24:53.534	1.29292				2
2025.03.31	01:24:55.692	1.29293				2
2025.03.31	01:24:56.928	1.29292				2
2025.03.31	01:24:57.236	1.29293				2
2025.03.31	01:24:58.456	1.29294				2
2025.03.31	01:24:59.364	1.29293				2
2025.03.31	01:24:59.669	1.29294				2
2025.03.31	01:25:00.275	1.29294				2
2025.03.31	01:25:00.881	1.29293	1.29294			6
2025.03.31	01:25:01.183	1.29285	1.29287			6
2025.03.31	01:25:01.488	1.29284	1.29286			6
2025.03.31	01:25:01.789		1.29285			4
2025.03.31	01:25:02.091	1.29285	1.29290			6
2025.03.31	01:25:02.394	1.29284	1.29287			6
2025.03.31	01:25:03.007	1.29285	1.29290			6
2025.03.31	01:25:03.621	1.29284	1.29287			6
2025.03.31	01:25:03.934		1.29288			4
2025.03.31	01:25:04.241	1.29285	1.29290			6
2025.03.31	01:25:05.154	1.29284	1.29289			6
2025.03.31	01:25:05.772		1.29288			4
2025.03.31	01:25:07.001		1.29287			4
2025.03.31	01:25:08.537	1.29285	1.29288			6
2025.03.31	01:25:08.845	1.29284				2
2025.03.31	01:25:09.158		1.29289			4
2025.03.31	01:25:10.385	1.29283	1.29287			6
2025.03.31	01:25:10.689	1.29284	1.29288			6
2025.03.31	01:25:11.308		1.29289			4
2025.03.31	01:25:13.153		1.29288			4
2025.03.31	01:25:16.853	1.29285	1.29289			6
2025.03.31	01:25:17.160	1.29284	1.29286			6
2025.03.31	01:25:17.466		1.29288			4
2025.03.31	01:25:17.777		1.29286			4
2025.03.31	01:25:18.392		1.29287			4
2025.03.31	01:25:18.700	1.29280	1.29283			6
2025.03.31	01:25:19.016		1.29284			4
2025.03.31	01:25:19.626	1.29281				2
2025.03.31	01:25:20.856	1.29282				2
2025.03.31	01:25:25.169		1.29283			4
2025.03.31	01:25:25.470	1.29274	1.29277			6
2025.03.31	01:25:26.386		1.29278			4
2025.03.31	01:25:26.691		1.29279			4
2025.03.31	01:25:27.001		1.29278			4
2025.03.31	01:25:28.237		1.29279			4
2025.03.31	01:25:29.161		1.29278			4
2025.03.31	01:25:29.471	1.29275	1.29279			6
2025.03.31	01:25:29.773	1.29274				2
2025.03.31	01:25:31.315	1.29273	1.29278			6
2025.03.31	01:25:31.623	1.29275	1.29280			6
2025.03.31	01:25:33.481	1.29273	1.29276			6
2025.03.31	01:25:34.103	1.29274	1.29277			6
2025.03.31	01:25:34.727		1.29278			4
2025.03.31	01:25:35.331	1.29273	1.29277			6
2025.03.31	01:25:35.638		1.29278			4
2025.03.31	01:25:36.565		1.29277			4
2025.03.31	01:25:37.796		1.29278			4
2025.03.31	01:25:38.104		1.29277			4
2025.03.31	01:25:39.031		1.29276			4
2025.03.31	01:25:42.105	1.29270	1.29273			6
2025.03.31	01:25:43.644	1.29268	1.29270			6
2025.03.31	01:25:43.950	1.29267				2
2025.03.31	01:25:47.039	1.29268				2
2025.03.31	01:25:47.345	1.29267				2
2025.03.31	01:25:48.881	1.29271	1.29275			6
2025.03.31	01:25:49.806	1.29270	1.29273			6
2025.03.31	01:25:50.728	1.29273	1.29276			6
2025.03.31	01:25:54.417	1.29274	1.29277			6
2025.03.31	01:25:55.340	1.29273	1.29276			6
2025.03.31	01:25:55.644	1.29274	1.29278			6
2025.03.31	01:25:55.952	1.29275	1.29279			6
2025.03.31	01:25:56.256	1.29274	1.29278			6
2025.03.31	01:25:59.036		1.29277			4
2025.03.31	01:25:59.655		1.29278			4
2025.03.31	01:25:59.964		1.29277			4
2025.03.31	01:26:00.271	1.29274	1.29278			6
2025.03.31	01:26:00.583		1.29277			4
2025.03.31	01:26:01.495	1.29282	1.29286			6
2025.03.31	01:26:02.122	1.29281	1.29285			6
2025.03.31	01:26:02.425	1.29280				2
2025.03.31	01:26:02.726	1.29281				2
2025.03.31	01:26:03.347		1.29283			4
2025.03.31	01:26:03.654	1.29279	1.29282			6
2025.03.31	01:26:03.962		1.29281			4
2025.03.31	01:26:04.269	1.29278				2
2025.03.31	01:26:04.888		1.29282			4
2025.03.31	01:26:05.196	1.29279	1.29283			6
2025.03.31	01:26:06.121	1.29280				2
2025.03.31	01:26:06.429	1.29279				2
2025.03.31	01:26:06.735	1.29278	1.29281			6
2025.03.31	01:26:07.357		1.29282			4
2025.03.31	01:26:07.664		1.29281			4
2025.03.31	01:26:11.354	1.29280	1.29282			6
2025.03.31	01:26:11.661		1.29281			4
2025.03.31	01:26:11.967		1.29282			4
2025.03.31	01:26:12.582	1.29279				2
2025.03.31	01:26:13.508	1.29277	1.29281			6
2025.03.31	01:26:13.813	1.29278				2
2025.03.31	01:26:14.728	1.29284	1.29288			6
2025.03.31	01:26:15.048		1.29289			4
2025.03.31	01:26:15.357	1.29281	1.29286			6
2025.03.31	01:26:17.813	1.29280	1.29282			6
2025.03.31	01:26:18.115	1.29276	1.29280			6
2025.03.31	01:26:19.051	1.29277				2
2025.03.31	01:26:19.361	1.29275				2
2025.03.31	01:26:19.973	1.29276				2
2025.03.31	01:26:20.281	1.29275				2
2025.03.31	01:26:22.125	1.29276				2
2025.03.31	01:26:22.742	1.29275				2
2025.03.31	01:26:23.053	1.29276				2
2025.03.31	01:26:25.197	1.29277				2
2025.03.31	01:26:26.125	1.29278				2
2025.03.31	01:26:26.431		1.29281			4
2025.03.31	01:26:26.740		1.29282			4
2025.03.31	01:26:27.050		1.29281			4
2025.03.31	01:26:28.897		1.29283			4
2025.03.31	01:26:29.206	1.29284	1.29286			6
2025.03.31	01:26:29.827		1.29289			4
2025.03.31	01:26:30.144	1.29283	1.29286			6
2025.03.31	01:26:31.987		1.29287			4
2025.03.31	01:26:32.292	1.29285	1.29290			6
2025.03.31	01:26:32.606	1.29284	1.29287			6
2025.03.31	01:26:37.240		1.29288			4
2025.03.31	01:26:40.021	1.29282	1.29286			6
2025.03.31	01:26:40.326	1.29283				2
2025.03.31	01:26:41.566	1.29281	1.29283			6
2025.03.31	01:26:41.872	1.29279	1.29281			6
2025.03.31	01:26:42.802		1.29282			4
2025.03.31	01:26:43.116		1.29281			4
2025.03.31	01:26:43.732	1.29275	1.29280			6
2025.03.31	01:26:46.490	1.29276				2
2025.03.31	01:26:50.809	1.29277				2
2025.03.31	01:26:51.740	1.29278	1.29281			6
2025.03.31	01:26:53.276	1.29277				2
2025.03.31	01:26:53.891	1.29276	1.29280			6
2025.03.31	01:26:56.971		1.29279			4
2025.03.31	01:26:57.585	1.29275	1.29277			6
2025.03.31	01:27:00.048	1.29275				2
2025.03.31	01:27:00.353	1.29274	1.29275			6
2025.03.31	01:27:00.665	1.29273				2
2025.03.31	01:27:04.967		1.29277			4
2025.03.31	01:27:05.270	1.29278	1.29280			6
2025.03.31	01:27:05.585	1.29276				2
2025.03.31	01:27:06.518	1.29277	1.29281			6
2025.03.31	01:27:18.834	1.29278				2
2025.03.31	01:27:19.144	1.29279				2
2025.03.31	01:27:19.453	1.29277	1.29280			6
2025.03.31	01:27:19.759	1.29278	1.29281			6
2025.03.31	01:27:20.991	1.29279				2
2025.03.31	01:27:21.601	1.29284	1.29287			6
2025.03.31	01:27:22.206	1.29283				2
2025.03.31	01:27:23.746	1.29284				2
2025.03.31	01:27:24.059	1.29283	1.29286			6
2025.03.31	01:27:24.362		1.29287			4
2025.03.31	01:27:24.672	1.29284				2
2025.03.31	01:27:24.979	1.29283				2
2025.03.31	01:27:26.522		1.29286			4
2025.03.31	01:27:26.827		1.29287			4
2025.03.31	01:27:28.365	1.29284				2
2025.03.31	01:27:28.974		1.29286			4
2025.03.31	01:27:29.275	1.29285	1.29288			6
2025.03.31	01:27:29.587	1.29284	1.29287			6
2025.03.31	01:27:30.197	1.29283	1.29286			6
2025.03.31	01:27:31.116	1.29284	1.29287			6
2025.03.31	01:27:32.941	1.29283	1.29286			6
2025.03.31	01:27:34.773	1.29281	1.29283			6
2025.03.31	01:27:35.083	1.29280				2
2025.03.31	01:27:36.902	1.29284	1.29285			6
2025.03.31	01:27:37.207	1.29283				2
2025.03.31	01:27:37.515	1.29282				2
2025.03.31	01:27:42.416		1.29284			4
2025.03.31	01:27:42.717	1.29281				2
2025.03.31	01:27:43.331	1.29282	1.29285			6
2025.03.31	01:27:43.635	1.29281				2
2025.03.31	01:27:43.942	1.29282	1.29286			6
2025.03.31	01:27:44.247	1.29283				2
2025.03.31	01:27:44.552	1.29282				2
2025.03.31	01:27:47.325	1.29283				2
2025.03.31	01:27:49.757	1.29287	1.29288			6
2025.03.31	01:27:50.061	1.29284	1.29287			6
2025.03.31	01:27:50.362	1.29285				2
2025.03.31	01:27:50.665		1.29288			4
2025.03.31	01:27:50.970	1.29286	1.29289			6
2025.03.31	01:27:51.272	1.29285	1.29288			6
2025.03.31	01:27:53.394	1.29288	1.29291			6
2025.03.31	01:27:53.698	1.29286	1.29289			6
2025.03.31	01:27:54.002	1.29284	1.29287			6
2025.03.31	01:27:55.233	1.29285	1.29288			6
2025.03.31	01:27:55.536	1.29284	1.29287			6
2025.03.31	01:27:55.840	1.29285	1.29288			6
2025.03.31	01:27:56.451	1.29290	1.29292			6
2025.03.31	01:27:56.756	1.29289				2
2025.03.31	01:27:57.059	1.29290	1.29293			6
2025.03.31	01:27:57.361	1.29292	1.29294			6
2025.03.31	01:27:57.669	1.29293	1.29295			6
2025.03.31	01:27:57.977	1.29292				2
2025.03.31	01:27:58.600	1.29294	1.29297			6
2025.03.31	01:27:59.210		1.29298			4
2025.03.31	01:27:59.513	1.29293	1.29297			6
2025.03.31	01:27:59.821	1.29294				2
2025.03.31	01:28:00.135	1.29294	1.29296			6
2025.03.31	01:28:00.440		1.29298			4
2025.03.31	01:28:03.523		1.29297			4
2025.03.31	01:28:05.360		1.29298			4
2025.03.31	01:28:08.148	1.29296	1.29299			6
2025.03.31	01:28:09.675	1.29299	1.29302			6
2025.03.31	01:28:09.980	1.29302	1.29304			6
2025.03.31	01:28:10.288	1.29301				2
2025.03.31	01:28:13.982	1.29304	1.29308			6
2025.03.31	01:28:14.289	1.29305	1.29309			6
2025.03.31	01:28:14.601	1.29304	1.29308			6
2025.03.31	01:28:14.911	1.29303	1.29307			6
2025.03.31	01:28:15.223	1.29304	1.29308			6
2025.03.31	01:28:15.524	1.29303	1.29307			6
2025.03.31	01:28:16.145	1.29304				2
2025.03.31	01:28:16.452		1.29308			4
2025.03.31	01:28:18.918		1.29307			4
2025.03.31	01:28:19.538	1.29305	1.29308			6
2025.03.31	01:28:21.381	1.29304	1.29307			6
2025.03.31	01:28:22.928	1.29303				2
2025.03.31	01:28:25.389	1.29302	1.29306			6
2025.03.31	01:28:29.380	1.29303				2
2025.03.31	01:28:29.685	1.29302	1.29305			6
2025.03.31	01:28:29.993	1.29301	1.29303			6
2025.03.31	01:28:30.306	1.29300				2
2025.03.31	01:28:31.228	1.29301				2
2025.03.31	01:28:32.143	1.29302				2
2025.03.31	01:28:32.748		1.29305			4
2025.03.31	01:28:33.055	1.29303				2
2025.03.31	01:28:33.664		1.29306			4
2025.03.31	01:28:33.973	1.29304				2
2025.03.31	01:28:34.590	1.29303				2
2025.03.31	01:28:34.900	1.29304	1.29307			6
2025.03.31	01:28:35.208	1.29303	1.29306			6
2025.03.31	01:28:37.655		1.29305			4
2025.03.31	01:28:37.955		1.29306			4
2025.03.31	01:28:46.818	1.29302	1.29305			6
2025.03.31	01:28:50.494	1.29304	1.29307			6
2025.03.31	01:28:50.808	1.29301	1.29304			6
2025.03.31	01:28:51.117	1.29302	1.29303			6
2025.03.31	01:28:53.582		1.29304			4
2025.03.31	01:28:56.353	1.29304	1.29307			6
2025.03.31	01:28:57.281	1.29303	1.29306			6
2025.03.31	01:28:58.819		1.29305			4
2025.03.31	01:29:00.050	1.29303				2
2025.03.31	01:29:02.813	1.29302				2
2025.03.31	01:29:03.736	1.29300	1.29303			6
2025.03.31	01:29:04.043	1.29297	1.29299			6
2025.03.31	01:29:04.348	1.29299	1.29300			6
2025.03.31	01:29:04.657	1.29300	1.29302			6
2025.03.31	01:29:04.965	1.29299	1.29300			6
2025.03.31	01:29:05.272		1.29302			4
2025.03.31	01:29:05.580		1.29301			4
2025.03.31	01:29:05.883		1.29302			4
2025.03.31	01:29:08.037	1.29303	1.29306			6
2025.03.31	01:29:15.442	1.29302	1.29303			6
2025.03.31	01:29:15.746	1.29293	1.29296			6
2025.03.31	01:29:16.694	1.29294	1.29297			6
2025.03.31	01:29:17.307	1.29293	1.29298			6
2025.03.31	01:29:17.615		1.29297			4
2025.03.31	01:29:24.709		1.29296			4
2025.03.31	01:29:25.014		1.29297			4
2025.03.31	01:29:25.324	1.29294	1.29298			6
2025.03.31	01:29:25.632	1.29293				2
2025.03.31	01:29:26.246		1.29297			4
2025.03.31	01:29:28.084		1.29296			4
2025.03.31	01:29:34.545		1.29295			4
2025.03.31	01:29:34.853		1.29296			4
2025.03.31	01:29:36.084		1.29297			4
2025.03.31	01:29:37.622		1.29296			4
2025.03.31	01:29:37.924	1.29294	1.29297			6
2025.03.31	01:29:38.549	1.29293				2
2025.03.31	01:29:42.562	1.29294	1.29298			6
2025.03.31	01:29:42.872	1.29297	1.29301			6
2025.03.31	01:29:43.176	1.29296	1.29299			6
2025.03.31	01:29:43.491	1.29297	1.29301			6
2025.03.31	01:29:44.102		1.29299			4
2025.03.31	01:29:44.424		1.29301			4
2025.03.31	01:29:45.030		1.29299			4
2025.03.31	01:29:45.335	1.29292	1.29296			6
2025.03.31	01:29:45.948	1.29293	1.29297			6
2025.03.31	01:29:47.186	1.29292	1.29296			6
2025.03.31	01:29:47.800	1.29293	1.29297			6
2025.03.31	01:29:50.267	1.29294	1.29298			6
2025.03.31	01:29:50.575	1.29296	1.29300			6
2025.03.31	01:29:54.585		1.29299			4
2025.03.31	01:29:54.887	1.29292	1.29295			6
2025.03.31	01:29:55.204		1.29296			4
2025.03.31	01:29:57.045	1.29293	1.29297			6
2025.03.31	01:29:59.207	1.29294	1.29298			6
2025.03.31	01:29:59.828	1.29293	1.29297			6
2025.03.31	01:30:00.132	1.29293				2
2025.03.31	01:30:01.356	1.29292	1.29296			6
2025.03.31	01:30:01.661	1.29294	1.29298			6
2025.03.31	01:30:03.521	1.29293	1.29297			6
2025.03.31	01:30:03.825	1.29294	1.29298			6
2025.03.31	01:30:04.133	1.29289	1.29293			6
2025.03.31	01:30:04.441	1.29290				2
2025.03.31	01:30:05.411	1.29287	1.29288			6
2025.03.31	01:30:05.718	1.29283	1.29287			6
2025.03.31	01:30:07.268		1.29288			4
2025.03.31	01:30:08.805	1.29284				2
2025.03.31	01:30:09.118	1.29283				2
2025.03.31	01:30:10.657	1.29284	1.29289			6
2025.03.31	01:30:10.962		1.29288			4
2025.03.31	01:30:12.199	1.29283				2
2025.03.31	01:30:13.431	1.29290	1.29295			6
2025.03.31	01:30:13.737	1.29289	1.29294			6
2025.03.31	01:30:14.348	1.29288				2
2025.03.31	01:30:14.964	1.29289	1.29295			6
2025.03.31	01:30:15.891	1.29291	1.29297			6
2025.03.31	01:30:16.193	1.29294	1.29299			6
2025.03.31	01:30:17.126	1.29293				2
2025.03.31	01:30:18.048	1.29292	1.29298			6
2025.03.31	01:30:18.653	1.29297	1.29303			6
2025.03.31	01:30:19.273		1.29302			4
2025.03.31	01:30:20.190		1.29303			4
2025.03.31	01:30:20.496		1.29302			4
2025.03.31	01:30:22.973		1.29303			4
2025.03.31	01:30:25.139		1.29302			4
2025.03.31	01:30:25.461		1.29303			4
2025.03.31	01:30:26.080		1.29302			4
2025.03.31	01:30:27.318	1.29298				2
2025.03.31	01:30:27.623	1.29297				2
2025.03.31	01:30:27.927		1.29301			4
2025.03.31	01:30:29.162	1.29296				2
2025.03.31	01:30:29.481	1.29294	1.29299			6
2025.03.31	01:30:31.634	1.29293	1.29297			6
2025.03.31	01:30:31.945	1.29294	1.29299			6
2025.03.31	01:30:33.185	1.29303	1.29308			6
2025.03.31	01:30:34.108	1.29302	1.29309			6
2025.03.31	01:30:34.415		1.29308			4
2025.03.31	01:30:36.259		1.29307			4
2025.03.31	01:30:36.871	1.29301	1.29306			6
2025.03.31	01:30:37.806		1.29307			4
2025.03.31	01:30:40.575	1.29302	1.29308			6
2025.03.31	01:30:43.356		1.29307			4
2025.03.31	01:30:53.207	1.29303	1.29308			6
2025.03.31	01:30:53.517	1.29301	1.29305			6
2025.03.31	01:30:53.818	1.29300				2
2025.03.31	01:30:59.364	1.29301	1.29306			6
2025.03.31	01:31:00.284	1.29301				2
2025.03.31	01:31:01.215	1.29302	1.29307			6
2025.03.31	01:31:03.365	1.29303	1.29308			6
2025.03.31	01:31:03.986	1.29307	1.29312			6
2025.03.31	01:31:05.206		1.29311			4
2025.03.31	01:31:06.754		1.29312			4
2025.03.31	01:31:07.061		1.29311			4
2025.03.31	01:31:07.366	1.29306	1.29309			6
2025.03.31	01:31:07.670	1.29302	1.29306			6
2025.03.31	01:31:08.276	1.29299	1.29300			6
2025.03.31	01:31:08.582	1.29297	1.29301			6
2025.03.31	01:31:09.200	1.29295	1.29298			6
2025.03.31	01:31:09.514	1.29294				2
2025.03.31	01:31:10.435	1.29297	1.29301			6
2025.03.31	01:31:13.518	1.29298				2
2025.03.31	01:31:14.125		1.29302			4
2025.03.31	01:31:15.675		1.29303			4
2025.03.31	01:31:18.138		1.29301			4
2025.03.31	01:31:18.441		1.29302			4
2025.03.31	01:31:19.365	1.29296	1.29301			6
2025.03.31	01:31:19.674		1.29300			4
2025.03.31	01:31:20.289	1.29295	1.29298			6
2025.03.31	01:31:20.910		1.29299			4
2025.03.31	01:31:21.211	1.29298	1.29303			6
2025.03.31	01:31:22.760		1.29302			4
2025.03.31	01:31:23.371	1.29301	1.29306			6
2025.03.31	01:31:23.672		1.29308			4
2025.03.31	01:31:23.977		1.29307			4
2025.03.31	01:31:24.591		1.29306			4
2025.03.31	01:31:24.904		1.29307			4
2025.03.31	01:31:30.755		1.29305			4
2025.03.31	01:31:31.064	1.29300				2
2025.03.31	01:31:32.600		1.29306			4
2025.03.31	01:31:32.907	1.29301	1.29307			6
2025.03.31	01:31:33.530		1.29306			4
2025.03.31	01:31:33.834		1.29305			4
2025.03.31	01:31:35.985		1.29306			4
2025.03.31	01:31:41.218		1.29307			4
2025.03.31	01:31:41.528	1.29303				2
2025.03.31	01:31:41.834	1.29302	1.29308			6
2025.03.31	01:31:42.453		1.29307			4
2025.03.31	01:31:43.982		1.29306			4
2025.03.31	01:31:49.537	1.29298	1.29302			6
2025.03.31	01:31:49.839		1.29301			4
2025.03.31	01:31:50.150		1.29302			4
2025.03.31	01:31:50.463	1.29296	1.29299			6
2025.03.31	01:31:50.770		1.29301			4
2025.03.31	01:31:51.392	1.29300	1.29302			6
2025.03.31	01:31:51.697	1.29301	1.29306			6
2025.03.31	01:31:52.004	1.29302				2
2025.03.31	01:31:52.309		1.29307			4
2025.03.31	01:31:52.616	1.29301	1.29306			6
2025.03.31	01:31:52.927	1.29302	1.29305			6
2025.03.31	01:31:53.861	1.29299	1.29304			6
2025.03.31	01:31:54.170	1.29297	1.29301			6
2025.03.31	01:31:54.475		1.29302			4
2025.03.31	01:32:00.044	1.29297				2
2025.03.31	01:32:00.352		1.29301			4
2025.03.31	01:32:00.657		1.29303			4
2025.03.31	01:32:00.973		1.29302			4
2025.03.31	01:32:01.279	1.29296	1.29300			6
2025.03.31	01:32:01.587		1.29301			4
2025.03.31	01:32:03.444		1.29302			4
2025.03.31	01:32:04.052		1.29301			4
2025.03.31	01:32:05.604		1.29302			4
2025.03.31	01:32:06.217		1.29301			4
2025.03.31	01:32:09.909	1.29294	1.29296			6
2025.03.31	01:32:10.214	1.29293	1.29298			6
2025.03.31	01:32:10.525		1.29297			4
2025.03.31	01:32:15.460		1.29299			4
2025.03.31	01:32:17.310	1.29296	1.29301			6
2025.03.31	01:32:18.541		1.29302			4
2025.03.31	01:32:19.148	1.29297				2
2025.03.31	01:32:22.228		1.29301			4
2025.03.31	01:32:22.841		1.29302			4
2025.03.31	01:32:23.454		1.29301			4
2025.03.31	01:32:24.070	1.29298	1.29302			6
2025.03.31	01:32:24.379	1.29297				2
2025.03.31	01:32:25.306	1.29298				2
2025.03.31	01:32:31.448	1.29297	1.29300			6
2025.03.31	01:32:31.751	1.29296	1.29298			6
2025.03.31	01:32:32.366		1.29299			4
2025.03.31	01:32:34.215		1.29298			4
2025.03.31	01:32:42.476	1.29292	1.29296			6
2025.03.31	01:32:43.089	1.29291	1.29295			6
2025.03.31	01:32:48.595	1.29292	1.29296			6
2025.03.31	01:32:51.931	1.29293	1.29297			6
2025.03.31	01:32:55.311	1.29294				2
2025.03.31	01:32:55.617	1.29295	1.29298			6
2025.03.31	01:33:00.204	1.29294	1.29297			6
2025.03.31	01:33:01.422	1.29295	1.29298			6
2025.03.31	01:33:02.029	1.29294	1.29297			6
2025.03.31	01:33:02.331	1.29293	1.29296			6
2025.03.31	01:33:03.560	1.29292	1.29294			6
2025.03.31	01:33:04.168	1.29293				2
2025.03.31	01:33:06.005	1.29292				2
2025.03.31	01:33:06.308	1.29293	1.29295			6
2025.03.31	01:33:07.221		1.29296			4
2025.03.31	01:33:07.523		1.29295			4
2025.03.31	01:33:07.825	1.29294	1.29297			6
2025.03.31	01:33:09.057	1.29293	1.29296			6
2025.03.31	01:33:10.898	1.29295	1.29298			6
2025.03.31	01:33:11.201	1.29297	1.29300			6
2025.03.31	01:33:12.130	1.29296	1.29299			6
2025.03.31	01:33:13.969	1.29295	1.29298			6
2025.03.31	01:33:14.582	1.29294	1.29296			6
2025.03.31	01:33:14.888		1.29295			4
2025.03.31	01:33:15.200		1.29297			4
2025.03.31	01:33:16.717	1.29293	1.29295			6
2025.03.31	01:33:17.019	1.29287	1.29290			6
2025.03.31	01:33:18.234	1.29286				2
2025.03.31	01:33:18.555	1.29284	1.29285			6
2025.03.31	01:33:18.859	1.29281				2
2025.03.31	01:33:19.777		1.29284			4
2025.03.31	01:33:20.084		1.29285			4
2025.03.31	01:33:21.011	1.29280	1.29284			6
2025.03.31	01:33:21.315	1.29281	1.29283			6
2025.03.31	01:33:21.629		1.29284			4
2025.03.31	01:33:25.020		1.29285			4
2025.03.31	01:33:25.630	1.29282				2
2025.03.31	01:33:26.247	1.29281				2
2025.03.31	01:33:29.034	1.29283	1.29287			6
2025.03.31	01:33:29.956	1.29282	1.29286			6
2025.03.31	01:33:31.480	1.29283	1.29287			6
2025.03.31	01:33:32.406	1.29282	1.29286			6
2025.03.31	01:33:33.632	1.29283	1.29287			6
2025.03.31	01:33:36.690	1.29280	1.29283			6
2025.03.31	01:33:36.998	1.29271	1.29275			6
2025.03.31	01:33:37.303	1.29272	1.29276			6
2025.03.31	01:33:37.915	1.29271	1.29275			6
2025.03.31	01:33:40.686	1.29272				2
2025.03.31	01:33:41.302	1.29269	1.29272			6
2025.03.31	01:33:42.536	1.29268	1.29271			6
2025.03.31	01:33:44.684		1.29273			4
2025.03.31	01:33:45.306	1.29270				2
2025.03.31	01:33:45.612	1.29271				2
2025.03.31	01:33:47.151	1.29270				2
2025.03.31	01:33:49.003	1.29272	1.29275			6
2025.03.31	01:33:49.308	1.29273	1.29278			6
2025.03.31	01:33:52.089	1.29274	1.29277			6
2025.03.31	01:33:52.404	1.29273	1.29278			6
2025.03.31	01:33:57.324		1.29277			4
2025.03.31	01:34:00.093	1.29273				2
2025.03.31	01:34:00.402	1.29272	1.29276			6
2025.03.31	01:34:01.015	1.29273				2
2025.03.31	01:34:01.325	1.29276	1.29280			6
2025.03.31	01:34:02.257		1.29281			4
2025.03.31	01:34:03.182		1.29280			4
2025.03.31	01:34:03.491		1.29281			4
2025.03.31	01:34:03.800	1.29277	1.29282			6
2025.03.31	01:34:04.417	1.29276	1.29281			6
2025.03.31	01:34:07.180		1.29280			4
2025.03.31	01:34:09.955	1.29279	1.29283			6
2025.03.31	01:34:10.271	1.29281	1.29284			6
2025.03.31	01:34:10.574	1.29280				2
2025.03.31	01:34:10.880	1.29281	1.29285			6
2025.03.31	01:34:11.182	1.29283	1.29286			6
2025.03.31	01:34:13.038		1.29288			4
2025.03.31	01:34:13.660	1.29282	1.29286			6
2025.03.31	01:34:14.271		1.29287			4
2025.03.31	01:34:17.349		1.29286			4
2025.03.31	01:34:25.036	1.29280	1.29284			6
2025.03.31	01:34:32.121	1.29279	1.29283			6
2025.03.31	01:34:32.427	1.29276	1.29280			6
2025.03.31	01:34:32.729	1.29277				2
2025.03.31	01:34:33.353	1.29286	1.29289			6
2025.03.31	01:34:33.659	1.29289	1.29292			6
2025.03.31	01:34:34.283	1.29288				2
2025.03.31	01:34:34.890		1.29295			4
2025.03.31	01:34:37.666	1.29291	1.29298			6
2025.03.31	01:34:37.974		1.29297			4
2025.03.31	01:34:38.587		1.29298			4
2025.03.31	01:34:40.124	1.29297				2
2025.03.31	01:34:41.355	1.29298	1.29299			6
2025.03.31	01:34:41.663	1.29294	1.29300			6
2025.03.31	01:34:41.975	1.29293	1.29298			6
2025.03.31	01:34:42.285	1.29298	1.29299			6
2025.03.31	01:34:45.980	1.29292	1.29293			6
2025.03.31	01:34:46.289	1.29294	1.29295			6
2025.03.31	01:34:46.596	1.29293	1.29294			6
2025.03.31	01:34:47.208	1.29292	1.29293			6
2025.03.31	01:34:52.140	1.29294	1.29295			6
2025.03.31	01:34:52.751	1.29293	1.29294			6
2025.03.31	01:34:53.673	1.29294	1.29295			6
2025.03.31	01:34:53.981	1.29293	1.29294			6
2025.03.31	01:34:57.675	1.29288				2
2025.03.31	01:34:57.986	1.29287	1.29292			6
2025.03.31	01:34:58.297	1.29292	1.29293			6
2025.03.31	01:34:58.911	1.29287	1.29292			6
2025.03.31	01:34:59.527	1.29292	1.29293			6
2025.03.31	01:34:59.833	1.29287	1.29292			6
2025.03.31	01:35:00.143	1.29288	1.29293			6
2025.03.31	01:35:00.455	1.29292				2
2025.03.31	01:35:04.145	1.29287	1.29292			6
2025.03.31	01:35:04.449	1.29289	1.29294			6
2025.03.31	01:35:05.061	1.29294	1.29295			6
2025.03.31	01:35:05.678	1.29293	1.29294			6
2025.03.31	01:35:07.832	1.29295	1.29296			6
2025.03.31	01:35:08.763	1.29290	1.29295			6
2025.03.31	01:35:09.374	1.29297	1.29298			6
2025.03.31	01:35:14.915	1.29299	1.29300			6
2025.03.31	01:35:17.388	1.29296	1.29297			6
2025.03.31	01:35:17.693	1.29295	1.29296			6
2025.03.31	01:35:17.995	1.29297	1.29298			6
2025.03.31	01:35:18.303	1.29298	1.29299			6
2025.03.31	01:35:18.614	1.29297	1.29298			6
2025.03.31	01:35:18.921	1.29295	1.29296			6
2025.03.31	01:35:19.223	1.29297	1.29298			6
2025.03.31	01:35:19.849	1.29295	1.29296			6
2025.03.31	01:35:23.824	1.29296	1.29297			6
2025.03.31	01:35:24.429	1.29297	1.29298			6
2025.03.31	01:35:26.281	1.29298	1.29299			6
2025.03.31	01:35:26.588	1.29300	1.29301			6
2025.03.31	01:35:27.517	1.29299	1.29300			6
2025.03.31	01:35:29.060	1.29300	1.29301			6
2025.03.31	01:35:30.597	1.29301	1.29302			6
2025.03.31	01:35:34.909	1.29300	1.29301			6
2025.03.31	01:35:35.214	1.29297	1.29298			6
2025.03.31	01:35:49.361	1.29304	1.29305			6
2025.03.31	01:35:49.663	1.29303	1.29304			6
2025.03.31	01:35:51.495	1.29304	1.29305			6
2025.03.31	01:35:53.344	1.29307	1.29308			6
2025.03.31	01:35:53.951	1.29308	1.29309			6
2025.03.31	01:35:54.884	1.29307	1.29308			6
2025.03.31	01:35:55.497	1.29308	1.29309			6
2025.03.31	01:35:56.110	1.29305	1.29306			6
2025.03.31	01:35:56.423	1.29306	1.29307			6
2025.03.31	01:35:56.733	1.29305	1.29306			6
2025.03.31	01:35:57.036	1.29307	1.29308			6
2025.03.31	01:35:57.962	1.29305	1.29306			6
2025.03.31	01:35:58.573	1.29307	1.29308			6
2025.03.31	01:36:00.123	1.29307				2
2025.03.31	01:36:01.361	1.29305	1.29306			6
2025.03.31	01:36:01.664	1.29307	1.29308			6
2025.03.31	01:36:03.201	1.29305	1.29306			6
2025.03.31	01:36:03.506	1.29303	1.29304			6
2025.03.31	01:36:05.058	1.29306	1.29307			6
2025.03.31	01:36:09.050	1.29305	1.29306			6
2025.03.31	01:36:09.363	1.29309	1.29310			6
2025.03.31	01:36:09.668	1.29308	1.29309			6
2025.03.31	01:36:16.126	1.29303	1.29305			6
2025.03.31	01:36:17.354	1.29306	1.29307			6
2025.03.31	01:36:17.664	1.29303	1.29305			6
2025.03.31	01:36:17.972	1.29301				2
2025.03.31	01:36:18.597	1.29305	1.29306			6
2025.03.31	01:36:19.515	1.29302	1.29305			6
2025.03.31	01:36:19.823	1.29303	1.29306			6
2025.03.31	01:36:20.126	1.29305				2
2025.03.31	01:36:20.741	1.29307	1.29308			6
2025.03.31	01:36:21.049	1.29305	1.29306			6
2025.03.31	01:36:22.272	1.29303	1.29304			6
2025.03.31	01:36:23.205	1.29304	1.29305			6
2025.03.31	01:36:23.810	1.29303	1.29304			6
2025.03.31	01:36:24.124	1.29304	1.29305			6
2025.03.31	01:36:24.435	1.29307	1.29308			6
2025.03.31	01:36:25.661	1.29308	1.29309			6
2025.03.31	01:36:27.191	1.29305	1.29306			6
2025.03.31	01:36:29.059	1.29307	1.29308			6
2025.03.31	01:36:29.364	1.29305	1.29306			6
2025.03.31	01:36:30.904	1.29304	1.29305			6
2025.03.31	01:36:31.218	1.29305	1.29306			6
2025.03.31	01:36:31.826	1.29307	1.29308			6
2025.03.31	01:36:33.064	1.29303	1.29305			6
2025.03.31	01:36:33.379		1.29304			4
2025.03.31	01:36:34.919	1.29305	1.29306			6
2025.03.31	01:36:35.222	1.29304	1.29305			6
2025.03.31	01:36:38.283	1.29303	1.29304			6
2025.03.31	01:36:40.119	1.29304	1.29305			6
2025.03.31	01:36:44.720	1.29303	1.29304			6
2025.03.31	01:36:45.020	1.29304	1.29305			6
2025.03.31	01:36:45.629	1.29303	1.29304			6
2025.03.31	01:36:47.145	1.29304	1.29305			6
2025.03.31	01:36:47.455	1.29303	1.29304			6
2025.03.31	01:36:49.897	1.29304	1.29305			6
2025.03.31	01:36:50.505	1.29305	1.29306			6
2025.03.31	01:36:51.113	1.29304	1.29305			6
2025.03.31	01:36:56.895	1.29306	1.29307			6
2025.03.31	01:37:00.272	1.29306				2
2025.03.31	01:37:08.873	1.29307	1.29308			6
2025.03.31	01:37:09.487	1.29306	1.29307			6
2025.03.31	01:37:11.327	1.29307	1.29308			6
2025.03.31	01:37:11.639	1.29316	1.29317			6
2025.03.31	01:37:11.938	1.29317	1.29318			6
2025.03.31	01:37:14.397	1.29320	1.29321			6
2025.03.31	01:37:21.447	1.29317	1.29318			6
2025.03.31	01:37:26.064	1.29315	1.29316			6
2025.03.31	01:37:26.376	1.29313	1.29314			6
2025.03.31	01:37:35.301	1.29312	1.29313			6
2025.03.31	01:37:41.151	1.29313	1.29314			6
2025.03.31	01:37:52.513	1.29307	1.29308			6
2025.03.31	01:37:54.050	1.29305	1.29306			6
2025.03.31	01:37:56.193	1.29307	1.29308			6
2025.03.31	01:37:56.500	1.29305	1.29307			6
2025.03.31	01:37:58.655	1.29308	1.29309			6
2025.03.31	01:37:58.961	1.29307	1.29308			6
2025.03.31	01:38:00.190	1.29305	1.29307			6
2025.03.31	01:38:04.466	1.29302				2
2025.03.31	01:38:05.388	1.29313	1.29316			6
2025.03.31	01:38:05.691	1.29315				2
2025.03.31	01:38:10.617	1.29318	1.29322			6
2025.03.31	01:38:13.687	1.29320	1.29324			6
2025.03.31	01:38:19.232	1.29318	1.29323			6
2025.03.31	01:38:19.541		1.29322			4
2025.03.31	01:38:20.158		1.29321			4
2025.03.31	01:38:21.081		1.29322			4
2025.03.31	01:38:21.392		1.29321			4
2025.03.31	01:38:24.480		1.29322			4
2025.03.31	01:38:33.428	1.29315	1.29321			6
2025.03.31	01:38:33.734	1.29316	1.29322			6
2025.03.31	01:38:34.346	1.29318				2
2025.03.31	01:38:34.653	1.29323	1.29324			6
2025.03.31	01:38:34.962		1.29325			4
2025.03.31	01:38:37.113	1.29321	1.29326			6
2025.03.31	01:38:37.733	1.29323				2
2025.03.31	01:38:38.650		1.29327			4
2025.03.31	01:38:39.268	1.29325				2
2025.03.31	01:38:39.570	1.29328	1.29329			6
2025.03.31	01:38:40.191	1.29324	1.29325			6
2025.03.31	01:38:48.774	1.29326	1.29327			6
2025.03.31	01:38:50.612	1.29324	1.29325			6
2025.03.31	01:38:53.682	1.29321	1.29322			6
2025.03.31	01:38:54.597	1.29322	1.29323			6
2025.03.31	01:39:00.105	1.29322				2
2025.03.31	01:39:00.410	1.29318	1.29319			6
2025.03.31	01:39:00.714	1.29317	1.29318			6
2025.03.31	01:39:04.396	1.29321	1.29322			6
2025.03.31	01:39:05.006	1.29326	1.29327			6
2025.03.31	01:39:05.317	1.29325	1.29326			6
2025.03.31	01:39:05.620	1.29326	1.29327			6
2025.03.31	01:39:06.235	1.29327	1.29328			6
2025.03.31	01:39:09.305	1.29325	1.29326			6
2025.03.31	01:39:09.929	1.29327	1.29328			6
2025.03.31	01:39:12.077	1.29325	1.29326			6
2025.03.31	01:39:13.611	1.29327	1.29328			6
2025.03.31	01:39:13.917	1.29325	1.29326			6
2025.03.31	01:39:14.224	1.29326	1.29327			6
2025.03.31	01:39:14.527	1.29325	1.29326			6
2025.03.31	01:39:16.382	1.29324	1.29325			6
2025.03.31	01:39:17.918	1.29326	1.29327			6
2025.03.31	01:39:18.221	1.29324	1.29325			6
2025.03.31	01:39:20.063	1.29325	1.29326			6
2025.03.31	01:39:20.680	1.29324	1.29325			6
2025.03.31	01:39:21.297	1.29326	1.29327			6
2025.03.31	01:39:23.134	1.29325	1.29326			6
2025.03.31	01:39:23.440	1.29324	1.29325			6
2025.03.31	01:39:23.744	1.29320	1.29324			6
2025.03.31	01:39:24.667	1.29324	1.29325			6
2025.03.31	01:39:26.205	1.29326	1.29327			6
2025.03.31	01:39:26.515	1.29325	1.29326			6
2025.03.31	01:39:26.830	1.29326	1.29327			6
2025.03.31	01:39:27.137	1.29325	1.29326			6
2025.03.31	01:39:31.132	1.29326	1.29327			6
2025.03.31	01:39:33.586	1.29324	1.29326			6
2025.03.31	01:39:33.903		1.29325			4
2025.03.31	01:39:35.127	1.29326	1.29327			6
2025.03.31	01:39:41.227	1.29324	1.29325			6
2025.03.31	01:39:41.834	1.29326	1.29327			6
2025.03.31	01:39:45.788	1.29322	1.29325			6
2025.03.31	01:40:00.174	1.29322				2
2025.03.31	01:40:06.296	1.29321	1.29324			6
2025.03.31	01:40:06.605	1.29320	1.29323			6
2025.03.31	01:40:13.639	1.29318	1.29321			6
2025.03.31	01:40:13.944	1.29320	1.29323			6
2025.03.31	01:40:18.541	1.29321	1.29324			6
2025.03.31	01:40:23.444	1.29320	1.29323			6
2025.03.31	01:40:25.620	1.29316	1.29319			6
2025.03.31	01:40:26.850	1.29318	1.29321			6
2025.03.31	01:40:27.160	1.29319	1.29322			6
2025.03.31	01:40:27.781	1.29318	1.29321			6
2025.03.31	01:40:28.088	1.29320	1.29323			6
2025.03.31	01:40:30.252	1.29321	1.29324			6
2025.03.31	01:40:30.860	1.29323				2
2025.03.31	01:40:37.950	1.29325	1.29326			6
2025.03.31	01:40:38.256	1.29323	1.29324			6
2025.03.31	01:40:39.182		1.29325			4
2025.03.31	01:40:39.489	1.29330	1.29331			6
2025.03.31	01:40:40.108		1.29332			4
2025.03.31	01:40:40.731		1.29333			4
2025.03.31	01:40:41.036		1.29332			4
2025.03.31	01:40:41.649	1.29329	1.29330			6
2025.03.31	01:40:41.957	1.29325	1.29326			6
2025.03.31	01:40:42.568	1.29328	1.29329			6
2025.03.31	01:40:42.881	1.29325	1.29327			6
2025.03.31	01:40:46.274	1.29323	1.29326			6
2025.03.31	01:40:46.891	1.29325	1.29327			6
2025.03.31	01:40:47.507	1.29328	1.29329			6
2025.03.31	01:40:51.206	1.29327	1.29328			6
2025.03.31	01:40:52.434	1.29325	1.29326			6
2025.03.31	01:40:52.743	1.29327	1.29328			6
2025.03.31	01:40:58.288	1.29328	1.29330			6
2025.03.31	01:40:58.595		1.29329			4
2025.03.31	01:40:59.211		1.29330			4
2025.03.31	01:41:00.129	1.29328	1.29329			6
2025.03.31	01:41:01.055	1.29327	1.29328			6
2025.03.31	01:41:06.589	1.29328	1.29329			6
2025.03.31	01:41:07.202	1.29325	1.29327			6
2025.03.31	01:41:09.969	1.29328	1.29329			6
2025.03.31	01:41:10.589	1.29327	1.29328			6
2025.03.31	01:41:10.895	1.29328	1.29329			6
2025.03.31	01:41:12.735	1.29327	1.29328			6
2025.03.31	01:41:13.982	1.29328	1.29329			6
2025.03.31	01:41:16.744	1.29327	1.29328			6
2025.03.31	01:41:17.360	1.29325	1.29326			6
2025.03.31	01:41:17.664	1.29328	1.29329			6
2025.03.31	01:41:17.968	1.29327	1.29328			6
2025.03.31	01:41:18.269	1.29325	1.29327			6
2025.03.31	01:41:25.286	1.29328	1.29329			6
2025.03.31	01:41:31.398	1.29329	1.29330			6
2025.03.31	01:41:31.704	1.29328	1.29329			6
2025.03.31	01:41:37.564		1.29331			4
2025.03.31	01:41:42.490	1.29329	1.29332			6
2025.03.31	01:41:42.804	1.29328	1.29331			6
2025.03.31	01:41:44.031	1.29329	1.29332			6
2025.03.31	01:41:44.648	1.29331	1.29333			6
2025.03.31	01:41:44.959	1.29330				2
2025.03.31	01:41:45.266	1.29329	1.29331			6
2025.03.31	01:41:45.573	1.29330	1.29332			6
2025.03.31	01:41:47.111	1.29336	1.29337			6
2025.03.31	01:41:48.350	1.29335				2
2025.03.31	01:42:00.058	1.29335				2
2025.03.31	01:42:01.291	1.29338	1.29339			6
2025.03.31	01:42:06.524	1.29335	1.29337			6
2025.03.31	01:42:08.677		1.29336			4
2025.03.31	01:42:08.983	1.29338	1.29339			6
2025.03.31	01:42:11.759	1.29335				2
2025.03.31	01:42:12.069	1.29338				2
2025.03.31	01:42:17.612		1.29340			4
2025.03.31	01:42:18.536	1.29335	1.29338			6
2025.03.31	01:42:18.843	1.29337				2
2025.03.31	01:42:19.149	1.29335	1.29337			6
2025.03.31	01:42:20.074	1.29338	1.29339			6
2025.03.31	01:42:20.684	1.29335	1.29337			6
2025.03.31	01:42:20.988	1.29338	1.29339			6
2025.03.31	01:42:24.370	1.29335	1.29337			6
2025.03.31	01:42:26.832		1.29336			4
2025.03.31	01:42:27.759		1.29337			4
2025.03.31	01:42:28.073		1.29338			4
2025.03.31	01:42:28.374	1.29338	1.29340			6
2025.03.31	01:42:28.994		1.29339			4
2025.03.31	01:42:36.698	1.29335	1.29338			6
2025.03.31	01:42:37.004	1.29338	1.29339			6
2025.03.31	01:42:41.597	1.29335	1.29337			6
2025.03.31	01:42:44.663		1.29338			4
2025.03.31	01:42:49.594	1.29338	1.29339			6
2025.03.31	01:42:51.136	1.29340	1.29342			6
2025.03.31	01:42:51.445	1.29342	1.29344			6
2025.03.31	01:42:52.368	1.29340				2
2025.03.31	01:42:52.730	1.29341				2
2025.03.31	01:42:53.353	1.29338	1.29342			6
2025.03.31	01:42:54.900		1.29343			4
2025.03.31	01:42:55.206		1.29342			4
2025.03.31	01:42:56.745	1.29340				2
2025.03.31	01:42:57.050		1.29343			4
2025.03.31	01:42:59.222		1.29342			4
2025.03.31	01:43:00.145	1.29340				2
2025.03.31	01:43:01.187	1.29338				2
2025.03.31	01:43:01.488	1.29340				2
2025.03.31	01:43:03.351	1.29338	1.29340			6
2025.03.31	01:43:08.269	1.29335	1.29337			6
2025.03.31	01:43:10.736	1.29333	1.29334			6
2025.03.31	01:43:12.888	1.29335	1.29337			6
2025.03.31	01:43:19.044		1.29336			4
2025.03.31	01:43:21.201	1.29338	1.29339			6
2025.03.31	01:43:21.810	1.29333	1.29334			6
2025.03.31	01:43:24.891	1.29335	1.29336			6
2025.03.31	01:43:25.201	1.29334	1.29335			6
2025.03.31	01:43:25.507	1.29333				2
2025.03.31	01:43:27.351	1.29334				2
2025.03.31	01:43:32.586	1.29333	1.29334			6
2025.03.31	01:43:32.891		1.29335			4
2025.03.31	01:43:47.374	1.29334				2
2025.03.31	01:43:51.949	1.29333				2
2025.03.31	01:44:00.267	1.29333				2
2025.03.31	01:44:00.886	1.29334				2
2025.03.31	01:44:02.428	1.29335	1.29336			6
2025.03.31	01:44:06.744	1.29334	1.29335			6
2025.03.31	01:44:07.052	1.29327	1.29328			6
2025.03.31	01:44:07.362	1.29325	1.29326			6
2025.03.31	01:44:07.664		1.29327			4
2025.03.31	01:44:10.756		1.29326			4
2025.03.31	01:44:11.366	1.29324	1.29325			6
2025.03.31	01:44:11.673	1.29323	1.29324			6
2025.03.31	01:44:11.978	1.29322	1.29323			6
2025.03.31	01:44:13.211	1.29320	1.29322			6
2025.03.31	01:44:13.821	1.29322	1.29323			6
2025.03.31	01:44:14.131	1.29324	1.29326			6
2025.03.31	01:44:14.438	1.29322	1.29323			6
2025.03.31	01:44:17.524	1.29321	1.29322			6
2025.03.31	01:44:17.832	1.29322	1.29324			6
2025.03.31	01:44:18.453	1.29321	1.29322			6
2025.03.31	01:44:18.756	1.29319	1.29323			6
2025.03.31	01:44:21.219	1.29317	1.29320			6
2025.03.31	01:44:26.758		1.29321			4
2025.03.31	01:44:27.066		1.29320			4
2025.03.31	01:44:27.381	1.29319	1.29322			6
2025.03.31	01:44:28.308	1.29318	1.29324			6
2025.03.31	01:44:29.224	1.29319				2
2025.03.31	01:44:32.907	1.29327	1.29329			6
2025.03.31	01:44:39.677	1.29331	1.29334			6
2025.03.31	01:44:39.980	1.29329				2
2025.03.31	01:44:41.204	1.29332				2
2025.03.31	01:44:43.669	1.29334	1.29338			6
2025.03.31	01:44:49.503	1.29329	1.29333			6
2025.03.31	01:44:50.124	1.29332	1.29335			6
2025.03.31	01:44:53.196		1.29336			4
2025.03.31	01:44:53.500	1.29334				2
2025.03.31	01:44:53.812		1.29337			4
2025.03.31	01:45:00.298	1.29334				2
2025.03.31	01:45:01.824	1.29337	1.29338			6
2025.03.31	01:45:03.050	1.29334				2
2025.03.31	01:45:07.330	1.29337	1.29343			6
2025.03.31	01:45:07.943	1.29339				2
2025.03.31	01:45:08.245	1.29338				2
2025.03.31	01:45:08.550	1.29339				2
2025.03.31	01:45:12.525	1.29338				2
2025.03.31	01:45:13.143	1.29339				2
2025.03.31	01:45:16.835		1.29344			4
2025.03.31	01:45:26.386	1.29340				2
2025.03.31	01:45:26.690	1.29338	1.29340			6
2025.03.31	01:45:26.992	1.29334	1.29338			6
2025.03.31	01:45:38.089		1.29337			4
2025.03.31	01:45:47.346	1.29337	1.29338			6
2025.03.31	01:45:47.653	1.29346	1.29347			6
2025.03.31	01:45:48.268	1.29345	1.29346			6
2025.03.31	01:45:48.582	1.29346	1.29347			6
2025.03.31	01:45:48.887	1.29345	1.29346			6
2025.03.31	01:45:50.436	1.29346	1.29347			6
2025.03.31	01:46:00.260	1.29346				2
2025.03.31	01:46:01.488	1.29345				2
2025.03.31	01:46:03.331	1.29346				2
2025.03.31	01:46:12.852	1.29345	1.29346			6
2025.03.31	01:46:18.702	1.29344	1.29345			6
2025.03.31	01:46:19.009	1.29343	1.29344			6
2025.03.31	01:46:20.852	1.29344	1.29345			6
2025.03.31	01:46:25.143	1.29343	1.29344			6
2025.03.31	01:46:26.369	1.29344	1.29345			6
2025.03.31	01:46:39.523	1.29340	1.29341			6
2025.03.31	01:46:39.828	1.29341	1.29342			6
2025.03.31	01:46:40.129	1.29343	1.29345			6
2025.03.31	01:46:45.007	1.29342				2
2025.03.31	01:46:48.375	1.29343				2
2025.03.31	01:46:55.722	1.29342				2
2025.03.31	01:46:56.952	1.29343				2
2025.03.31	01:46:59.095		1.29346			4
2025.03.31	01:47:00.013	1.29343				2
2025.03.31	01:47:02.452	1.29344	1.29347			6
2025.03.31	01:47:05.517	1.29345	1.29348			6
2025.03.31	01:47:15.621	1.29344	1.29347			6
2025.03.31	01:47:21.703	1.29350	1.29353			6
2025.03.31	01:47:22.006	1.29352	1.29354			6
2025.03.31	01:47:22.308	1.29347	1.29349			6
2025.03.31	01:47:22.614	1.29348	1.29350			6
2025.03.31	01:47:24.450	1.29347	1.29349			6
2025.03.31	01:47:26.898		1.29350			4
2025.03.31	01:47:27.204		1.29349			4
2025.03.31	01:47:28.135	1.29348				2
2025.03.31	01:47:28.436	1.29347				2
2025.03.31	01:47:29.046		1.29348			4
2025.03.31	01:47:31.469	1.29344	1.29346			6
2025.03.31	01:47:33.290	1.29346	1.29347			6
2025.03.31	01:47:34.209		1.29348			4
2025.03.31	01:47:34.522		1.29347			4
2025.03.31	01:47:36.039		1.29348			4
2025.03.31	01:47:36.341		1.29347			4
2025.03.31	01:47:36.649		1.29348			4
2025.03.31	01:47:36.950		1.29347			4
2025.03.31	01:47:45.770		1.29348			4
2025.03.31	01:47:46.071		1.29349			4
2025.03.31	01:47:46.379		1.29347			4
2025.03.31	01:47:50.986	1.29344	1.29346			6
2025.03.31	01:47:52.228	1.29345				2
2025.03.31	01:47:56.564	1.29344				2
2025.03.31	01:47:58.720	1.29346	1.29348			6
2025.03.31	01:48:00.257	1.29347				2
2025.03.31	01:48:00.563		1.29349			4
2025.03.31	01:48:01.485		1.29348			4
2025.03.31	01:48:01.791	1.29346	1.29347			6
2025.03.31	01:48:02.712	1.29345	1.29346			6
2025.03.31	01:48:04.874		1.29347			4
2025.03.31	01:48:05.182	1.29346				2
2025.03.31	01:48:05.804	1.29345	1.29346			6
2025.03.31	01:48:06.107	1.29346	1.29347			6
2025.03.31	01:48:07.340	1.29347	1.29348			6
2025.03.31	01:48:07.647	1.29346	1.29347			6
2025.03.31	01:48:10.114	1.29344	1.29346			6
2025.03.31	01:48:10.422		1.29347			4
2025.03.31	01:48:14.112		1.29346			4
2025.03.31	01:48:14.416		1.29347			4
2025.03.31	01:48:15.343	1.29345				2
2025.03.31	01:48:17.492		1.29348			4
2025.03.31	01:48:17.796		1.29346			4
2025.03.31	01:48:18.107		1.29347			4
2025.03.31	01:48:18.724		1.29346			4
2025.03.31	01:48:19.648	1.29347	1.29348			6
2025.03.31	01:48:20.570	1.29345				2
2025.03.31	01:48:27.952	1.29352	1.29353			6
2025.03.31	01:48:29.184	1.29351	1.29352			6
2025.03.31	01:48:29.492	1.29350				2
2025.03.31	01:48:29.804	1.29345	1.29347			6
2025.03.31	01:48:30.724		1.29346			4
2025.03.31	01:48:32.269		1.29348			4
2025.03.31	01:48:44.584	1.29348	1.29351			6
2025.03.31	01:48:47.972		1.29352			4
2025.03.31	01:48:51.368		1.29351			4
2025.03.31	01:48:53.832	1.29349	1.29350			6
2025.03.31	01:48:54.445		1.29352			4
2025.03.31	01:48:56.606		1.29350			4
2025.03.31	01:48:56.907		1.29351			4
2025.03.31	01:48:59.063	1.29351	1.29354			6
2025.03.31	01:48:59.366	1.29354	1.29355			6
2025.03.31	01:49:00.298	1.29353				2
2025.03.31	01:49:02.143	1.29354				2
2025.03.31	01:49:04.911	1.29353				2
2025.03.31	01:49:16.311	1.29354				2
2025.03.31	01:49:19.388		1.29356			4
2025.03.31	01:49:45.248	1.29350	1.29351			6
2025.03.31	01:50:00.018	1.29350				2
2025.03.31	01:50:04.020		1.29352			4
2025.03.31	01:50:08.601		1.29351			4
2025.03.31	01:50:11.656	1.29351	1.29352			6
2025.03.31	01:50:11.961	1.29350				2
2025.03.31	01:50:13.784		1.29351			4
2025.03.31	01:50:18.084	1.29346	1.29348			6
2025.03.31	01:50:30.398	1.29348	1.29349			6
2025.03.31	01:50:30.704		1.29350			4
2025.03.31	01:50:35.640		1.29351			4
2025.03.31	01:50:39.645		1.29349			4
2025.03.31	01:50:39.947		1.29351			4
2025.03.31	01:50:45.504		1.29349			4
2025.03.31	01:50:46.118		1.29351			4
2025.03.31	01:50:48.888		1.29349			4
2025.03.31	01:50:50.736	1.29344	1.29345			6
2025.03.31	01:50:57.201	1.29342	1.29343			6
2025.03.31	01:50:57.504	1.29341	1.29342			6
2025.03.31	01:50:57.809	1.29342	1.29345			6
2025.03.31	01:51:00.284	1.29342				2
2025.03.31	01:51:02.125		1.29346			4
2025.03.31	01:51:08.273		1.29345			4
2025.03.31	01:51:09.495	1.29343	1.29346			6
2025.03.31	01:51:18.056		1.29345			4
2025.03.31	01:51:19.893	1.29341	1.29342			6
2025.03.31	01:51:20.205		1.29343			4
2025.03.31	01:51:20.511	1.29343	1.29346			6
2025.03.31	01:51:24.838	1.29342	1.29345			6
2025.03.31	01:51:26.692		1.29343			4
2025.03.31	01:51:28.848	1.29339	1.29341			6
2025.03.31	01:51:29.465		1.29342			4
2025.03.31	01:51:31.006	1.29342	1.29345			6
2025.03.31	01:51:31.308	1.29341	1.29344			6
2025.03.31	01:51:31.932		1.29343			4
2025.03.31	01:51:34.713	1.29342	1.29345			6
2025.03.31	01:51:41.772		1.29344			4
2025.03.31	01:51:42.078		1.29345			4
2025.03.31	01:51:48.545	1.29341	1.29343			6
2025.03.31	01:51:49.470		1.29344			4
2025.03.31	01:51:50.389	1.29342	1.29345			6
2025.03.31	01:51:55.632	1.29343	1.29346			6
2025.03.31	01:52:00.280	1.29343				2
2025.03.31	01:52:00.595	1.29344				2
2025.03.31	01:52:00.902		1.29345			4
2025.03.31	01:52:01.826		1.29346			4
2025.03.31	01:52:06.441		1.29345			4
2025.03.31	01:52:11.072		1.29346			4
2025.03.31	01:52:11.383		1.29345			4
2025.03.31	01:52:12.306		1.29346			4
2025.03.31	01:52:12.925		1.29345			4
2025.03.31	01:52:13.534	1.29343	1.29344			6
2025.03.31	01:52:13.837	1.29344	1.29346			6
2025.03.31	01:52:19.094		1.29345			4
2025.03.31	01:52:20.941		1.29346			4
2025.03.31	01:52:21.553	1.29345				2
2025.03.31	01:52:27.408		1.29347			4
2025.03.31	01:52:28.341		1.29346			4
2025.03.31	01:52:45.294	1.29344	1.29345			6
2025.03.31	01:52:49.618		1.29346			4
2025.03.31	01:52:53.931		1.29347			4
2025.03.31	01:52:56.090		1.29346			4
2025.03.31	01:52:57.934		1.29347			4
2025.03.31	01:52:58.244	1.29348	1.29350			6
2025.03.31	01:53:00.106	1.29348				2
2025.03.31	01:53:01.335	1.29355	1.29356			6
2025.03.31	01:53:23.808	1.29354	1.29355			6
2025.03.31	01:53:24.114	1.29352	1.29353			6
2025.03.31	01:53:32.417	1.29355	1.29356			6
2025.03.31	01:53:33.652	1.29354	1.29355			6
2025.03.31	01:53:34.271	1.29355	1.29356			6
2025.03.31	01:53:38.881	1.29348	1.29351			6
2025.03.31	01:53:43.191		1.29349			4
2025.03.31	01:53:45.338	1.29345	1.29346			6
2025.03.31	01:53:45.644	1.29344				2
2025.03.31	01:53:46.260	1.29345				2
2025.03.31	01:53:51.183	1.29349	1.29350			6
