<DATE>	<TIME>	<BID>	<ASK>	<LAST>	<VOLUME>	<FLAGS>
2025.08.07	00:03:30.638	1.33508	1.33598			6
2025.08.07	00:04:00.173	1.33508				2
2025.08.07	00:04:30.663		1.33598			4
2025.08.07	00:05:00.217	1.33508				2
2025.08.07	00:05:30.838		1.33598			4
2025.08.07	00:06:00.168	1.33508				2
2025.08.07	00:06:30.927		1.33598			4
2025.08.07	00:07:00.192	1.33508				2
2025.08.07	00:07:31.110		1.33598			4
2025.08.07	00:08:00.076	1.33508				2
2025.08.07	00:08:31.409		1.33598			4
2025.08.07	00:09:00.186	1.33508				2
2025.08.07	00:09:11.633	1.33513	1.33603			6
2025.08.07	00:10:00.012	1.33513				2
2025.08.07	00:10:11.707		1.33603			4
2025.08.07	00:11:00.309	1.33513				2
2025.08.07	00:11:11.994		1.33603			4
2025.08.07	00:12:00.252	1.33513				2
2025.08.07	00:12:12.237		1.33603			4
2025.08.07	00:13:00.167	1.33513				2
2025.08.07	00:13:12.473		1.33603			4
2025.08.07	00:14:00.173	1.33513				2
2025.08.07	00:14:12.483		1.33603			4
2025.08.07	00:15:00.192	1.33513				2
2025.08.07	00:15:12.498		1.33603			4
2025.08.07	00:16:00.235	1.33513				2
2025.08.07	00:16:12.563		1.33603			4
2025.08.07	00:17:00.014	1.33513				2
2025.08.07	00:17:12.642		1.33603			4
2025.08.07	00:18:00.023	1.33513				2
2025.08.07	00:18:12.642		1.33603			4
2025.08.07	00:19:00.189	1.33513				2
2025.08.07	00:19:12.806		1.33603			4
2025.08.07	00:20:00.264	1.33513				2
2025.08.07	00:20:00.572	1.33470	1.33664			6
2025.08.07	00:20:26.052		1.33672			4
2025.08.07	00:20:26.579		1.33674			4
2025.08.07	00:20:27.803		1.33676			4
2025.08.07	00:20:28.114		1.33674			4
2025.08.07	00:20:32.380		1.33672			4
2025.08.07	00:20:32.722		1.33673			4
2025.08.07	00:20:36.040		1.33672			4
2025.08.07	00:20:36.358		1.33665			4
2025.08.07	00:20:46.350		1.33664			4
2025.08.07	00:20:46.747		1.33665			4
2025.08.07	00:21:00.862	1.33470				2
2025.08.07	00:21:04.438		1.33664			4
2025.08.07	00:21:05.440		1.33665			4
2025.08.07	00:21:06.725	1.33498	1.33636			6
2025.08.07	00:21:07.580		1.33632			4
2025.08.07	00:21:33.862		1.33628			4
2025.08.07	00:22:00.637	1.33498				2
2025.08.07	00:22:06.707	1.33494				2
2025.08.07	00:22:16.581	1.33496				2
2025.08.07	00:22:22.425	1.33518	1.33616			6
2025.08.07	00:22:23.029	1.33525				2
2025.08.07	00:22:26.068	1.33524				2
2025.08.07	00:22:27.580	1.33527	1.33617			6
2025.08.07	00:22:41.324	1.33521	1.33616			6
2025.08.07	00:23:00.230	1.33521				2
2025.08.07	00:23:22.723		1.33614			4
2025.08.07	00:23:27.335	1.33520				2
2025.08.07	00:24:00.049	1.33520				2
2025.08.07	00:24:03.124	1.33519				2
2025.08.07	00:24:04.976	1.33528	1.33618			6
2025.08.07	00:24:22.667	1.33515	1.33614			6
2025.08.07	00:24:22.974	1.33514				2
2025.08.07	00:24:23.596	1.33509				2
2025.08.07	00:24:23.899	1.33526	1.33616			6
2025.08.07	00:24:36.510	1.33527	1.33617			6
2025.08.07	00:24:47.603	1.33528	1.33618			6
2025.08.07	00:24:51.604	1.33521	1.33614			6
2025.08.07	00:25:00.218	1.33521				2
2025.08.07	00:25:03.919	1.33515				2
2025.08.07	00:25:05.769	1.33513				2
2025.08.07	00:25:07.694	1.33516				2
2025.08.07	00:25:16.006	1.33507				2
2025.08.07	00:25:16.312	1.33512				2
2025.08.07	00:25:21.552	1.33519				2
2025.08.07	00:25:22.468	1.33523				2
2025.08.07	00:25:22.782	1.33519				2
2025.08.07	00:25:27.696	1.33521				2
2025.08.07	00:25:32.637	1.33519				2
2025.08.07	00:25:51.762		1.33614			4
2025.08.07	00:25:53.612	1.33521				2
2025.08.07	00:26:00.071	1.33521				2
2025.08.07	00:26:01.311	1.33522				2
2025.08.07	00:26:06.548	1.33517				2
2025.08.07	00:26:13.643	1.33516				2
2025.08.07	00:26:22.577	1.33523				2
2025.08.07	00:26:22.884	1.33522				2
2025.08.07	00:26:26.587	1.33521				2
2025.08.07	00:26:30.588	1.33518				2
2025.08.07	00:26:31.202	1.33514				2
2025.08.07	00:26:34.891	1.33515				2
2025.08.07	00:26:37.352	1.33514				2
2025.08.07	00:26:44.122	1.33515				2
2025.08.07	00:26:47.194	1.33520				2
2025.08.07	00:26:49.353	1.33517				2
2025.08.07	00:26:50.272	1.33522				2
2025.08.07	00:26:51.817		1.33614			4
2025.08.07	00:26:56.739	1.33521				2
2025.08.07	00:26:59.817	1.33515				2
2025.08.07	00:27:00.130	1.33515				2
2025.08.07	00:27:09.067	1.33516				2
2025.08.07	00:27:10.605	1.33495	1.33645			6
2025.08.07	00:27:10.911		1.33646			4
2025.08.07	00:27:11.222	1.33494	1.33647			6
2025.08.07	00:27:11.530	1.33496	1.33641			6
2025.08.07	00:27:11.837		1.33639			4
2025.08.07	00:27:12.453	1.33500				2
2025.08.07	00:27:12.762		1.33641			4
2025.08.07	00:27:13.374	1.33499				2
2025.08.07	00:27:13.680		1.33633			4
2025.08.07	00:27:13.990	1.33495	1.33634			6
2025.08.07	00:27:14.609	1.33497				2
2025.08.07	00:27:18.615	1.33499	1.33633			6
2025.08.07	00:27:24.466	1.33497				2
2025.08.07	00:27:29.077	1.33496				2
2025.08.07	00:27:32.167		1.33627			4
2025.08.07	00:27:35.869	1.33495				2
2025.08.07	00:27:39.246	1.33496				2
2025.08.07	00:27:48.490	1.33497				2
2025.08.07	00:27:56.517	1.33496				2
2025.08.07	00:28:00.223	1.33496				2
2025.08.07	00:28:04.219	1.33486				2
2025.08.07	00:28:18.655	1.33502				2
2025.08.07	00:28:23.561	1.33499				2
2025.08.07	00:28:26.631	1.33497				2
2025.08.07	00:28:32.470	1.33486	1.33627			6
2025.08.07	00:28:32.777	1.33496				2
2025.08.07	00:28:34.939	1.33487				2
2025.08.07	00:28:36.164	1.33488				2
2025.08.07	00:28:40.169	1.33494				2
2025.08.07	00:28:42.320	1.33486				2
2025.08.07	00:28:46.620	1.33491				2
2025.08.07	00:28:50.609	1.33486				2
2025.08.07	00:28:58.596	1.33487				2
2025.08.07	00:29:00.132	1.33487				2
2025.08.07	00:29:05.049	1.33486				2
2025.08.07	00:29:06.583	1.33487				2
2025.08.07	00:29:13.638	1.33486				2
2025.08.07	00:29:18.566	1.33489				2
2025.08.07	00:29:18.873	1.33495				2
2025.08.07	00:29:22.864	1.33489				2
2025.08.07	00:29:32.646		1.33627			4
2025.08.07	00:29:45.173		1.33632			4
2025.08.07	00:30:00.157	1.33489				2
2025.08.07	00:30:18.603	1.33488	1.33634			6
2025.08.07	00:31:00.376	1.33488				2
2025.08.07	00:31:20.138		1.33634			4
2025.08.07	00:31:33.553		1.33631			4
2025.08.07	00:31:59.832	1.33489				2
2025.08.07	00:32:00.941	1.33489				2
2025.08.07	00:32:05.825	1.33488				2
2025.08.07	00:32:24.601		1.33627			4
2025.08.07	00:32:26.023	1.33489				2
2025.08.07	00:32:31.942	1.33488				2
2025.08.07	00:32:59.620	1.33489				2
2025.08.07	00:33:00.338	1.33489				2
2025.08.07	00:33:05.912	1.33488				2
2025.08.07	00:33:25.832		1.33627			4
2025.08.07	00:33:28.879	1.33489				2
2025.08.07	00:33:34.224	1.33488				2
2025.08.07	00:33:55.444	1.33489				2
2025.08.07	00:34:00.513	1.33489				2
2025.08.07	00:34:00.940	1.33488				2
2025.08.07	00:34:27.357	1.33489	1.33627			6
2025.08.07	00:34:32.812	1.33488				2
2025.08.07	00:34:54.724	1.33489				2
2025.08.07	00:35:00.337	1.33489				2
2025.08.07	00:35:00.656	1.33490	1.33624			6
2025.08.07	00:35:15.621	1.33489	1.33633			6
2025.08.07	00:35:16.238		1.33625			4
2025.08.07	00:35:24.535		1.33624			4
2025.08.07	00:35:26.378		1.33623			4
2025.08.07	00:35:33.416		1.33625			4
2025.08.07	00:35:35.243	1.33498	1.33633			6
2025.08.07	00:35:36.778		1.33627			4
2025.08.07	00:35:46.877		1.33610			4
2025.08.07	00:35:51.773		1.33612			4
2025.08.07	00:35:54.523		1.33613			4
2025.08.07	00:36:00.024	1.33498				2
2025.08.07	00:36:00.642		1.33633			4
2025.08.07	00:36:01.250		1.33628			4
2025.08.07	00:36:06.455		1.33625			4
2025.08.07	00:36:06.763		1.33621			4
2025.08.07	00:36:10.747	1.33514	1.33622			6
2025.08.07	00:36:15.772		1.33619			4
2025.08.07	00:36:31.677		1.33615			4
2025.08.07	00:36:34.121		1.33616			4
2025.08.07	00:36:36.566		1.33615			4
2025.08.07	00:36:41.487		1.33614			4
2025.08.07	00:36:50.411		1.33615			4
2025.08.07	00:36:51.337		1.33614			4
2025.08.07	00:36:55.011		1.33613			4
2025.08.07	00:37:00.230	1.33514				2
2025.08.07	00:37:00.535		1.33611			4
2025.08.07	00:37:00.840	1.33523	1.33621			6
2025.08.07	00:37:01.156	1.33522	1.33622			6
2025.08.07	00:37:03.298		1.33621			4
2025.08.07	00:37:03.602		1.33622			4
2025.08.07	00:37:07.281		1.33618			4
2025.08.07	00:37:08.508		1.33619			4
2025.08.07	00:37:15.642	1.33529	1.33616			6
2025.08.07	00:37:15.952	1.33531	1.33620			6
2025.08.07	00:37:16.360		1.33619			4
2025.08.07	00:37:25.572		1.33614			4
2025.08.07	00:37:25.884		1.33617			4
2025.08.07	00:37:26.497		1.33620			4
2025.08.07	00:37:27.028		1.33619			4
2025.08.07	00:37:28.260		1.33617			4
2025.08.07	00:37:30.108		1.33618			4
2025.08.07	00:37:30.721		1.33612			4
2025.08.07	00:37:38.406		1.33615			4
2025.08.07	00:37:40.872	1.33534	1.33619			6
2025.08.07	00:37:41.345		1.33615			4
2025.08.07	00:37:42.578		1.33611			4
2025.08.07	00:37:49.321		1.33614			4
2025.08.07	00:38:00.063	1.33534				2
2025.08.07	00:38:00.985		1.33612			4
2025.08.07	00:38:08.377		1.33615			4
2025.08.07	00:38:15.490	1.33535	1.33610			6
2025.08.07	00:38:22.612	1.33537				2
2025.08.07	00:38:24.302	1.33507	1.33612			6
2025.08.07	00:38:24.977		1.33614			4
2025.08.07	00:38:25.279		1.33618			4
2025.08.07	00:38:29.597	1.33513	1.33627			6
2025.08.07	00:38:30.458	1.33509				2
2025.08.07	00:38:32.622	1.33527	1.33613			6
2025.08.07	00:38:32.938	1.33528				2
2025.08.07	00:38:33.243	1.33517	1.33621			6
2025.08.07	00:38:33.581	1.33528	1.33613			6
2025.08.07	00:38:33.891	1.33531				2
2025.08.07	00:38:34.366		1.33610			4
2025.08.07	00:38:34.982		1.33613			4
2025.08.07	00:38:36.190	1.33534				2
2025.08.07	00:38:38.811		1.33608			4
2025.08.07	00:38:39.736		1.33613			4
2025.08.07	00:38:40.578	1.33535	1.33614			6
2025.08.07	00:38:40.896		1.33615			4
2025.08.07	00:38:41.656		1.33613			4
2025.08.07	00:38:43.908		1.33615			4
2025.08.07	00:38:44.843		1.33614			4
2025.08.07	00:38:46.696		1.33615			4
2025.08.07	00:38:48.508		1.33610			4
2025.08.07	00:38:50.960		1.33608			4
2025.08.07	00:38:53.737		1.33613			4
2025.08.07	00:38:54.662		1.33612			4
2025.08.07	00:38:55.275		1.33603			4
2025.08.07	00:38:55.582		1.33612			4
2025.08.07	00:38:55.887		1.33605			4
2025.08.07	00:38:56.501		1.33607			4
2025.08.07	00:38:56.805		1.33606			4
2025.08.07	00:39:00.146	1.33535	1.33604			6
2025.08.07	00:39:03.823		1.33606			4
2025.08.07	00:39:04.127		1.33603			4
2025.08.07	00:39:06.278		1.33604			4
2025.08.07	00:39:07.809		1.33605			4
2025.08.07	00:39:08.111		1.33599			4
2025.08.07	00:39:09.629		1.33601			4
2025.08.07	00:39:12.984		1.33600			4
2025.08.07	00:39:13.293		1.33599			4
2025.08.07	00:39:15.131		1.33609			4
2025.08.07	00:39:15.440		1.33610			4
2025.08.07	00:39:15.746		1.33613			4
2025.08.07	00:39:19.010		1.33612			4
2025.08.07	00:39:39.092		1.33613			4
2025.08.07	00:40:00.816	1.33535				2
2025.08.07	00:40:02.099		1.33611			4
2025.08.07	00:40:07.639		1.33610			4
2025.08.07	00:40:13.482		1.33609			4
2025.08.07	00:40:15.017		1.33610			4
2025.08.07	00:40:16.556		1.33600			4
2025.08.07	00:40:16.863		1.33601			4
2025.08.07	00:40:30.395		1.33599			4
2025.08.07	00:40:36.543		1.33609			4
2025.08.07	00:40:38.986		1.33608			4
2025.08.07	00:40:46.585		1.33611			4
2025.08.07	00:40:48.124		1.33607			4
2025.08.07	00:40:48.736		1.33604			4
2025.08.07	00:40:49.351		1.33608			4
2025.08.07	00:40:50.269		1.33613			4
2025.08.07	00:40:58.084		1.33612			4
2025.08.07	00:40:59.937		1.33613			4
2025.08.07	00:41:00.241	1.33535	1.33609			6
2025.08.07	00:41:03.634		1.33608			4
2025.08.07	00:41:06.394		1.33607			4
2025.08.07	00:41:07.307		1.33606			4
2025.08.07	00:41:08.211		1.33607			4
2025.08.07	00:41:10.331		1.33596			4
2025.08.07	00:41:10.637		1.33601			4
2025.08.07	00:41:11.243		1.33608			4
2025.08.07	00:41:14.307		1.33606			4
2025.08.07	00:41:14.921		1.33607			4
2025.08.07	00:41:15.231		1.33603			4
2025.08.07	00:41:15.534		1.33609			4
2025.08.07	00:41:15.839		1.33608			4
2025.08.07	00:41:16.150		1.33609			4
2025.08.07	00:41:16.456		1.33608			4
2025.08.07	00:41:17.990		1.33609			4
2025.08.07	00:41:25.031		1.33604			4
2025.08.07	00:41:25.337		1.33606			4
2025.08.07	00:41:30.249		1.33605			4
2025.08.07	00:41:30.559		1.33606			4
2025.08.07	00:41:30.864		1.33608			4
2025.08.07	00:41:31.169		1.33606			4
2025.08.07	00:41:31.478		1.33607			4
2025.08.07	00:41:31.785		1.33606			4
2025.08.07	00:41:35.792		1.33605			4
2025.08.07	00:41:41.943		1.33604			4
2025.08.07	00:41:45.017		1.33603			4
2025.08.07	00:41:45.933		1.33604			4
2025.08.07	00:41:49.002		1.33602			4
2025.08.07	00:41:53.605		1.33601			4
2025.08.07	00:41:55.136		1.33606			4
2025.08.07	00:41:55.443		1.33605			4
2025.08.07	00:41:55.751		1.33603			4
2025.08.07	00:41:57.294		1.33604			4
2025.08.07	00:41:57.596		1.33612			4
2025.08.07	00:41:57.944		1.33605			4
2025.08.07	00:41:58.560		1.33612			4
2025.08.07	00:41:58.874		1.33605			4
2025.08.07	00:41:59.195		1.33606			4
2025.08.07	00:42:00.110	1.33535	1.33607			6
2025.08.07	00:42:00.421		1.33605			4
2025.08.07	00:42:09.335		1.33606			4
2025.08.07	00:42:10.565		1.33605			4
2025.08.07	00:42:11.178		1.33603			4
2025.08.07	00:42:11.798		1.33601			4
2025.08.07	00:42:12.727		1.33610			4
2025.08.07	00:42:13.036		1.33605			4
2025.08.07	00:42:13.343		1.33613			4
2025.08.07	00:42:13.665		1.33617			4
2025.08.07	00:42:14.292		1.33614			4
2025.08.07	00:42:14.596		1.33613			4
2025.08.07	00:42:14.904		1.33607			4
2025.08.07	00:42:15.210	1.33528	1.33606			6
2025.08.07	00:42:15.517	1.33526	1.33609			6
2025.08.07	00:42:15.827	1.33532	1.33603			6
2025.08.07	00:42:16.136	1.33530	1.33610			6
2025.08.07	00:42:16.445		1.33606			4
2025.08.07	00:42:16.749	1.33535				2
2025.08.07	00:42:17.980		1.33611			4
2025.08.07	00:42:18.286		1.33598			4
2025.08.07	00:42:20.432		1.33599			4
2025.08.07	00:42:21.656		1.33606			4
2025.08.07	00:42:22.274		1.33602			4
2025.08.07	00:42:23.194		1.33604			4
2025.08.07	00:42:25.044		1.33606			4
2025.08.07	00:42:25.345		1.33605			4
2025.08.07	00:42:25.651		1.33601			4
2025.08.07	00:42:25.963		1.33595			4
2025.08.07	00:42:26.265		1.33601			4
2025.08.07	00:42:26.575		1.33591			4
2025.08.07	00:42:26.882	1.33532	1.33603			6
2025.08.07	00:42:27.193	1.33534	1.33596			6
2025.08.07	00:42:27.501		1.33600			4
2025.08.07	00:42:27.807		1.33598			4
2025.08.07	00:42:28.120		1.33597			4
2025.08.07	00:42:28.420		1.33605			4
2025.08.07	00:42:29.038		1.33606			4
2025.08.07	00:42:31.493		1.33600			4
2025.08.07	00:42:31.800		1.33602			4
2025.08.07	00:42:32.115		1.33598			4
2025.08.07	00:42:33.029		1.33597			4
2025.08.07	00:42:36.402		1.33601			4
2025.08.07	00:42:36.716		1.33598			4
2025.08.07	00:42:37.020	1.33535	1.33601			6
2025.08.07	00:42:37.325		1.33599			4
2025.08.07	00:42:39.790		1.33598			4
2025.08.07	00:42:41.632		1.33600			4
2025.08.07	00:42:41.937		1.33608			4
2025.08.07	00:42:42.245		1.33597			4
2025.08.07	00:42:42.551		1.33605			4
2025.08.07	00:42:42.855		1.33593			4
2025.08.07	00:42:43.165		1.33606			4
2025.08.07	00:42:43.471		1.33602			4
2025.08.07	00:42:44.392		1.33599			4
2025.08.07	00:42:44.696		1.33605			4
2025.08.07	00:42:45.617		1.33604			4
2025.08.07	00:42:45.929		1.33602			4
2025.08.07	00:42:46.844		1.33609			4
2025.08.07	00:42:47.155		1.33610			4
2025.08.07	00:42:48.079		1.33613			4
2025.08.07	00:42:50.234		1.33611			4
2025.08.07	00:42:51.456	1.33532	1.33603			6
2025.08.07	00:42:51.766	1.33533	1.33601			6
2025.08.07	00:42:52.074	1.33535	1.33599			6
2025.08.07	00:42:52.379		1.33602			4
2025.08.07	00:42:52.695	1.33533	1.33600			6
2025.08.07	00:42:52.993	1.33535	1.33605			6
2025.08.07	00:42:53.305		1.33600			4
2025.08.07	00:42:54.227		1.33602			4
2025.08.07	00:42:54.841		1.33600			4
2025.08.07	00:42:55.145		1.33604			4
2025.08.07	00:42:55.460		1.33599			4
2025.08.07	00:42:56.072		1.33602			4
2025.08.07	00:42:56.376		1.33599			4
2025.08.07	00:42:56.686		1.33603			4
2025.08.07	00:42:56.989		1.33608			4
2025.08.07	00:42:57.304		1.33601			4
2025.08.07	00:42:58.229		1.33607			4
2025.08.07	00:42:58.534		1.33603			4
2025.08.07	00:42:59.458		1.33607			4
2025.08.07	00:42:59.765		1.33602			4
2025.08.07	00:43:00.069	1.33535				2
2025.08.07	00:43:00.684		1.33601			4
2025.08.07	00:43:01.612		1.33612			4
2025.08.07	00:43:02.427		1.33604			4
2025.08.07	00:43:03.043		1.33612			4
2025.08.07	00:43:03.475		1.33607			4
2025.08.07	00:43:04.088		1.33608			4
2025.08.07	00:43:05.624		1.33606			4
2025.08.07	00:43:06.237		1.33605			4
2025.08.07	00:43:06.552		1.33598			4
2025.08.07	00:43:06.855		1.33604			4
2025.08.07	00:43:07.776		1.33605			4
2025.08.07	00:43:08.087		1.33603			4
2025.08.07	00:43:08.698		1.33608			4
2025.08.07	00:43:09.005		1.33603			4
2025.08.07	00:43:09.923		1.33604			4
2025.08.07	00:43:11.151		1.33598			4
2025.08.07	00:43:11.453		1.33602			4
2025.08.07	00:43:11.766		1.33607			4
2025.08.07	00:43:12.077		1.33602			4
2025.08.07	00:43:12.383		1.33603			4
2025.08.07	00:43:14.842		1.33605			4
2025.08.07	00:43:15.147		1.33604			4
2025.08.07	00:43:15.458		1.33606			4
2025.08.07	00:43:15.765		1.33604			4
2025.08.07	00:43:18.216		1.33605			4
2025.08.07	00:43:21.595		1.33602			4
2025.08.07	00:43:21.907		1.33600			4
2025.08.07	00:43:22.518		1.33602			4
2025.08.07	00:43:22.824		1.33603			4
2025.08.07	00:43:26.189		1.33605			4
2025.08.07	00:43:29.264		1.33606			4
2025.08.07	00:43:33.564		1.33604			4
2025.08.07	00:43:35.406		1.33606			4
2025.08.07	00:43:36.332		1.33601			4
2025.08.07	00:43:36.645		1.33600			4
2025.08.07	00:43:36.946		1.33602			4
2025.08.07	00:43:41.255		1.33604			4
2025.08.07	00:43:41.560		1.33607			4
2025.08.07	00:43:41.869		1.33604			4
2025.08.07	00:43:42.180		1.33599			4
2025.08.07	00:43:42.789		1.33608			4
2025.08.07	00:43:43.096		1.33605			4
2025.08.07	00:43:43.408		1.33608			4
2025.08.07	00:43:43.716		1.33604			4
2025.08.07	00:43:44.325		1.33608			4
2025.08.07	00:43:44.945		1.33610			4
2025.08.07	00:43:45.251		1.33604			4
2025.08.07	00:43:45.558		1.33611			4
2025.08.07	00:43:46.789		1.33604			4
2025.08.07	00:43:47.714		1.33605			4
2025.08.07	00:43:48.018		1.33610			4
2025.08.07	00:43:48.327		1.33604			4
2025.08.07	00:43:49.247		1.33602			4
2025.08.07	00:43:51.712		1.33600			4
2025.08.07	00:43:52.021		1.33602			4
2025.08.07	00:43:53.252		1.33601			4
2025.08.07	00:43:56.328		1.33600			4
2025.08.07	00:43:56.942		1.33597			4
2025.08.07	00:43:57.247		1.33600			4
2025.08.07	00:43:57.559		1.33596			4
2025.08.07	00:43:57.869		1.33595			4
2025.08.07	00:43:58.172		1.33598			4
2025.08.07	00:43:59.704		1.33602			4
2025.08.07	00:44:00.012	1.33535	1.33606			6
2025.08.07	00:44:00.934		1.33605			4
2025.08.07	00:44:02.467		1.33614			4
2025.08.07	00:44:04.009		1.33612			4
2025.08.07	00:44:05.537	1.33532	1.33602			6
2025.08.07	00:44:06.158		1.33600			4
2025.08.07	00:44:06.459	1.33535	1.33608			6
2025.08.07	00:44:06.765		1.33606			4
2025.08.07	00:44:07.074		1.33605			4
2025.08.07	00:44:07.389		1.33610			4
2025.08.07	00:44:07.694		1.33605			4
2025.08.07	00:44:08.003		1.33607			4
2025.08.07	00:44:08.311		1.33606			4
2025.08.07	00:44:08.919		1.33608			4
2025.08.07	00:44:09.228		1.33607			4
2025.08.07	00:44:16.595		1.33604			4
2025.08.07	00:44:17.205		1.33606			4
2025.08.07	00:44:26.418		1.33607			4
2025.08.07	00:44:26.730		1.33605			4
2025.08.07	00:44:27.039		1.33604			4
2025.08.07	00:44:27.651		1.33609			4
2025.08.07	00:44:27.956		1.33605			4
2025.08.07	00:44:31.648		1.33604			4
2025.08.07	00:44:32.262		1.33605			4
2025.08.07	00:44:32.879		1.33604			4
2025.08.07	00:44:34.429		1.33606			4
2025.08.07	00:44:36.574		1.33608			4
2025.08.07	00:44:37.502		1.33609			4
2025.08.07	00:44:38.115		1.33607			4
2025.08.07	00:44:38.416		1.33606			4
2025.08.07	00:44:39.340		1.33609			4
2025.08.07	00:44:41.188		1.33619			4
2025.08.07	00:44:41.798		1.33603			4
2025.08.07	00:44:42.421		1.33605			4
2025.08.07	00:44:43.343		1.33608			4
2025.08.07	00:44:43.648		1.33605			4
2025.08.07	00:44:46.722		1.33608			4
2025.08.07	00:44:47.031		1.33602			4
2025.08.07	00:44:48.874		1.33607			4
2025.08.07	00:44:51.335		1.33605			4
2025.08.07	00:44:56.872		1.33603			4
2025.08.07	00:44:57.178		1.33604			4
2025.08.07	00:45:00.244	1.33535				2
2025.08.07	00:45:03.014	1.33514				2
2025.08.07	00:45:06.702	1.33535				2
2025.08.07	00:45:08.241		1.33620			4
2025.08.07	00:45:10.626	1.33551	1.33604			6
2025.08.07	00:45:13.088		1.33593			4
2025.08.07	00:45:13.703		1.33595			4
2025.08.07	00:45:14.317		1.33592			4
2025.08.07	00:45:14.627		1.33593			4
2025.08.07	00:45:16.479	1.33550	1.33604			6
2025.08.07	00:45:16.791		1.33583			4
2025.08.07	00:45:17.710		1.33588			4
2025.08.07	00:45:18.322		1.33586			4
2025.08.07	00:45:18.939		1.33589			4
2025.08.07	00:45:19.244		1.33586			4
2025.08.07	00:45:19.552		1.33606			4
2025.08.07	00:45:19.857		1.33588			4
2025.08.07	00:45:20.782		1.33590			4
2025.08.07	00:45:21.398		1.33587			4
2025.08.07	00:45:22.627		1.33591			4
2025.08.07	00:45:23.237		1.33588			4
2025.08.07	00:45:26.931		1.33606			4
2025.08.07	00:45:29.399		1.33583			4
2025.08.07	00:45:31.561	1.33551	1.33606			6
2025.08.07	00:45:32.172		1.33585			4
2025.08.07	00:45:32.788		1.33591			4
2025.08.07	00:45:33.095		1.33588			4
2025.08.07	00:45:33.403		1.33583			4
2025.08.07	00:45:34.625		1.33600			4
2025.08.07	00:45:41.418		1.33593			4
2025.08.07	00:45:43.264		1.33600			4
2025.08.07	00:45:45.423		1.33587			4
2025.08.07	00:45:46.042	1.33547	1.33585			6
2025.08.07	00:45:46.344		1.33587			4
2025.08.07	00:45:46.961		1.33606			4
2025.08.07	00:45:48.187		1.33591			4
2025.08.07	00:45:49.417		1.33589			4
2025.08.07	00:45:49.728		1.33599			4
2025.08.07	00:45:50.035		1.33585			4
2025.08.07	00:45:50.345		1.33581			4
2025.08.07	00:45:59.896		1.33577			4
2025.08.07	00:46:00.202	1.33547				2
2025.08.07	00:46:00.512		1.33579			4
2025.08.07	00:46:01.433		1.33586			4
2025.08.07	00:46:02.050		1.33583			4
2025.08.07	00:46:02.972		1.33584			4
2025.08.07	00:46:04.202		1.33585			4
2025.08.07	00:46:04.821		1.33583			4
2025.08.07	00:46:08.204	1.33543	1.33606			6
2025.08.07	00:46:11.593		1.33587			4
2025.08.07	00:46:14.976		1.33582			4
2025.08.07	00:46:16.517		1.33578			4
2025.08.07	00:46:17.134		1.33606			4
2025.08.07	00:46:19.596	1.33537				2
2025.08.07	00:46:21.454		1.33581			4
2025.08.07	00:46:22.997		1.33583			4
2025.08.07	00:46:29.178		1.33606			4
2025.08.07	00:46:30.096		1.33589			4
2025.08.07	00:46:30.709		1.33606			4
2025.08.07	00:46:32.244	1.33525	1.33586			6
2025.08.07	00:46:32.552		1.33606			4
2025.08.07	00:46:34.711	1.33530				2
2025.08.07	00:46:35.331		1.33579			4
2025.08.07	00:46:35.640		1.33606			4
2025.08.07	00:46:35.947		1.33595			4
2025.08.07	00:46:36.255		1.33598			4
2025.08.07	00:46:36.559		1.33589			4
2025.08.07	00:46:36.867		1.33584			4
2025.08.07	00:46:37.172		1.33587			4
2025.08.07	00:46:37.479		1.33589			4
2025.08.07	00:46:37.787		1.33588			4
2025.08.07	00:46:38.096		1.33606			4
2025.08.07	00:46:38.398		1.33593			4
2025.08.07	00:46:38.713		1.33595			4
2025.08.07	00:46:39.016		1.33580			4
2025.08.07	00:46:39.327		1.33606			4
2025.08.07	00:46:39.941		1.33583			4
2025.08.07	00:46:43.921		1.33586			4
2025.08.07	00:46:44.230		1.33587			4
2025.08.07	00:46:46.378		1.33582			4
2025.08.07	00:46:48.840		1.33589			4
2025.08.07	00:46:49.764	1.33533	1.33586			6
2025.08.07	00:46:52.831		1.33588			4
2025.08.07	00:46:55.290		1.33582			4
2025.08.07	00:46:55.594		1.33589			4
2025.08.07	00:46:56.521		1.33584			4
2025.08.07	00:46:57.452		1.33590			4
2025.08.07	00:46:59.906		1.33588			4
2025.08.07	00:47:00.211	1.33533	1.33584			6
2025.08.07	00:47:00.824		1.33606			4
2025.08.07	00:47:01.130		1.33582			4
2025.08.07	00:47:02.363		1.33584			4
2025.08.07	00:47:02.975	1.33513				2
2025.08.07	00:47:03.279	1.33518	1.33576			6
2025.08.07	00:47:05.751	1.33520	1.33578			6
2025.08.07	00:47:06.359	1.33519	1.33579			6
2025.08.07	00:47:06.673	1.33532				2
2025.08.07	00:47:06.981		1.33585			4
2025.08.07	00:47:08.512		1.33588			4
2025.08.07	00:47:09.739		1.33586			4
2025.08.07	00:47:10.358		1.33606			4
2025.08.07	00:47:11.282		1.33586			4
2025.08.07	00:47:12.820		1.33589			4
2025.08.07	00:47:14.357		1.33606			4
2025.08.07	00:47:20.203	1.33525				2
2025.08.07	00:47:23.271		1.33596			4
2025.08.07	00:47:24.196	1.33526	1.33606			6
2025.08.07	00:47:25.124	1.33528				2
2025.08.07	00:47:25.436	1.33529				2
2025.08.07	00:47:25.747	1.33528				2
2025.08.07	00:47:26.053	1.33529				2
2025.08.07	00:47:26.663	1.33528	1.33600			6
2025.08.07	00:47:26.977		1.33606			4
2025.08.07	00:47:27.590	1.33525				2
2025.08.07	00:47:28.206	1.33528				2
2025.08.07	00:47:28.511	1.33527				2
2025.08.07	00:47:28.822	1.33528				2
2025.08.07	00:47:29.124	1.33526				2
2025.08.07	00:47:29.739	1.33524				2
2025.08.07	00:47:30.042	1.33526				2
2025.08.07	00:47:30.961	1.33523				2
2025.08.07	00:47:31.266	1.33525				2
2025.08.07	00:47:31.570	1.33526	1.33592			6
2025.08.07	00:47:31.877	1.33525				2
2025.08.07	00:47:32.492		1.33606			4
2025.08.07	00:47:32.798		1.33607			4
2025.08.07	00:47:33.729		1.33599			4
2025.08.07	00:47:34.651	1.33528	1.33607			6
2025.08.07	00:47:47.271		1.33583			4
2025.08.07	00:47:47.585		1.33607			4
2025.08.07	00:47:50.960	1.33529				2
2025.08.07	00:47:51.266	1.33526				2
2025.08.07	00:47:59.565		1.33591			4
2025.08.07	00:47:59.872		1.33592			4
2025.08.07	00:48:00.182	1.33526				2
2025.08.07	00:48:02.328		1.33607			4
2025.08.07	00:48:02.638		1.33589			4
2025.08.07	00:48:04.171		1.33607			4
2025.08.07	00:48:06.630	1.33523				2
2025.08.07	00:48:06.937		1.33591			4
2025.08.07	00:48:07.248		1.33607			4
2025.08.07	00:48:08.473	1.33528				2
2025.08.07	00:48:08.781		1.33591			4
2025.08.07	00:48:09.090		1.33607			4
2025.08.07	00:48:09.705		1.33599			4
2025.08.07	00:48:10.931		1.33607			4
2025.08.07	00:48:14.004	1.33532				2
2025.08.07	00:48:14.930		1.33588			4
2025.08.07	00:48:19.540		1.33607			4
2025.08.07	00:48:21.685		1.33598			4
2025.08.07	00:48:21.995		1.33597			4
2025.08.07	00:48:22.609		1.33607			4
2025.08.07	00:48:24.759		1.33594			4
2025.08.07	00:48:25.375		1.33578			4
2025.08.07	00:48:25.679		1.33587			4
2025.08.07	00:48:25.984	1.33522	1.33607			6
2025.08.07	00:48:26.291	1.33526				2
2025.08.07	00:48:26.910	1.33523				2
2025.08.07	00:48:27.217	1.33526				2
2025.08.07	00:48:27.519	1.33527				2
2025.08.07	00:48:27.821	1.33523				2
2025.08.07	00:48:28.122	1.33522				2
2025.08.07	00:48:30.890		1.33590			4
2025.08.07	00:48:31.197		1.33607			4
2025.08.07	00:48:32.741	1.33525	1.33584			6
2025.08.07	00:48:34.886		1.33588			4
2025.08.07	00:48:35.502		1.33581			4
2025.08.07	00:48:36.120		1.33608			4
2025.08.07	00:48:36.426		1.33580			4
2025.08.07	00:48:37.955	1.33528				2
2025.08.07	00:48:40.096	1.33516	1.33611			6
2025.08.07	00:48:40.400		1.33582			4
2025.08.07	00:48:40.708		1.33574			4
2025.08.07	00:48:41.014		1.33578			4
2025.08.07	00:48:41.318		1.33574			4
2025.08.07	00:48:41.624	1.33518	1.33576			6
2025.08.07	00:48:43.165	1.33528	1.33598			6
2025.08.07	00:48:43.470	1.33529	1.33583			6
2025.08.07	00:48:44.076	1.33530				2
2025.08.07	00:48:44.378	1.33529	1.33609			6
2025.08.07	00:48:44.682	1.33530				2
2025.08.07	00:48:46.523	1.33529				2
2025.08.07	00:48:46.832	1.33530	1.33589			6
2025.08.07	00:48:47.140		1.33609			4
2025.08.07	00:48:47.442	1.33526	1.33608			6
2025.08.07	00:48:49.595	1.33515	1.33609			6
2025.08.07	00:49:00.053	1.33515				2
2025.08.07	00:49:01.595	1.33512				2
2025.08.07	00:49:05.888	1.33533				2
2025.08.07	00:49:10.497		1.33581			4
2025.08.07	00:49:12.919	1.33525				2
2025.08.07	00:49:16.891	1.33524				2
2025.08.07	00:49:17.808		1.33578			4
2025.08.07	00:49:18.415	1.33525				2
2025.08.07	00:49:19.628	1.33526	1.33608			6
2025.08.07	00:49:22.075		1.33578			4
2025.08.07	00:49:22.378		1.33608			4
2025.08.07	00:49:22.987		1.33579			4
2025.08.07	00:49:24.514		1.33608			4
2025.08.07	00:49:27.281		1.33580			4
2025.08.07	00:49:32.457		1.33608			4
2025.08.07	00:49:34.905	1.33529				2
2025.08.07	00:49:35.208	1.33532				2
2025.08.07	00:49:35.516	1.33520	1.33609			6
2025.08.07	00:49:35.821	1.33532				2
2025.08.07	00:49:38.891	1.33533				2
2025.08.07	00:49:43.186		1.33605			4
2025.08.07	00:49:44.723	1.33521				2
2025.08.07	00:49:52.076	1.33528				2
2025.08.07	00:49:52.379	1.33520				2
2025.08.07	00:50:00.078	1.33520				2
2025.08.07	00:50:06.838	1.33533				2
2025.08.07	00:50:12.990		1.33574			4
2025.08.07	00:50:13.294	1.33520				2
2025.08.07	00:50:13.899		1.33572			4
2025.08.07	00:50:15.415		1.33605			4
2025.08.07	00:50:28.322	1.33529				2
2025.08.07	00:50:32.016	1.33526				2
2025.08.07	00:50:32.324	1.33529				2
2025.08.07	00:50:34.158	1.33526				2
2025.08.07	00:50:34.774		1.33573			4
2025.08.07	00:50:36.598	1.33529	1.33605			6
2025.08.07	00:50:36.903	1.33526				2
2025.08.07	00:50:39.660	1.33527				2
2025.08.07	00:50:40.887	1.33533				2
2025.08.07	00:50:41.495		1.33580			4
2025.08.07	00:50:42.106		1.33605			4
2025.08.07	00:50:47.621	1.33520				2
2025.08.07	00:50:51.908	1.33530				2
2025.08.07	00:51:00.182	1.33530				2
2025.08.07	00:51:00.487		1.33573			4
2025.08.07	00:51:01.408		1.33605			4
2025.08.07	00:51:02.633		1.33572			4
2025.08.07	00:51:06.920	1.33527	1.33605			6
2025.08.07	00:51:11.823	1.33533				2
2025.08.07	00:51:13.352		1.33570			4
2025.08.07	00:51:15.494		1.33605			4
2025.08.07	00:51:17.325	1.33527				2
2025.08.07	00:51:21.939	1.33531				2
2025.08.07	00:51:32.067		1.33569			4
2025.08.07	00:51:32.376		1.33570			4
2025.08.07	00:51:38.474		1.33571			4
2025.08.07	00:51:38.780		1.33605			4
2025.08.07	00:51:43.080		1.33604			4
2025.08.07	00:51:43.996	1.33533				2
2025.08.07	00:51:50.420	1.33531				2
2025.08.07	00:51:51.949	1.33528	1.33570			6
2025.08.07	00:51:52.254	1.33526	1.33604			6
2025.08.07	00:52:00.240	1.33526				2
2025.08.07	00:52:13.119		1.33581			4
2025.08.07	00:52:13.423	1.33534	1.33600			6
2025.08.07	00:52:13.731	1.33533	1.33571			6
2025.08.07	00:52:14.347		1.33572			4
2025.08.07	00:52:14.648	1.33535	1.33571			6
2025.08.07	00:52:14.950		1.33575			4
2025.08.07	00:52:16.466	1.33537	1.33578			6
2025.08.07	00:52:16.771		1.33571			4
2025.08.07	00:52:19.212	1.33538				2
2025.08.07	00:52:19.817		1.33596			4
2025.08.07	00:52:23.503	1.33539				2
2025.08.07	00:52:25.659	1.33540				2
2025.08.07	00:52:25.964		1.33600			4
2025.08.07	00:52:26.578		1.33598			4
2025.08.07	00:52:27.807	1.33541	1.33597			6
2025.08.07	00:52:41.038	1.33537	1.33596			6
2025.08.07	00:52:43.198	1.33538				2
2025.08.07	00:52:46.899	1.33539	1.33601			6
2025.08.07	00:52:47.201	1.33541				2
2025.08.07	00:52:49.052		1.33599			4
2025.08.07	00:52:49.669		1.33601			4
2025.08.07	00:52:50.285		1.33599			4
2025.08.07	00:52:50.596		1.33601			4
2025.08.07	00:52:50.902		1.33599			4
2025.08.07	00:52:53.366	1.33533	1.33603			6
2025.08.07	00:52:53.983	1.33526				2
2025.08.07	00:52:56.441	1.33541	1.33600			6
2025.08.07	00:52:56.745		1.33601			4
2025.08.07	00:52:57.057		1.33598			4
2025.08.07	00:53:00.143	1.33541				2
2025.08.07	00:53:08.445	1.33529	1.33599			6
2025.08.07	00:53:08.750	1.33533	1.33603			6
2025.08.07	00:53:09.061	1.33537				2
2025.08.07	00:53:09.375	1.33540				2
2025.08.07	00:53:09.983		1.33596			4
2025.08.07	00:53:10.295	1.33541	1.33597			6
2025.08.07	00:53:10.597		1.33599			4
2025.08.07	00:53:10.905	1.33546				2
2025.08.07	00:53:11.213	1.33541	1.33573			6
2025.08.07	00:53:11.517		1.33600			4
2025.08.07	00:53:13.059		1.33601			4
2025.08.07	00:53:13.980		1.33599			4
2025.08.07	00:53:21.368		1.33600			4
2025.08.07	00:53:23.530		1.33598			4
2025.08.07	00:53:23.836		1.33572			4
2025.08.07	00:53:27.185		1.33597			4
2025.08.07	00:53:27.486	1.33538	1.33598			6
2025.08.07	00:53:27.798	1.33539	1.33590			6
2025.08.07	00:53:29.629	1.33541				2
2025.08.07	00:53:29.937	1.33545	1.33573			6
2025.08.07	00:53:30.244		1.33590			4
2025.08.07	00:53:31.472		1.33574			4
2025.08.07	00:53:32.693	1.33544				2
2025.08.07	00:53:32.999	1.33542	1.33592			6
2025.08.07	00:53:36.082		1.33593			4
2025.08.07	00:53:37.619		1.33594			4
2025.08.07	00:53:38.542	1.33541	1.33599			6
2025.08.07	00:53:43.471	1.33539	1.33597			6
2025.08.07	00:53:44.103		1.33573			4
2025.08.07	00:53:44.410		1.33597			4
2025.08.07	00:53:45.636	1.33540				2
2025.08.07	00:53:46.251		1.33595			4
2025.08.07	00:53:46.559		1.33601			4
2025.08.07	00:53:46.866		1.33603			4
2025.08.07	00:53:47.176	1.33544	1.33601			6
2025.08.07	00:53:47.486	1.33541	1.33602			6
2025.08.07	00:53:47.795		1.33601			4
2025.08.07	00:53:48.100		1.33598			4
2025.08.07	00:53:48.400	1.33539	1.33595			6
2025.08.07	00:53:48.716	1.33544	1.33571			6
2025.08.07	00:53:49.024	1.33539	1.33599			6
2025.08.07	00:53:49.337	1.33543				2
2025.08.07	00:53:49.641	1.33538				2
2025.08.07	00:53:49.959		1.33600			4
2025.08.07	00:53:50.265	1.33541	1.33598			6
2025.08.07	00:53:50.570		1.33602			4
2025.08.07	00:53:50.879	1.33546	1.33571			6
2025.08.07	00:53:52.701	1.33545	1.33602			6
2025.08.07	00:53:53.002	1.33541	1.33574			6
2025.08.07	00:53:53.311		1.33597			4
2025.08.07	00:53:54.541		1.33574			4
2025.08.07	00:53:56.372		1.33598			4
2025.08.07	00:53:56.676		1.33596			4
2025.08.07	00:53:56.978	1.33543	1.33599			6
2025.08.07	00:53:57.282	1.33542	1.33598			6
2025.08.07	00:53:57.596	1.33541				2
2025.08.07	00:53:57.907		1.33601			4
2025.08.07	00:53:58.516		1.33598			4
2025.08.07	00:53:58.820	1.33540	1.33592			6
2025.08.07	00:53:59.123	1.33542	1.33598			6
2025.08.07	00:53:59.429	1.33539	1.33596			6
2025.08.07	00:53:59.736	1.33541	1.33579			6
2025.08.07	00:54:00.048	1.33539	1.33596			6
2025.08.07	00:54:03.122	1.33540	1.33598			6
2025.08.07	00:54:03.424	1.33536				2
2025.08.07	00:54:03.740	1.33541	1.33576			6
2025.08.07	00:54:04.046		1.33598			4
2025.08.07	00:54:04.355	1.33546	1.33597			6
2025.08.07	00:54:04.658	1.33542	1.33579			6
2025.08.07	00:54:04.963	1.33544	1.33574			6
2025.08.07	00:54:05.264	1.33546	1.33597			6
2025.08.07	00:54:05.564	1.33541	1.33601			6
2025.08.07	00:54:05.871	1.33544				2
2025.08.07	00:54:06.488	1.33541				2
2025.08.07	00:54:06.794	1.33542	1.33594			6
2025.08.07	00:54:07.102		1.33572			4
2025.08.07	00:54:07.411	1.33541	1.33598			6
2025.08.07	00:54:07.727	1.33547	1.33599			6
2025.08.07	00:54:08.030	1.33541	1.33597			6
2025.08.07	00:54:10.803	1.33542	1.33593			6
2025.08.07	00:54:11.111	1.33541	1.33597			6
2025.08.07	00:54:14.181		1.33598			4
2025.08.07	00:54:14.488		1.33600			4
2025.08.07	00:54:16.030		1.33599			4
2025.08.07	00:54:16.950		1.33603			4
2025.08.07	00:54:17.258		1.33600			4
2025.08.07	00:54:18.185		1.33599			4
2025.08.07	00:54:18.810		1.33601			4
2025.08.07	00:54:20.959		1.33600			4
2025.08.07	00:54:21.271		1.33599			4
2025.08.07	00:54:21.573	1.33533	1.33603			6
2025.08.07	00:54:24.965	1.33521				2
2025.08.07	00:54:27.732	1.33519				2
2025.08.07	00:54:29.270	1.33521				2
2025.08.07	00:54:32.040	1.33540	1.33596			6
2025.08.07	00:54:32.345		1.33597			4
2025.08.07	00:54:32.653		1.33600			4
2025.08.07	00:54:32.955		1.33598			4
2025.08.07	00:54:33.269		1.33572			4
2025.08.07	00:54:33.893		1.33596			4
2025.08.07	00:54:34.196		1.33574			4
2025.08.07	00:54:34.801	1.33534	1.33576			6
2025.08.07	00:54:35.105	1.33536				2
2025.08.07	00:54:35.718	1.33543	1.33571			6
2025.08.07	00:54:36.027	1.33545	1.33580			6
2025.08.07	00:54:36.636		1.33588			4
2025.08.07	00:54:36.938	1.33547	1.33581			6
2025.08.07	00:54:37.554		1.33582			4
2025.08.07	00:54:38.162		1.33583			4
2025.08.07	00:54:40.609	1.33542	1.33589			6
2025.08.07	00:54:42.460	1.33543	1.33590			6
2025.08.07	00:54:52.622	1.33544	1.33594			6
2025.08.07	00:54:52.926	1.33542				2
2025.08.07	00:54:54.158	1.33545	1.33595			6
2025.08.07	00:54:54.462	1.33542	1.33598			6
2025.08.07	00:54:54.766	1.33541				2
2025.08.07	00:55:00.305	1.33541				2
2025.08.07	00:55:00.925	1.33535				2
2025.08.07	00:55:01.233	1.33528	1.33573			6
2025.08.07	00:55:08.252	1.33525				2
2025.08.07	00:55:17.375	1.33533				2
2025.08.07	00:55:18.284		1.33603			4
2025.08.07	00:55:21.050		1.33572			4
2025.08.07	00:55:23.501	1.33525				2
2025.08.07	00:55:30.821	1.33520	1.33603			6
2025.08.07	00:55:31.125	1.33517	1.33597			6
2025.08.07	00:55:31.429		1.33592			4
2025.08.07	00:55:32.052	1.33513	1.33568			6
2025.08.07	00:55:32.657	1.33517	1.33603			6
2025.08.07	00:55:33.567		1.33595			4
2025.08.07	00:55:33.877		1.33593			4
2025.08.07	00:55:34.178		1.33595			4
2025.08.07	00:55:34.479		1.33603			4
2025.08.07	00:55:34.784		1.33599			4
2025.08.07	00:55:35.087		1.33591			4
2025.08.07	00:55:35.390		1.33597			4
2025.08.07	00:55:35.696		1.33587			4
2025.08.07	00:55:36.003		1.33596			4
2025.08.07	00:55:36.310		1.33594			4
2025.08.07	00:55:36.621	1.33518	1.33588			6
2025.08.07	00:55:40.006	1.33519	1.33577			6
2025.08.07	00:55:40.307	1.33517	1.33601			6
2025.08.07	00:55:40.620		1.33597			4
2025.08.07	00:55:40.922		1.33590			4
2025.08.07	00:55:41.231		1.33601			4
2025.08.07	00:55:41.543		1.33599			4
2025.08.07	00:55:41.852		1.33588			4
2025.08.07	00:55:42.165		1.33596			4
2025.08.07	00:55:42.777	1.33520	1.33598			6
2025.08.07	00:55:43.392	1.33522	1.33580			6
2025.08.07	00:55:43.699	1.33520	1.33577			6
2025.08.07	00:55:44.000	1.33525	1.33583			6
2025.08.07	00:55:44.920	1.33522	1.33599			6
2025.08.07	00:55:45.224		1.33601			4
2025.08.07	00:55:46.763	1.33525	1.33593			6
2025.08.07	00:55:47.071	1.33524	1.33588			6
2025.08.07	00:55:47.376		1.33587			4
2025.08.07	00:55:47.680	1.33520	1.33599			6
2025.08.07	00:55:47.996	1.33521	1.33587			6
2025.08.07	00:55:48.299	1.33517	1.33590			6
2025.08.07	00:55:48.610	1.33513	1.33569			6
2025.08.07	00:55:49.524	1.33533				2
2025.08.07	00:55:51.368		1.33598			4
2025.08.07	00:55:51.691		1.33603			4
2025.08.07	00:55:52.612		1.33599			4
2025.08.07	00:55:52.923		1.33597			4
2025.08.07	00:55:53.231		1.33569			4
2025.08.07	00:55:53.536		1.33596			4
2025.08.07	00:55:53.841		1.33576			4
2025.08.07	00:55:54.145		1.33581			4
2025.08.07	00:55:54.751		1.33579			4
2025.08.07	00:55:56.273	1.33521				2
2025.08.07	00:55:57.799	1.33518	1.33601			6
2025.08.07	00:55:58.101		1.33572			4
2025.08.07	00:55:58.716	1.33517	1.33599			6
2025.08.07	00:55:59.023	1.33516	1.33568			6
2025.08.07	00:55:59.331	1.33517	1.33597			6
2025.08.07	00:56:00.250	1.33515	1.33571			6
2025.08.07	00:56:00.556	1.33522	1.33580			6
2025.08.07	00:56:00.861	1.33521	1.33579			6
2025.08.07	00:56:04.545	1.33517	1.33603			6
2025.08.07	00:56:04.850		1.33602			4
2025.08.07	00:56:05.156		1.33589			4
2025.08.07	00:56:05.457		1.33599			4
2025.08.07	00:56:05.773		1.33596			4
2025.08.07	00:56:06.077		1.33597			4
2025.08.07	00:56:06.388	1.33522	1.33580			6
2025.08.07	00:56:06.690	1.33518	1.33570			6
2025.08.07	00:56:06.998	1.33520	1.33571			6
2025.08.07	00:56:07.300	1.33527	1.33585			6
2025.08.07	00:56:07.606	1.33523	1.33573			6
2025.08.07	00:56:12.197		1.33591			4
2025.08.07	00:56:12.505		1.33586			4
2025.08.07	00:56:12.813		1.33589			4
2025.08.07	00:56:13.118	1.33526	1.33584			6
2025.08.07	00:56:13.736	1.33525	1.33583			6
2025.08.07	00:56:14.046		1.33582			4
2025.08.07	00:56:14.351		1.33575			4
2025.08.07	00:56:14.653	1.33524	1.33598			6
2025.08.07	00:56:14.966		1.33581			4
2025.08.07	00:56:15.267	1.33522	1.33570			6
2025.08.07	00:56:15.573	1.33520	1.33575			6
2025.08.07	00:56:15.875		1.33578			4
2025.08.07	00:56:16.178	1.33517				2
2025.08.07	00:56:16.489	1.33513	1.33569			6
2025.08.07	00:56:16.795	1.33516	1.33574			6
2025.08.07	00:56:17.098	1.33514	1.33568			6
2025.08.07	00:56:17.714	1.33515	1.33569			6
2025.08.07	00:56:18.021	1.33533	1.33572			6
2025.08.07	00:56:18.332		1.33575			4
2025.08.07	00:56:18.633		1.33574			4
2025.08.07	00:56:19.562		1.33571			4
2025.08.07	00:56:19.869		1.33576			4
2025.08.07	00:56:20.177		1.33574			4
2025.08.07	00:56:20.480		1.33570			4
2025.08.07	00:56:20.788		1.33569			4
2025.08.07	00:56:21.097		1.33572			4
2025.08.07	00:56:21.400		1.33568			4
2025.08.07	00:56:21.720		1.33573			4
2025.08.07	00:56:22.023		1.33570			4
2025.08.07	00:56:22.335		1.33582			4
2025.08.07	00:56:22.952		1.33573			4
2025.08.07	00:56:23.564		1.33574			4
2025.08.07	00:56:23.873		1.33570			4
2025.08.07	00:56:24.176		1.33574			4
2025.08.07	00:56:24.482		1.33571			4
2025.08.07	00:56:24.797	1.33524	1.33570			6
2025.08.07	00:56:25.102		1.33572			4
2025.08.07	00:56:25.414		1.33576			4
2025.08.07	00:56:25.721	1.33522	1.33572			6
2025.08.07	00:56:26.027	1.33521	1.33571			6
2025.08.07	00:56:26.334	1.33517	1.33574			6
2025.08.07	00:56:26.637	1.33516	1.33570			6
2025.08.07	00:56:26.947	1.33518	1.33572			6
2025.08.07	00:56:27.257		1.33571			4
2025.08.07	00:56:27.562		1.33572			4
2025.08.07	00:56:28.179	1.33519	1.33573			6
2025.08.07	00:56:28.485	1.33518	1.33575			6
2025.08.07	00:56:30.339	1.33519	1.33573			6
2025.08.07	00:56:30.642		1.33576			4
2025.08.07	00:56:30.953		1.33574			4
2025.08.07	00:56:31.264	1.33517	1.33584			6
2025.08.07	00:56:31.571	1.33515	1.33573			6
2025.08.07	00:56:31.879	1.33516	1.33574			6
2025.08.07	00:56:34.031	1.33514	1.33571			6
2025.08.07	00:56:34.958		1.33570			4
2025.08.07	00:56:36.189	1.33517	1.33576			6
2025.08.07	00:56:36.493		1.33588			4
2025.08.07	00:56:36.803		1.33575			4
2025.08.07	00:56:37.109	1.33516	1.33574			6
2025.08.07	00:56:37.728	1.33517	1.33575			6
2025.08.07	00:56:38.035		1.33585			4
2025.08.07	00:56:38.342		1.33578			4
2025.08.07	00:56:38.645		1.33586			4
2025.08.07	00:56:38.955		1.33579			4
2025.08.07	00:56:39.574		1.33589			4
2025.08.07	00:56:39.884		1.33578			4
2025.08.07	00:56:40.189		1.33580			4
2025.08.07	00:56:40.497	1.33518	1.33576			6
2025.08.07	00:56:40.799	1.33521	1.33579			6
2025.08.07	00:56:41.733	1.33518	1.33578			6
2025.08.07	00:56:42.043	1.33517	1.33580			6
2025.08.07	00:56:42.352	1.33518	1.33581			6
2025.08.07	00:56:46.346		1.33578			4
2025.08.07	00:56:47.885	1.33533				2
2025.08.07	00:56:48.502		1.33579			4
2025.08.07	00:56:49.426		1.33578			4
2025.08.07	00:56:53.124	1.33518	1.33576			6
2025.08.07	00:56:53.427	1.33520	1.33578			6
2025.08.07	00:56:53.737	1.33518	1.33589			6
2025.08.07	00:56:54.048		1.33584			4
2025.08.07	00:56:54.351		1.33585			4
2025.08.07	00:56:56.192		1.33589			4
2025.08.07	00:56:56.507	1.33529	1.33607			6
2025.08.07	00:56:56.815	1.33531				2
2025.08.07	00:56:59.588	1.33518	1.33588			6
2025.08.07	00:57:00.206	1.33518				2
2025.08.07	00:57:00.514		1.33592			4
2025.08.07	00:57:08.786		1.33594			4
2025.08.07	00:57:09.092	1.33521				2
2025.08.07	00:57:09.398		1.33591			4
2025.08.07	00:57:09.706		1.33593			4
2025.08.07	00:57:14.710	1.33543	1.33607			6
2025.08.07	00:57:22.362	1.33527	1.33608			6
2025.08.07	00:57:22.671	1.33534	1.33613			6
2025.08.07	00:57:22.976	1.33510				2
2025.08.07	00:57:23.277	1.33507	1.33631			6
2025.08.07	00:57:23.578	1.33526				2
2025.08.07	00:57:23.893	1.33510	1.33630			6
2025.08.07	00:57:24.201	1.33525				2
2025.08.07	00:57:24.511	1.33534				2
2025.08.07	00:57:24.818	1.33523	1.33633			6
2025.08.07	00:57:25.119	1.33532				2
2025.08.07	00:57:25.728	1.33524	1.33634			6
2025.08.07	00:57:26.041	1.33521	1.33633			6
2025.08.07	00:57:26.348	1.33529				2
2025.08.07	00:57:26.656	1.33528				2
2025.08.07	00:57:27.260	1.33531				2
2025.08.07	00:57:28.792	1.33530				2
2025.08.07	00:57:32.167	1.33501	1.33634			6
2025.08.07	00:57:32.471	1.33505				2
2025.08.07	00:57:32.782	1.33518				2
2025.08.07	00:57:33.092	1.33496				2
2025.08.07	00:57:33.401	1.33519	1.33633			6
2025.08.07	00:57:34.616	1.33497	1.33634			6
2025.08.07	00:57:34.919	1.33515				2
2025.08.07	00:57:35.226	1.33502				2
2025.08.07	00:57:35.536	1.33519				2
2025.08.07	00:57:35.841	1.33503				2
2025.08.07	00:57:36.146	1.33511				2
2025.08.07	00:57:36.464	1.33522				2
2025.08.07	00:57:37.077	1.33505				2
2025.08.07	00:57:37.381	1.33503				2
2025.08.07	00:57:37.692	1.33505				2
2025.08.07	00:57:38.001	1.33509				2
2025.08.07	00:57:38.309	1.33522				2
2025.08.07	00:57:38.617	1.33506				2
2025.08.07	00:57:38.920	1.33509	1.33633			6
2025.08.07	00:57:39.230	1.33507	1.33634			6
2025.08.07	00:57:39.536	1.33506				2
2025.08.07	00:57:39.848	1.33514				2
2025.08.07	00:57:40.154	1.33515				2
2025.08.07	00:57:40.464	1.33505				2
2025.08.07	00:57:40.775	1.33512				2
2025.08.07	00:57:41.081	1.33508	1.33633			6
2025.08.07	00:57:41.386	1.33506				2
2025.08.07	00:57:41.688		1.33634			4
2025.08.07	00:57:41.998	1.33515				2
2025.08.07	00:57:42.300	1.33524				2
2025.08.07	00:57:42.617	1.33500	1.33628			6
2025.08.07	00:57:42.926	1.33522				2
2025.08.07	00:57:43.541	1.33501				2
2025.08.07	00:57:43.857		1.33627			4
2025.08.07	00:57:44.166	1.33519				2
2025.08.07	00:57:44.472	1.33503	1.33628			6
2025.08.07	00:57:44.776	1.33501				2
2025.08.07	00:57:45.087	1.33504	1.33627			6
2025.08.07	00:57:45.397	1.33526				2
2025.08.07	00:57:45.698	1.33523				2
2025.08.07	00:57:46.001	1.33503	1.33628			6
2025.08.07	00:57:46.309	1.33523	1.33627			6
2025.08.07	00:57:46.935	1.33520	1.33626			6
2025.08.07	00:57:47.238	1.33508	1.33627			6
2025.08.07	00:57:47.541	1.33524				2
2025.08.07	00:57:47.843	1.33509	1.33628			6
2025.08.07	00:57:48.147	1.33513	1.33627			6
2025.08.07	00:57:48.453	1.33516	1.33626			6
2025.08.07	00:57:48.757	1.33528	1.33627			6
2025.08.07	00:57:49.059	1.33507				2
2025.08.07	00:57:49.366	1.33520				2
2025.08.07	00:57:49.674	1.33508				2
2025.08.07	00:57:49.975	1.33506	1.33628			6
2025.08.07	00:57:50.297	1.33525				2
2025.08.07	00:57:50.600		1.33627			4
2025.08.07	00:57:50.906	1.33509	1.33628			6
2025.08.07	00:57:51.212	1.33525				2
2025.08.07	00:57:51.517	1.33506	1.33627			6
2025.08.07	00:57:51.822	1.33502				2
2025.08.07	00:57:52.129	1.33525				2
2025.08.07	00:57:52.435	1.33501				2
2025.08.07	00:57:52.741	1.33506				2
2025.08.07	00:57:53.044	1.33533				2
2025.08.07	00:57:53.355	1.33528	1.33628			6
2025.08.07	00:57:53.659	1.33507				2
2025.08.07	00:57:53.965	1.33528				2
2025.08.07	00:57:54.269	1.33527				2
2025.08.07	00:57:54.573	1.33516				2
2025.08.07	00:57:54.885	1.33504				2
2025.08.07	00:57:55.800	1.33503				2
2025.08.07	00:57:56.104	1.33530				2
2025.08.07	00:57:56.407	1.33529	1.33627			6
2025.08.07	00:57:56.723	1.33521				2
2025.08.07	00:57:57.025	1.33522	1.33628			6
2025.08.07	00:57:57.334	1.33512				2
2025.08.07	00:57:57.636	1.33534	1.33627			6
2025.08.07	00:57:57.945	1.33503	1.33628			6
2025.08.07	00:57:58.252	1.33506				2
2025.08.07	00:57:58.554	1.33500	1.33627			6
2025.08.07	00:57:58.860	1.33501	1.33628			6
2025.08.07	00:57:59.777	1.33505	1.33627			6
2025.08.07	00:58:00.081	1.33500	1.33628			6
2025.08.07	00:58:01.003	1.33523				2
2025.08.07	00:58:01.619	1.33498				2
2025.08.07	00:58:01.924	1.33492				2
2025.08.07	00:58:02.236	1.33521	1.33627			6
2025.08.07	00:58:02.547	1.33492	1.33628			6
2025.08.07	00:58:02.856	1.33497	1.33627			6
2025.08.07	00:58:03.164	1.33492	1.33628			6
2025.08.07	00:58:03.465	1.33499	1.33627			6
2025.08.07	00:58:03.776	1.33517				2
2025.08.07	00:58:04.079	1.33521				2
2025.08.07	00:58:04.395	1.33496	1.33628			6
2025.08.07	00:58:04.699	1.33500	1.33627			6
2025.08.07	00:58:05.002	1.33503	1.33630			6
2025.08.07	00:58:05.313	1.33526	1.33634			6
2025.08.07	00:58:05.616	1.33497	1.33631			6
2025.08.07	00:58:05.921	1.33524	1.33629			6
2025.08.07	00:58:06.232	1.33537	1.33628			6
2025.08.07	00:58:06.540	1.33501	1.33635			6
2025.08.07	00:58:06.847	1.33508				2
2025.08.07	00:58:07.454	1.33499				2
2025.08.07	00:58:07.758	1.33517	1.33629			6
2025.08.07	00:58:08.064	1.33499				2
2025.08.07	00:58:08.375	1.33509				2
2025.08.07	00:58:08.682	1.33508				2
2025.08.07	00:58:08.988	1.33505	1.33628			6
2025.08.07	00:58:09.293	1.33501	1.33629			6
2025.08.07	00:58:09.601	1.33500				2
2025.08.07	00:58:09.909	1.33503				2
2025.08.07	00:58:10.212	1.33520				2
2025.08.07	00:58:10.519	1.33527				2
2025.08.07	00:58:10.827	1.33491				2
2025.08.07	00:58:11.128	1.33518				2
2025.08.07	00:58:11.436	1.33521				2
2025.08.07	00:58:12.360	1.33495				2
2025.08.07	00:58:12.664	1.33541				2
2025.08.07	00:58:12.968	1.33497				2
2025.08.07	00:58:13.277	1.33525				2
2025.08.07	00:58:13.581	1.33523				2
2025.08.07	00:58:13.888	1.33538	1.33631			6
2025.08.07	00:58:14.497	1.33527	1.33644			6
2025.08.07	00:58:14.801	1.33544	1.33630			6
2025.08.07	00:58:15.718	1.33551	1.33617			6
2025.08.07	00:58:16.021	1.33500	1.33633			6
2025.08.07	00:58:16.327	1.33504				2
2025.08.07	00:58:16.632	1.33527				2
2025.08.07	00:58:16.937	1.33548	1.33627			6
2025.08.07	00:58:17.238	1.33498	1.33632			6
2025.08.07	00:58:17.841	1.33527				2
2025.08.07	00:58:18.145		1.33645			4
2025.08.07	00:58:18.767	1.33523	1.33644			6
2025.08.07	00:58:19.075	1.33545	1.33623			6
2025.08.07	00:58:19.379	1.33547	1.33620			6
2025.08.07	00:58:19.680	1.33525	1.33632			6
2025.08.07	00:58:19.985	1.33547	1.33621			6
2025.08.07	00:58:21.820	1.33548				2
2025.08.07	00:58:23.054	1.33547	1.33622			6
2025.08.07	00:58:23.354	1.33548	1.33618			6
2025.08.07	00:58:26.383	1.33546	1.33621			6
2025.08.07	00:58:26.689	1.33547	1.33622			6
2025.08.07	00:58:27.598	1.33514	1.33634			6
2025.08.07	00:58:27.903	1.33528	1.33627			6
2025.08.07	00:58:28.209	1.33542				2
2025.08.07	00:58:30.358	1.33539				2
2025.08.07	00:58:31.595	1.33530				2
2025.08.07	00:58:32.209	1.33515				2
2025.08.07	00:58:32.511	1.33505				2
2025.08.07	00:58:34.058	1.33498				2
2025.08.07	00:58:34.673	1.33534	1.33624			6
2025.08.07	00:58:34.978	1.33517	1.33627			6
2025.08.07	00:58:35.905	1.33529				2
2025.08.07	00:58:36.517	1.33522				2
2025.08.07	00:58:36.827	1.33536				2
2025.08.07	00:58:37.756	1.33547	1.33628			6
2025.08.07	00:58:38.058	1.33522				2
2025.08.07	00:58:38.368	1.33548				2
2025.08.07	00:58:38.988	1.33549				2
2025.08.07	00:58:39.904	1.33545	1.33621			6
2025.08.07	00:58:40.206	1.33547	1.33622			6
2025.08.07	00:58:41.126	1.33553	1.33623			6
2025.08.07	00:58:42.336	1.33530	1.33598			6
2025.08.07	00:58:42.642	1.33486	1.33628			6
2025.08.07	00:58:42.950	1.33505	1.33621			6
2025.08.07	00:58:43.563	1.33508				2
2025.08.07	00:58:43.870	1.33522	1.33606			6
2025.08.07	00:58:44.489	1.33503	1.33624			6
2025.08.07	00:58:44.796	1.33499	1.33620			6
2025.08.07	00:58:45.107	1.33513	1.33613			6
2025.08.07	00:58:45.413	1.33525	1.33615			6
2025.08.07	00:58:45.716	1.33499	1.33628			6
2025.08.07	00:58:46.331	1.33500				2
2025.08.07	00:58:46.641	1.33497	1.33627			6
2025.08.07	00:58:47.879	1.33498				2
2025.08.07	00:58:49.421	1.33499	1.33626			6
2025.08.07	00:58:50.345		1.33627			4
2025.08.07	00:58:51.271	1.33494	1.33628			6
2025.08.07	00:58:51.579	1.33486				2
2025.08.07	00:58:51.890	1.33489				2
2025.08.07	00:58:52.195	1.33516	1.33625			6
2025.08.07	00:58:52.502	1.33515	1.33624			6
2025.08.07	00:58:52.811	1.33482	1.33628			6
2025.08.07	00:58:53.121	1.33496				2
2025.08.07	00:58:53.736	1.33503				2
2025.08.07	00:58:54.352	1.33531	1.33609			6
2025.08.07	00:58:54.657	1.33493	1.33632			6
2025.08.07	00:58:54.965	1.33522	1.33603			6
2025.08.07	00:58:55.576	1.33482	1.33624			6
2025.08.07	00:58:55.892	1.33523	1.33595			6
2025.08.07	00:58:56.508	1.33482	1.33624			6
2025.08.07	00:58:56.822	1.33517	1.33593			6
2025.08.07	00:58:57.125	1.33482	1.33624			6
2025.08.07	00:58:57.446	1.33509	1.33602			6
2025.08.07	00:58:57.745	1.33512	1.33604			6
2025.08.07	00:58:58.057	1.33516	1.33602			6
2025.08.07	00:59:00.202	1.33517				2
2025.08.07	00:59:02.362		1.33603			4
2025.08.07	00:59:06.377	1.33482	1.33644			6
2025.08.07	00:59:06.682	1.33508	1.33616			6
2025.08.07	00:59:07.299	1.33497	1.33634			6
2025.08.07	00:59:07.915	1.33492	1.33627			6
2025.08.07	00:59:08.227	1.33511	1.33605			6
2025.08.07	00:59:08.539	1.33513	1.33611			6
2025.08.07	00:59:08.848		1.33609			4
2025.08.07	00:59:09.152	1.33495	1.33627			6
2025.08.07	00:59:09.459	1.33515	1.33609			6
2025.08.07	00:59:09.776	1.33498	1.33628			6
2025.08.07	00:59:10.079	1.33515	1.33609			6
2025.08.07	00:59:10.389	1.33521	1.33602			6
2025.08.07	00:59:10.693	1.33520	1.33600			6
2025.08.07	00:59:10.997	1.33512	1.33608			6
2025.08.07	00:59:11.309	1.33504	1.33613			6
2025.08.07	00:59:11.610	1.33526	1.33592			6
2025.08.07	00:59:13.124	1.33520	1.33605			6
2025.08.07	00:59:13.444	1.33512	1.33616			6
2025.08.07	00:59:13.751	1.33507	1.33621			6
2025.08.07	00:59:14.056	1.33524	1.33605			6
2025.08.07	00:59:14.670	1.33518	1.33606			6
2025.08.07	00:59:14.977	1.33519	1.33603			6
2025.08.07	00:59:16.525		1.33610			4
2025.08.07	00:59:16.834	1.33526	1.33601			6
2025.08.07	00:59:18.065	1.33509	1.33625			6
2025.08.07	00:59:18.373	1.33514	1.33606			6
2025.08.07	00:59:18.678	1.33515	1.33608			6
2025.08.07	00:59:18.978	1.33497	1.33629			6
2025.08.07	00:59:19.290	1.33516	1.33606			6
2025.08.07	00:59:19.909	1.33498	1.33637			6
2025.08.07	00:59:20.217	1.33521	1.33607			6
2025.08.07	00:59:20.526	1.33520	1.33606			6
2025.08.07	00:59:20.834	1.33521	1.33607			6
2025.08.07	00:59:21.137	1.33519				2
2025.08.07	00:59:21.453	1.33524	1.33602			6
2025.08.07	00:59:21.757	1.33525	1.33603			6
2025.08.07	00:59:22.371	1.33530	1.33594			6
2025.08.07	00:59:22.674	1.33524	1.33601			6
2025.08.07	00:59:22.981	1.33482	1.33632			6
2025.08.07	00:59:23.592	1.33498	1.33628			6
2025.08.07	00:59:24.527	1.33510	1.33623			6
2025.08.07	00:59:24.837	1.33512	1.33618			6
2025.08.07	00:59:25.146	1.33496	1.33632			6
2025.08.07	00:59:25.460	1.33520	1.33605			6
2025.08.07	00:59:25.761	1.33532	1.33593			6
2025.08.07	00:59:26.062	1.33516	1.33605			6
2025.08.07	00:59:26.363	1.33522	1.33607			6
2025.08.07	00:59:26.667	1.33525				2
2025.08.07	00:59:26.980	1.33514	1.33625			6
2025.08.07	00:59:27.288	1.33523	1.33602			6
2025.08.07	00:59:27.598	1.33520	1.33604			6
2025.08.07	00:59:29.139	1.33482	1.33644			6
2025.08.07	00:59:30.057	1.33513	1.33615			6
2025.08.07	00:59:30.362	1.33535	1.33595			6
2025.08.07	00:59:30.671	1.33532	1.33592			6
2025.08.07	00:59:30.978	1.33533	1.33593			6
2025.08.07	00:59:31.282	1.33534	1.33592			6
2025.08.07	00:59:31.899	1.33528	1.33599			6
2025.08.07	00:59:32.206	1.33520	1.33602			6
2025.08.07	00:59:32.532	1.33482	1.33633			6
2025.08.07	00:59:32.838	1.33515	1.33611			6
2025.08.07	00:59:33.143	1.33527	1.33599			6
2025.08.07	00:59:33.447	1.33514	1.33613			6
2025.08.07	00:59:33.759	1.33535	1.33598			6
2025.08.07	00:59:34.063	1.33508	1.33624			6
2025.08.07	00:59:34.674	1.33506	1.33644			6
2025.08.07	00:59:34.993		1.33628			4
2025.08.07	00:59:35.295	1.33505				2
2025.08.07	00:59:35.611	1.33515	1.33618			6
2025.08.07	00:59:35.914	1.33524	1.33612			6
2025.08.07	00:59:36.216	1.33515	1.33615			6
2025.08.07	00:59:36.517		1.33613			4
2025.08.07	00:59:36.829	1.33507	1.33643			6
2025.08.07	00:59:37.133		1.33636			4
2025.08.07	00:59:37.439		1.33633			4
2025.08.07	00:59:37.749	1.33518	1.33618			6
2025.08.07	00:59:40.499		1.33617			4
2025.08.07	00:59:41.423	1.33519	1.33618			6
2025.08.07	00:59:42.345	1.33518	1.33616			6
2025.08.07	00:59:44.184		1.33617			4
2025.08.07	00:59:44.795	1.33519				2
2025.08.07	00:59:46.016	1.33524	1.33609			6
2025.08.07	00:59:46.321	1.33512	1.33644			6
2025.08.07	00:59:46.630		1.33642			4
2025.08.07	00:59:46.934	1.33513	1.33619			6
2025.08.07	00:59:47.237	1.33512				2
2025.08.07	00:59:47.542		1.33622			4
2025.08.07	00:59:48.166		1.33644			4
2025.08.07	00:59:48.781		1.33628			4
2025.08.07	00:59:49.088		1.33627			4
2025.08.07	00:59:49.702	1.33502				2
2025.08.07	00:59:50.928	1.33510	1.33644			6
2025.08.07	00:59:51.854		1.33628			4
2025.08.07	00:59:52.460		1.33629			4
2025.08.07	00:59:53.388		1.33627			4
2025.08.07	00:59:54.307	1.33514	1.33631			6
2025.08.07	00:59:54.615	1.33510	1.33641			6
2025.08.07	00:59:57.057		1.33636			4
2025.08.07	01:00:00.118	1.33500	1.33629			6
2025.08.07	01:00:00.421	1.33498	1.33627			6
2025.08.07	01:00:00.724	1.33507	1.33618			6
2025.08.07	01:00:01.028	1.33503	1.33613			6
2025.08.07	01:00:01.339	1.33500	1.33614			6
2025.08.07	01:00:01.647	1.33498	1.33627			6
2025.08.07	01:00:01.948	1.33519	1.33626			6
2025.08.07	01:00:02.251		1.33615			4
2025.08.07	01:00:02.567	1.33511	1.33614			6
2025.08.07	01:00:02.873		1.33612			4
2025.08.07	01:00:03.175		1.33613			4
2025.08.07	01:00:03.478	1.33503	1.33617			6
2025.08.07	01:00:03.799	1.33506	1.33615			6
2025.08.07	01:00:04.408	1.33508	1.33617			6
2025.08.07	01:00:04.722	1.33511	1.33615			6
2025.08.07	01:00:05.029		1.33614			4
2025.08.07	01:00:05.335	1.33516	1.33619			6
2025.08.07	01:00:05.638	1.33518				2
2025.08.07	01:00:05.946		1.33618			4
2025.08.07	01:00:06.248	1.33490	1.33619			6
2025.08.07	01:00:06.564	1.33494	1.33623			6
2025.08.07	01:00:06.865		1.33622			4
2025.08.07	01:00:07.171	1.33530	1.33618			6
2025.08.07	01:00:08.087	1.33527				2
2025.08.07	01:00:12.098		1.33615			4
2025.08.07	01:00:12.407		1.33617			4
2025.08.07	01:00:13.639	1.33548	1.33623			6
2025.08.07	01:00:13.944		1.33616			4
2025.08.07	01:00:14.865		1.33617			4
2025.08.07	01:00:15.174		1.33619			4
2025.08.07	01:00:15.483		1.33616			4
2025.08.07	01:00:15.791		1.33613			4
2025.08.07	01:00:16.097		1.33615			4
2025.08.07	01:00:16.402		1.33616			4
2025.08.07	01:00:17.012		1.33624			4
2025.08.07	01:00:17.317		1.33620			4
2025.08.07	01:00:17.637		1.33614			4
2025.08.07	01:00:17.937		1.33620			4
2025.08.07	01:00:18.239		1.33615			4
2025.08.07	01:00:18.561		1.33614			4
2025.08.07	01:00:19.187		1.33615			4
2025.08.07	01:00:19.492		1.33616			4
2025.08.07	01:00:20.743		1.33621			4
2025.08.07	01:00:21.050		1.33616			4
2025.08.07	01:00:21.675		1.33615			4
2025.08.07	01:00:21.979		1.33614			4
2025.08.07	01:00:22.295		1.33615			4
2025.08.07	01:00:22.602		1.33616			4
2025.08.07	01:00:23.224		1.33614			4
2025.08.07	01:00:23.530		1.33615			4
2025.08.07	01:00:24.457		1.33613			4
2025.08.07	01:00:24.764		1.33614			4
2025.08.07	01:00:25.073		1.33613			4
2025.08.07	01:00:25.388		1.33610			4
2025.08.07	01:00:26.318		1.33614			4
2025.08.07	01:00:26.623		1.33611			4
2025.08.07	01:00:26.932		1.33609			4
2025.08.07	01:00:27.244		1.33612			4
2025.08.07	01:00:28.166	1.33556				2
2025.08.07	01:00:28.786	1.33587	1.33598			6
2025.08.07	01:00:29.093	1.33589				2
2025.08.07	01:00:29.403	1.33588				2
2025.08.07	01:00:30.336	1.33579	1.33589			6
2025.08.07	01:00:30.643	1.33578	1.33587			6
2025.08.07	01:00:30.945	1.33577	1.33588			6
2025.08.07	01:00:31.248	1.33580	1.33594			6
2025.08.07	01:00:32.159	1.33585	1.33596			6
2025.08.07	01:00:32.773	1.33586	1.33597			6
2025.08.07	01:00:37.333	1.33587				2
2025.08.07	01:00:38.553	1.33591	1.33604			6
2025.08.07	01:00:39.784	1.33593				2
2025.08.07	01:00:40.090	1.33595	1.33606			6
2025.08.07	01:00:45.579	1.33588	1.33596			6
2025.08.07	01:00:45.880	1.33586	1.33598			6
2025.08.07	01:00:47.722	1.33588				2
2025.08.07	01:00:48.331		1.33597			4
2025.08.07	01:00:48.633		1.33598			4
2025.08.07	01:00:48.938		1.33597			4
2025.08.07	01:00:59.357	1.33589	1.33598			6
2025.08.07	01:00:59.664	1.33588				2
2025.08.07	01:01:00.283	1.33589	1.33606			6
2025.08.07	01:01:00.592	1.33590	1.33605			6
2025.08.07	01:01:02.423	1.33580	1.33594			6
2025.08.07	01:01:02.724	1.33579	1.33595			6
2025.08.07	01:01:03.037		1.33596			4
2025.08.07	01:01:03.959		1.33599			4
2025.08.07	01:01:04.263	1.33577	1.33598			6
2025.08.07	01:01:04.872	1.33581				2
2025.08.07	01:01:05.478	1.33579				2
2025.08.07	01:01:06.102	1.33575	1.33596			6
2025.08.07	01:01:06.405		1.33595			4
2025.08.07	01:01:07.008	1.33574	1.33596			6
2025.08.07	01:01:08.828	1.33577	1.33594			6
2025.08.07	01:01:09.130	1.33569	1.33585			6
2025.08.07	01:01:09.432	1.33567	1.33589			6
2025.08.07	01:01:09.736	1.33568				2
2025.08.07	01:01:10.351	1.33566				2
2025.08.07	01:01:10.657	1.33567				2
2025.08.07	01:01:11.271	1.33549	1.33576			6
2025.08.07	01:01:11.574		1.33575			4
2025.08.07	01:01:12.486		1.33576			4
2025.08.07	01:01:13.099		1.33574			4
2025.08.07	01:01:14.015		1.33573			4
2025.08.07	01:01:15.249	1.33557				2
2025.08.07	01:01:16.175		1.33574			4
2025.08.07	01:01:16.478		1.33573			4
2025.08.07	01:01:17.386		1.33574			4
2025.08.07	01:01:20.131	1.33558	1.33575			6
2025.08.07	01:01:20.752	1.33559	1.33574			6
2025.08.07	01:01:22.288	1.33557				2
2025.08.07	01:01:23.214	1.33561	1.33579			6
2025.08.07	01:01:23.519	1.33560	1.33578			6
2025.08.07	01:01:23.828	1.33562				2
2025.08.07	01:01:24.135	1.33561	1.33580			6
2025.08.07	01:01:30.264	1.33564	1.33583			6
2025.08.07	01:01:30.570		1.33585			4
2025.08.07	01:01:30.873	1.33569	1.33591			6
2025.08.07	01:01:31.174	1.33575				2
2025.08.07	01:01:31.477	1.33576	1.33593			6
2025.08.07	01:01:32.396	1.33577				2
2025.08.07	01:01:32.705	1.33576				2
2025.08.07	01:01:33.320	1.33582	1.33598			6
2025.08.07	01:01:33.629		1.33597			4
2025.08.07	01:01:33.936		1.33596			4
2025.08.07	01:01:34.252	1.33583	1.33595			6
2025.08.07	01:01:34.554		1.33597			4
2025.08.07	01:01:35.481	1.33582				2
2025.08.07	01:01:36.090	1.33584				2
2025.08.07	01:01:36.702	1.33583				2
2025.08.07	01:01:37.015		1.33596			4
2025.08.07	01:01:38.240	1.33582	1.33595			6
2025.08.07	01:01:38.541	1.33584				2
2025.08.07	01:01:39.772	1.33583	1.33594			6
2025.08.07	01:01:40.078		1.33595			4
2025.08.07	01:01:40.388	1.33587				2
2025.08.07	01:01:40.693	1.33583	1.33594			6
2025.08.07	01:01:41.298	1.33584				2
2025.08.07	01:01:41.599	1.33582	1.33597			6
2025.08.07	01:01:41.907	1.33583				2
2025.08.07	01:01:42.215	1.33586	1.33599			6
2025.08.07	01:01:42.516	1.33588				2
2025.08.07	01:01:42.824		1.33598			4
2025.08.07	01:01:43.431	1.33587				2
2025.08.07	01:01:43.736		1.33600			4
2025.08.07	01:01:44.046	1.33585	1.33601			6
2025.08.07	01:01:44.650		1.33600			4
2025.08.07	01:01:44.952	1.33588				2
2025.08.07	01:01:45.254	1.33590	1.33598			6
2025.08.07	01:01:45.862	1.33586	1.33597			6
2025.08.07	01:01:46.162	1.33583	1.33584			6
2025.08.07	01:01:46.465	1.33584	1.33585			6
2025.08.07	01:01:46.770	1.33583	1.33584			6
2025.08.07	01:01:47.074	1.33584	1.33585			6
2025.08.07	01:01:47.689	1.33585	1.33586			6
2025.08.07	01:01:48.606	1.33586	1.33598			6
2025.08.07	01:01:49.215	1.33590	1.33602			6
2025.08.07	01:01:49.520	1.33591	1.33603			6
2025.08.07	01:01:49.824	1.33589				2
2025.08.07	01:01:50.133	1.33591				2
2025.08.07	01:01:50.438	1.33593	1.33594			6
2025.08.07	01:01:50.744	1.33591	1.33592			6
2025.08.07	01:01:53.504	1.33597	1.33605			6
2025.08.07	01:01:53.811	1.33599	1.33606			6
2025.08.07	01:01:54.120		1.33605			4
2025.08.07	01:01:54.425	1.33595	1.33596			6
2025.08.07	01:01:56.872	1.33591	1.33592			6
2025.08.07	01:01:57.788	1.33592	1.33593			6
2025.08.07	01:01:58.409	1.33591	1.33592			6
2025.08.07	01:02:00.241	1.33591				2
2025.08.07	01:02:00.547		1.33603			4
2025.08.07	01:02:00.854	1.33592	1.33605			6
2025.08.07	01:02:01.164		1.33606			4
2025.08.07	01:02:03.920	1.33588	1.33589			6
2025.08.07	01:02:04.223	1.33589	1.33590			6
2025.08.07	01:02:05.132	1.33588	1.33602			6
2025.08.07	01:02:05.433	1.33589	1.33590			6
2025.08.07	01:02:05.745	1.33592	1.33602			6
2025.08.07	01:02:06.968	1.33586				2
2025.08.07	01:02:07.271		1.33587			4
2025.08.07	01:02:07.576	1.33585	1.33586			6
2025.08.07	01:02:07.878	1.33586	1.33587			6
2025.08.07	01:02:08.485	1.33585	1.33586			6
2025.08.07	01:02:08.790	1.33586	1.33587			6
2025.08.07	01:02:10.017		1.33602			4
2025.08.07	01:02:11.851	1.33591				2
2025.08.07	01:02:12.464	1.33589	1.33590			6
2025.08.07	01:02:14.283	1.33588	1.33589			6
2025.08.07	01:02:14.589	1.33589	1.33590			6
2025.08.07	01:02:15.813	1.33586	1.33588			6
2025.08.07	01:02:16.121	1.33588	1.33589			6
2025.08.07	01:02:17.960	1.33587	1.33588			6
2025.08.07	01:02:19.493	1.33588	1.33589			6
2025.08.07	01:02:21.936	1.33585	1.33586			6
2025.08.07	01:02:23.453	1.33586	1.33587			6
2025.08.07	01:02:23.762	1.33585	1.33586			6
2025.08.07	01:02:28.041	1.33586	1.33587			6
2025.08.07	01:02:32.642	1.33587	1.33588			6
2025.08.07	01:02:36.284	1.33586	1.33587			6
2025.08.07	01:02:36.587	1.33587	1.33588			6
2025.08.07	01:02:37.201	1.33586	1.33587			6
2025.08.07	01:02:38.116	1.33587	1.33588			6
2025.08.07	01:02:38.722	1.33586	1.33587			6
2025.08.07	01:02:40.563	1.33587	1.33588			6
2025.08.07	01:02:41.775	1.33586	1.33587			6
2025.08.07	01:02:44.505	1.33587	1.33588			6
2025.08.07	01:02:44.813	1.33586	1.33587			6
2025.08.07	01:02:45.428	1.33587	1.33588			6
2025.08.07	01:02:46.340	1.33586	1.33587			6
2025.08.07	01:02:50.323	1.33578	1.33581			6
2025.08.07	01:02:50.625	1.33577	1.33580			6
2025.08.07	01:02:51.233	1.33579	1.33582			6
2025.08.07	01:02:51.540	1.33580	1.33583			6
2025.08.07	01:02:54.275	1.33578	1.33581			6
2025.08.07	01:02:55.492	1.33579	1.33582			6
2025.08.07	01:02:56.106	1.33580	1.33583			6
2025.08.07	01:02:56.416	1.33579	1.33582			6
2025.08.07	01:02:56.722	1.33576	1.33579			6
2025.08.07	01:02:58.864	1.33577	1.33580			6
2025.08.07	01:02:59.479	1.33575	1.33578			6
2025.08.07	01:02:59.789	1.33576	1.33579			6
2025.08.07	01:03:00.096	1.33575	1.33578			6
2025.08.07	01:03:00.398	1.33564	1.33579			6
2025.08.07	01:03:00.704	1.33565				2
2025.08.07	01:03:01.008	1.33564				2
2025.08.07	01:03:01.925	1.33572	1.33575			6
2025.08.07	01:03:02.227	1.33564	1.33579			6
2025.08.07	01:03:02.539	1.33573	1.33576			6
2025.08.07	01:03:02.841	1.33574	1.33577			6
2025.08.07	01:03:04.379	1.33576	1.33579			6
2025.08.07	01:03:04.683	1.33574	1.33577			6
2025.08.07	01:03:05.913	1.33575	1.33578			6
2025.08.07	01:03:06.216	1.33576	1.33579			6
2025.08.07	01:03:06.821	1.33575	1.33578			6
2025.08.07	01:03:07.123	1.33574	1.33577			6
2025.08.07	01:03:07.738	1.33573	1.33576			6
2025.08.07	01:03:08.042	1.33574	1.33577			6
2025.08.07	01:03:09.264	1.33573	1.33576			6
2025.08.07	01:03:10.182	1.33574	1.33577			6
2025.08.07	01:03:11.407	1.33572	1.33575			6
2025.08.07	01:03:12.320	1.33573	1.33576			6
2025.08.07	01:03:12.626	1.33572	1.33575			6
2025.08.07	01:03:13.240	1.33571	1.33574			6
2025.08.07	01:03:13.545	1.33572	1.33575			6
2025.08.07	01:03:14.151	1.33573	1.33576			6
2025.08.07	01:03:15.060	1.33572	1.33575			6
2025.08.07	01:03:17.204	1.33571	1.33574			6
2025.08.07	01:03:19.361	1.33572	1.33575			6
2025.08.07	01:03:24.229	1.33571	1.33574			6
2025.08.07	01:03:28.190	1.33572	1.33575			6
2025.08.07	01:03:28.495	1.33571	1.33574			6
2025.08.07	01:03:29.108	1.33570	1.33573			6
2025.08.07	01:03:30.322	1.33571	1.33574			6
2025.08.07	01:03:32.143	1.33570	1.33573			6
2025.08.07	01:03:33.977	1.33569	1.33572			6
2025.08.07	01:03:34.279	1.33570	1.33573			6
2025.08.07	01:03:35.806	1.33569	1.33572			6
2025.08.07	01:03:36.420	1.33570	1.33573			6
2025.08.07	01:03:37.025	1.33569	1.33572			6
2025.08.07	01:03:38.247	1.33570	1.33573			6
2025.08.07	01:03:40.381	1.33569	1.33572			6
2025.08.07	01:03:41.308	1.33570	1.33573			6
2025.08.07	01:03:41.614	1.33569	1.33572			6
2025.08.07	01:03:46.186	1.33570	1.33573			6
2025.08.07	01:03:47.105	1.33569	1.33572			6
2025.08.07	01:03:52.598	1.33570	1.33573			6
2025.08.07	01:03:54.732	1.33574	1.33575			6
2025.08.07	01:03:55.039	1.33575	1.33576			6
2025.08.07	01:03:55.645	1.33576	1.33577			6
2025.08.07	01:03:55.953	1.33575	1.33576			6
2025.08.07	01:03:56.560	1.33576	1.33577			6
2025.08.07	01:03:58.102	1.33575	1.33576			6
2025.08.07	01:03:59.639	1.33576	1.33577			6
2025.08.07	01:04:00.247	1.33577	1.33578			6
2025.08.07	01:04:00.556	1.33578	1.33579			6
2025.08.07	01:04:00.860	1.33580	1.33581			6
2025.08.07	01:04:02.072	1.33581	1.33582			6
2025.08.07	01:04:02.681	1.33577	1.33580			6
2025.08.07	01:04:02.990	1.33576	1.33579			6
2025.08.07	01:04:10.620	1.33578				2
2025.08.07	01:04:11.545	1.33576				2
2025.08.07	01:04:14.317	1.33577				2
2025.08.07	01:04:16.468	1.33576				2
2025.08.07	01:04:16.772	1.33583	1.33584			6
2025.08.07	01:04:18.303	1.33584	1.33585			6
2025.08.07	01:04:18.613	1.33586	1.33587			6
2025.08.07	01:04:18.914	1.33588	1.33589			6
2025.08.07	01:04:19.215	1.33587	1.33588			6
2025.08.07	01:04:19.521	1.33589	1.33590			6
2025.08.07	01:04:20.138	1.33587				2
2025.08.07	01:04:20.445		1.33589			4
2025.08.07	01:04:21.048	1.33581	1.33584			6
2025.08.07	01:04:22.272	1.33580	1.33583			6
2025.08.07	01:04:25.015	1.33581				2
2025.08.07	01:04:30.537	1.33580				2
2025.08.07	01:04:32.984	1.33581	1.33584			6
2025.08.07	01:04:33.285	1.33582				2
2025.08.07	01:04:43.079	1.33581				2
2025.08.07	01:04:45.230	1.33582				2
2025.08.07	01:04:48.293	1.33581				2
2025.08.07	01:04:54.103	1.33582				2
2025.08.07	01:04:55.016		1.33585			4
2025.08.07	01:04:57.158		1.33584			4
2025.08.07	01:05:00.219	1.33582				2
2025.08.07	01:05:00.526	1.33581				2
2025.08.07	01:05:02.685	1.33574	1.33577			6
2025.08.07	01:05:02.989	1.33572	1.33575			6
2025.08.07	01:05:03.292	1.33573	1.33576			6
2025.08.07	01:05:03.593	1.33574	1.33577			6
2025.08.07	01:05:04.510	1.33573	1.33576			6
2025.08.07	01:05:05.137	1.33574	1.33577			6
2025.08.07	01:05:05.443	1.33573	1.33576			6
2025.08.07	01:05:05.747	1.33574	1.33577			6
2025.08.07	01:05:06.667	1.33575	1.33578			6
2025.08.07	01:05:08.797	1.33574	1.33577			6
2025.08.07	01:05:10.383	1.33575	1.33578			6
2025.08.07	01:05:18.346	1.33574	1.33577			6
2025.08.07	01:05:18.645	1.33573	1.33576			6
2025.08.07	01:05:19.251	1.33574	1.33577			6
2025.08.07	01:05:24.775	1.33575	1.33578			6
2025.08.07	01:05:25.079	1.33572	1.33575			6
2025.08.07	01:05:25.381	1.33574	1.33577			6
2025.08.07	01:05:31.210	1.33573	1.33576			6
2025.08.07	01:05:31.514	1.33574	1.33577			6
2025.08.07	01:05:33.352	1.33573	1.33576			6
2025.08.07	01:05:33.656	1.33575				2
2025.08.07	01:05:33.957	1.33574				2
2025.08.07	01:05:34.260	1.33575				2
2025.08.07	01:05:36.402	1.33576	1.33577			6
2025.08.07	01:05:38.257	1.33577	1.33578			6
2025.08.07	01:05:38.870	1.33576	1.33577			6
2025.08.07	01:05:39.183	1.33577	1.33578			6
2025.08.07	01:05:40.402	1.33576	1.33577			6
2025.08.07	01:05:40.703	1.33575	1.33576			6
2025.08.07	01:05:41.314		1.33577			4
2025.08.07	01:05:42.239		1.33576			4
2025.08.07	01:05:42.852	1.33576	1.33577			6
2025.08.07	01:05:43.159	1.33575	1.33576			6
2025.08.07	01:05:44.997	1.33576	1.33577			6
2025.08.07	01:05:45.302	1.33578	1.33579			6
2025.08.07	01:05:46.534		1.33581			4
2025.08.07	01:05:54.175	1.33571	1.33574			6
2025.08.07	01:05:54.486	1.33570	1.33573			6
2025.08.07	01:05:55.704	1.33572				2
2025.08.07	01:05:56.007	1.33578	1.33581			6
2025.08.07	01:05:56.313	1.33586	1.33587			6
2025.08.07	01:05:57.834	1.33587	1.33588			6
2025.08.07	01:05:58.441	1.33588	1.33589			6
2025.08.07	01:05:58.745	1.33587	1.33588			6
2025.08.07	01:05:59.057	1.33588	1.33589			6
2025.08.07	01:06:00.277	1.33588				2
2025.08.07	01:06:11.541	1.33584	1.33585			6
2025.08.07	01:06:12.152	1.33580	1.33583			6
2025.08.07	01:06:12.467		1.33582			4
2025.08.07	01:06:13.071	1.33581				2
2025.08.07	01:06:13.679	1.33580	1.33581			6
2025.08.07	01:06:23.505		1.33582			4
2025.08.07	01:06:23.810		1.33581			4
2025.08.07	01:06:25.033		1.33582			4
2025.08.07	01:06:25.647		1.33583			4
2025.08.07	01:06:26.570		1.33581			4
2025.08.07	01:06:28.712		1.33582			4
2025.08.07	01:06:29.629	1.33581				2
2025.08.07	01:06:32.699		1.33583			4
2025.08.07	01:06:38.222	1.33582				2
2025.08.07	01:06:46.199		1.33584			4
2025.08.07	01:07:00.000	1.33582				2
2025.08.07	01:07:30.718	1.33584	1.33585			6
2025.08.07	01:07:31.327	1.33585	1.33586			6
2025.08.07	01:07:33.787	1.33583	1.33585			6
2025.08.07	01:07:36.855	1.33586	1.33587			6
2025.08.07	01:07:37.163	1.33587	1.33588			6
2025.08.07	01:07:39.923	1.33586	1.33587			6
2025.08.07	01:07:40.537	1.33587	1.33588			6
2025.08.07	01:07:42.984	1.33588	1.33589			6
2025.08.07	01:07:43.594	1.33586	1.33587			6
2025.08.07	01:07:45.129	1.33587	1.33588			6
2025.08.07	01:07:45.433	1.33586	1.33587			6
2025.08.07	01:07:46.046	1.33587	1.33588			6
2025.08.07	01:07:47.276	1.33590	1.33591			6
2025.08.07	01:07:53.418	1.33592	1.33593			6
2025.08.07	01:08:00.167	1.33592				2
2025.08.07	01:08:01.708	1.33591	1.33592			6
2025.08.07	01:08:02.326	1.33592	1.33593			6
2025.08.07	01:08:03.244	1.33591	1.33592			6
2025.08.07	01:08:21.445	1.33592	1.33593			6
2025.08.07	01:08:30.684	1.33594	1.33595			6
2025.08.07	01:08:31.002	1.33595	1.33596			6
2025.08.07	01:08:51.930	1.33597	1.33598			6
2025.08.07	01:08:52.238	1.33598	1.33599			6
2025.08.07	01:08:52.546	1.33599	1.33600			6
2025.08.07	01:08:55.312	1.33600	1.33602			6
2025.08.07	01:08:56.852	1.33602	1.33603			6
2025.08.07	01:08:58.076	1.33601	1.33602			6
2025.08.07	01:08:58.993	1.33602	1.33603			6
2025.08.07	01:08:59.915	1.33600	1.33602			6
2025.08.07	01:09:00.221	1.33601				2
2025.08.07	01:09:01.451	1.33602	1.33603			6
2025.08.07	01:09:02.676	1.33601	1.33602			6
2025.08.07	01:09:05.136	1.33600				2
2025.08.07	01:09:05.439	1.33594	1.33597			6
2025.08.07	01:09:17.144	1.33595	1.33598			6
2025.08.07	01:09:17.453	1.33594	1.33597			6
2025.08.07	01:09:18.381	1.33593	1.33596			6
2025.08.07	01:09:19.310	1.33594	1.33597			6
2025.08.07	01:09:19.614	1.33593	1.33596			6
2025.08.07	01:09:19.921	1.33594	1.33597			6
2025.08.07	01:09:22.088	1.33593	1.33596			6
2025.08.07	01:09:32.271	1.33594	1.33597			6
2025.08.07	01:09:35.048	1.33593	1.33596			6
2025.08.07	01:09:57.139	1.33594	1.33597			6
2025.08.07	01:10:00.221	1.33594				2
2025.08.07	01:10:00.532	1.33593	1.33596			6
2025.08.07	01:10:00.837	1.33584	1.33587			6
2025.08.07	01:10:04.236	1.33583	1.33586			6
2025.08.07	01:10:05.773		1.33584			4
2025.08.07	01:10:15.923	1.33581				2
2025.08.07	01:10:16.846		1.33583			4
2025.08.07	01:10:23.912	1.33580				2
2025.08.07	01:10:34.120		1.33582			4
2025.08.07	01:10:34.428		1.33583			4
2025.08.07	01:10:41.529	1.33581	1.33584			6
2025.08.07	01:10:47.066		1.33583			4
2025.08.07	01:10:49.534		1.33582			4
2025.08.07	01:10:50.157		1.33583			4
2025.08.07	01:10:50.461		1.33582			4
2025.08.07	01:10:51.394		1.33583			4
2025.08.07	01:10:53.244		1.33582			4
2025.08.07	01:10:54.172		1.33583			4
2025.08.07	01:10:54.475	1.33580				2
2025.08.07	01:10:54.782		1.33582			4
2025.08.07	01:10:55.711	1.33581				2
2025.08.07	01:10:56.019		1.33583			4
2025.08.07	01:10:56.322		1.33582			4
2025.08.07	01:10:56.633	1.33580	1.33583			6
2025.08.07	01:10:56.940		1.33582			4
2025.08.07	01:10:58.783	1.33581				2
2025.08.07	01:11:00.024	1.33581	1.33583			6
2025.08.07	01:11:01.249	1.33577	1.33580			6
2025.08.07	01:11:01.562	1.33579				2
2025.08.07	01:11:01.868		1.33581			4
2025.08.07	01:11:03.099	1.33580				2
2025.08.07	01:11:04.334		1.33583			4
2025.08.07	01:11:04.638		1.33581			4
2025.08.07	01:11:05.262		1.33582			4
2025.08.07	01:11:05.567		1.33583			4
2025.08.07	01:11:05.877		1.33582			4
2025.08.07	01:11:06.193		1.33581			4
2025.08.07	01:11:06.497		1.33582			4
2025.08.07	01:11:06.811		1.33583			4
2025.08.07	01:11:07.122		1.33582			4
2025.08.07	01:11:07.738		1.33583			4
2025.08.07	01:11:08.352		1.33582			4
2025.08.07	01:11:12.367		1.33581			4
2025.08.07	01:11:12.990	1.33573	1.33576			6
2025.08.07	01:11:13.296	1.33574	1.33575			6
2025.08.07	01:11:13.604		1.33576			4
2025.08.07	01:11:13.910		1.33577			4
2025.08.07	01:11:21.299		1.33576			4
2025.08.07	01:11:21.607		1.33577			4
2025.08.07	01:11:23.154	1.33579	1.33582			6
2025.08.07	01:11:23.461	1.33578	1.33581			6
2025.08.07	01:11:26.526		1.33580			4
2025.08.07	01:11:27.449		1.33581			4
2025.08.07	01:11:29.898	1.33579	1.33582			6
2025.08.07	01:11:30.205	1.33578	1.33581			6
2025.08.07	01:11:30.821		1.33580			4
2025.08.07	01:11:36.332		1.33581			4
2025.08.07	01:11:41.852		1.33580			4
2025.08.07	01:11:43.077		1.33581			4
2025.08.07	01:11:44.306		1.33580			4
2025.08.07	01:11:48.325		1.33579			4
2025.08.07	01:11:51.419		1.33580			4
2025.08.07	01:11:52.035		1.33579			4
2025.08.07	01:12:00.073	1.33578				2
2025.08.07	01:12:06.875	1.33579	1.33580			6
2025.08.07	01:12:07.177	1.33578	1.33579			6
2025.08.07	01:12:07.485	1.33579	1.33580			6
2025.08.07	01:12:07.795	1.33578	1.33579			6
2025.08.07	01:12:08.102	1.33579	1.33580			6
2025.08.07	01:12:08.409	1.33578	1.33579			6
2025.08.07	01:12:08.725	1.33579	1.33580			6
2025.08.07	01:12:09.034	1.33578	1.33579			6
2025.08.07	01:12:09.338	1.33579	1.33580			6
2025.08.07	01:12:09.647	1.33578	1.33579			6
2025.08.07	01:12:12.425	1.33577	1.33578			6
2025.08.07	01:12:12.732	1.33578	1.33579			6
2025.08.07	01:12:27.216	1.33577	1.33578			6
2025.08.07	01:12:33.958	1.33578	1.33580			6
2025.08.07	01:12:34.268	1.33577	1.33578			6
2025.08.07	01:12:37.645	1.33578	1.33579			6
2025.08.07	01:12:39.178	1.33577	1.33578			6
2025.08.07	01:12:45.331	1.33578	1.33579			6
2025.08.07	01:12:45.641	1.33577	1.33578			6
2025.08.07	01:12:50.278	1.33578	1.33579			6
2025.08.07	01:12:50.584	1.33577	1.33578			6
2025.08.07	01:12:53.354	1.33578	1.33579			6
2025.08.07	01:12:55.203	1.33577	1.33578			6
2025.08.07	01:12:56.436	1.33578	1.33579			6
2025.08.07	01:13:00.143	1.33578				2
2025.08.07	01:13:00.454	1.33576	1.33577			6
2025.08.07	01:13:00.760	1.33577	1.33578			6
2025.08.07	01:13:01.071	1.33576	1.33577			6
2025.08.07	01:13:02.306	1.33577	1.33578			6
2025.08.07	01:13:32.559	1.33576	1.33577			6
2025.08.07	01:13:33.803	1.33577	1.33578			6
2025.08.07	01:13:41.521	1.33576	1.33577			6
2025.08.07	01:13:41.830	1.33573	1.33575			6
2025.08.07	01:13:45.220		1.33574			4
2025.08.07	01:13:48.000		1.33575			4
2025.08.07	01:13:54.180		1.33576			4
2025.08.07	01:13:54.487		1.33575			4
2025.08.07	01:13:54.795	1.33576	1.33577			6
2025.08.07	01:13:55.100	1.33575	1.33576			6
2025.08.07	01:13:55.414	1.33576	1.33577			6
2025.08.07	01:13:57.257	1.33581	1.33582			6
2025.08.07	01:14:00.022	1.33581				2
2025.08.07	01:14:03.104	1.33578	1.33579			6
2025.08.07	01:14:08.006	1.33579	1.33580			6
2025.08.07	01:14:08.927	1.33578	1.33579			6
2025.08.07	01:14:25.914	1.33579	1.33580			6
2025.08.07	01:14:34.800	1.33586	1.33587			6
2025.08.07	01:14:35.103	1.33587	1.33588			6
2025.08.07	01:14:36.332	1.33588	1.33589			6
2025.08.07	01:14:39.726	1.33590	1.33591			6
2025.08.07	01:14:40.033	1.33587	1.33588			6
2025.08.07	01:14:55.113	1.33588	1.33589			6
2025.08.07	01:15:00.022	1.33588				2
2025.08.07	01:15:00.328	1.33587	1.33588			6
2025.08.07	01:15:05.856	1.33583	1.33585			6
2025.08.07	01:15:06.163		1.33584			4
2025.08.07	01:15:10.478	1.33580	1.33581			6
2025.08.07	01:15:10.781	1.33578	1.33580			6
2025.08.07	01:15:11.088	1.33582	1.33583			6
2025.08.07	01:15:12.016	1.33583	1.33584			6
2025.08.07	01:15:23.101	1.33582	1.33583			6
2025.08.07	01:15:24.018	1.33583	1.33584			6
2025.08.07	01:15:30.770	1.33582	1.33583			6
2025.08.07	01:15:33.849	1.33581	1.33582			6
2025.08.07	01:15:34.155	1.33578	1.33580			6
2025.08.07	01:15:34.457	1.33576	1.33577			6
2025.08.07	01:15:35.385	1.33578	1.33580			6
2025.08.07	01:15:35.691	1.33576	1.33578			6
2025.08.07	01:15:35.996		1.33577			4
2025.08.07	01:15:36.614	1.33577	1.33579			6
2025.08.07	01:15:36.920		1.33578			4
2025.08.07	01:15:37.836	1.33578	1.33579			6
2025.08.07	01:15:38.138	1.33577	1.33578			6
2025.08.07	01:15:39.060	1.33578	1.33580			6
2025.08.07	01:15:39.380	1.33577	1.33578			6
2025.08.07	01:15:39.686	1.33578	1.33579			6
2025.08.07	01:15:40.308	1.33577	1.33578			6
2025.08.07	01:15:41.532		1.33579			4
2025.08.07	01:15:41.852	1.33581	1.33582			6
2025.08.07	01:15:43.094	1.33582	1.33583			6
2025.08.07	01:15:46.808	1.33579	1.33580			6
2025.08.07	01:15:51.447	1.33578	1.33579			6
2025.08.07	01:15:52.991	1.33579	1.33580			6
2025.08.07	01:15:53.610	1.33578	1.33579			6
2025.08.07	01:15:54.537	1.33579	1.33580			6
2025.08.07	01:15:54.852	1.33578	1.33579			6
2025.08.07	01:15:55.466	1.33579	1.33580			6
2025.08.07	01:15:55.778	1.33578				2
2025.08.07	01:15:56.394	1.33579				2
2025.08.07	01:15:56.700	1.33578	1.33579			6
2025.08.07	01:16:00.099	1.33578				2
2025.08.07	01:16:02.881	1.33579	1.33580			6
2025.08.07	01:16:03.187	1.33578	1.33579			6
2025.08.07	01:16:04.113	1.33579	1.33580			6
2025.08.07	01:16:04.423	1.33578				2
2025.08.07	01:16:05.048	1.33579				2
2025.08.07	01:16:05.353	1.33578	1.33581			6
2025.08.07	01:16:05.666		1.33579			4
2025.08.07	01:16:07.212	1.33579	1.33580			6
2025.08.07	01:16:07.525	1.33578	1.33579			6
2025.08.07	01:16:07.832	1.33579	1.33580			6
2025.08.07	01:16:08.141	1.33578	1.33579			6
2025.08.07	01:16:08.764	1.33579	1.33580			6
2025.08.07	01:16:09.384	1.33578	1.33579			6
2025.08.07	01:16:10.301	1.33579	1.33580			6
2025.08.07	01:16:10.623	1.33578	1.33579			6
2025.08.07	01:16:13.089	1.33579	1.33580			6
2025.08.07	01:16:13.398	1.33578	1.33579			6
2025.08.07	01:16:14.944	1.33580	1.33581			6
2025.08.07	01:16:15.251	1.33581	1.33582			6
2025.08.07	01:16:15.868	1.33582	1.33583			6
2025.08.07	01:16:57.323	1.33583	1.33584			6
2025.08.07	01:16:58.252	1.33582	1.33583			6
2025.08.07	01:17:00.095	1.33582				2
2025.08.07	01:17:20.362		1.33585			4
2025.08.07	01:17:20.669		1.33583			4
2025.08.07	01:17:22.511	1.33583	1.33584			6
2025.08.07	01:17:37.245	1.33582	1.33583			6
2025.08.07	01:17:37.548	1.33583	1.33584			6
2025.08.07	01:17:38.161	1.33582	1.33583			6
2025.08.07	01:17:38.469	1.33594	1.33595			6
2025.08.07	01:17:39.395	1.33593	1.33594			6
2025.08.07	01:17:41.547	1.33594	1.33595			6
2025.08.07	01:17:42.183	1.33593	1.33594			6
2025.08.07	01:17:45.555	1.33594	1.33595			6
2025.08.07	01:17:46.471	1.33593	1.33594			6
2025.08.07	01:17:49.236	1.33594	1.33595			6
2025.08.07	01:17:51.394	1.33593	1.33594			6
2025.08.07	01:17:57.820	1.33594	1.33595			6
2025.08.07	01:17:58.131	1.33593	1.33594			6
2025.08.07	01:18:00.277	1.33594	1.33595			6
2025.08.07	01:18:08.560	1.33588	1.33589			6
2025.08.07	01:18:08.867	1.33589	1.33590			6
2025.08.07	01:18:13.811	1.33588	1.33589			6
2025.08.07	01:18:14.120	1.33586	1.33587			6
2025.08.07	01:18:14.432	1.33592	1.33593			6
2025.08.07	01:18:14.739	1.33589	1.33590			6
2025.08.07	01:18:17.203	1.33588	1.33589			6
2025.08.07	01:18:19.684	1.33589	1.33590			6
2025.08.07	01:18:24.615	1.33585	1.33586			6
2025.08.07	01:18:29.230	1.33586	1.33587			6
2025.08.07	01:18:31.392	1.33589	1.33590			6
2025.08.07	01:18:31.699	1.33592	1.33593			6
2025.08.07	01:18:32.933	1.33589	1.33590			6
2025.08.07	01:18:34.167	1.33592	1.33593			6
2025.08.07	01:18:34.484	1.33591	1.33592			6
2025.08.07	01:18:34.791	1.33592	1.33593			6
2025.08.07	01:18:38.501	1.33589	1.33590			6
2025.08.07	01:18:40.665	1.33592	1.33593			6
2025.08.07	01:18:40.967	1.33593	1.33594			6
2025.08.07	01:18:47.470	1.33589	1.33590			6
2025.08.07	01:18:48.698	1.33592	1.33593			6
2025.08.07	01:18:49.624	1.33589	1.33590			6
2025.08.07	01:18:50.246	1.33592	1.33593			6
2025.08.07	01:18:51.480	1.33593	1.33594			6
2025.08.07	01:18:53.335	1.33592	1.33593			6
2025.08.07	01:19:00.136	1.33592				2
2025.08.07	01:19:02.282	1.33593	1.33594			6
2025.08.07	01:19:13.100	1.33592	1.33593			6
2025.08.07	01:19:25.746	1.33589	1.33592			6
2025.08.07	01:19:26.057	1.33592	1.33593			6
2025.08.07	01:19:26.977	1.33594	1.33595			6
2025.08.07	01:19:27.283	1.33592	1.33593			6
2025.08.07	01:19:27.590	1.33593	1.33594			6
2025.08.07	01:19:39.948	1.33592	1.33593			6
2025.08.07	01:19:40.253	1.33593	1.33594			6
2025.08.07	01:19:45.812	1.33592	1.33593			6
2025.08.07	01:19:46.115	1.33593	1.33594			6
2025.08.07	01:19:54.788	1.33594	1.33596			6
2025.08.07	01:19:55.405		1.33595			4
2025.08.07	01:19:59.745	1.33589	1.33590			6
2025.08.07	01:20:00.047	1.33588	1.33589			6
2025.08.07	01:20:10.563	1.33592	1.33593			6
2025.08.07	01:20:15.510	1.33588	1.33591			6
2025.08.07	01:20:15.823	1.33578	1.33579			6
2025.08.07	01:20:16.134		1.33582			4
2025.08.07	01:20:17.991	1.33582	1.33583			6
2025.08.07	01:20:19.230		1.33585			4
2025.08.07	01:20:20.474	1.33588	1.33589			6
2025.08.07	01:20:20.782		1.33591			4
2025.08.07	01:20:21.709	1.33593	1.33595			6
2025.08.07	01:20:22.950		1.33596			4
2025.08.07	01:20:24.496		1.33595			4
2025.08.07	01:20:25.429		1.33597			4
2025.08.07	01:20:30.675	1.33589	1.33596			6
2025.08.07	01:20:30.979	1.33588	1.33594			6
2025.08.07	01:20:32.512		1.33596			4
2025.08.07	01:20:32.826		1.33594			4
2025.08.07	01:20:37.431		1.33593			4
2025.08.07	01:20:37.736		1.33594			4
2025.08.07	01:20:38.351		1.33593			4
2025.08.07	01:20:39.880		1.33594			4
2025.08.07	01:20:40.504		1.33593			4
2025.08.07	01:20:42.039	1.33589	1.33594			6
2025.08.07	01:20:42.346		1.33595			4
2025.08.07	01:20:44.793		1.33594			4
2025.08.07	01:20:45.411	1.33597	1.33598			6
2025.08.07	01:20:46.021	1.33598	1.33599			6
2025.08.07	01:21:00.200	1.33598				2
2025.08.07	01:21:02.050	1.33597	1.33600			6
2025.08.07	01:21:05.447	1.33601	1.33602			6
2025.08.07	01:21:07.917		1.33603			4
2025.08.07	01:21:09.154		1.33606			4
2025.08.07	01:21:09.465		1.33602			4
2025.08.07	01:21:15.331	1.33600	1.33601			6
2025.08.07	01:21:22.132	1.33599	1.33600			6
2025.08.07	01:21:32.212	1.33600	1.33601			6
2025.08.07	01:21:34.352	1.33599	1.33600			6
2025.08.07	01:21:34.656	1.33600	1.33601			6
2025.08.07	01:21:35.260	1.33599	1.33600			6
2025.08.07	01:21:38.009	1.33600	1.33601			6
2025.08.07	01:21:38.924	1.33599	1.33600			6
2025.08.07	01:21:39.230	1.33600	1.33601			6
2025.08.07	01:21:40.146	1.33599	1.33600			6
2025.08.07	01:21:40.752	1.33600	1.33601			6
2025.08.07	01:21:41.064	1.33599	1.33600			6
2025.08.07	01:21:41.368	1.33600	1.33601			6
2025.08.07	01:21:41.673	1.33599	1.33600			6
2025.08.07	01:21:44.407	1.33600	1.33602			6
2025.08.07	01:21:44.711	1.33599	1.33600			6
2025.08.07	01:22:00.254	1.33599				2
2025.08.07	01:22:06.358	1.33602	1.33603			6
2025.08.07	01:22:06.662	1.33603	1.33604			6
2025.08.07	01:22:13.403	1.33599	1.33600			6
2025.08.07	01:22:14.021	1.33602	1.33603			6
2025.08.07	01:22:14.323	1.33603	1.33604			6
2025.08.07	01:22:16.452	1.33600	1.33601			6
2025.08.07	01:22:19.222	1.33603	1.33604			6
2025.08.07	01:22:28.098	1.33604	1.33605			6
2025.08.07	01:22:29.339	1.33605	1.33606			6
2025.08.07	01:22:38.217	1.33604	1.33605			6
2025.08.07	01:22:44.342	1.33603	1.33604			6
2025.08.07	01:22:45.857	1.33604	1.33605			6
2025.08.07	01:22:46.164	1.33603	1.33604			6
2025.08.07	01:22:58.072	1.33604	1.33605			6
2025.08.07	01:22:58.380	1.33603	1.33604			6
2025.08.07	01:23:00.203	1.33603				2
2025.08.07	01:23:17.632	1.33597	1.33598			6
2025.08.07	01:23:18.235	1.33598	1.33599			6
2025.08.07	01:23:18.540	1.33600	1.33601			6
2025.08.07	01:23:19.457	1.33597	1.33599			6
2025.08.07	01:23:20.681	1.33595	1.33596			6
2025.08.07	01:23:21.296	1.33596	1.33597			6
2025.08.07	01:23:33.338	1.33595	1.33596			6
2025.08.07	01:23:33.952	1.33596	1.33597			6
2025.08.07	01:24:00.192	1.33596				2
2025.08.07	01:24:00.502	1.33595	1.33596			6
2025.08.07	01:24:04.195	1.33594	1.33595			6
2025.08.07	01:24:08.516	1.33595	1.33596			6
2025.08.07	01:24:09.443	1.33594	1.33595			6
2025.08.07	01:24:09.752	1.33595	1.33596			6
2025.08.07	01:24:11.930	1.33594	1.33595			6
2025.08.07	01:24:22.444	1.33601	1.33602			6
2025.08.07	01:24:22.749	1.33602	1.33603			6
2025.08.07	01:24:23.063	1.33601	1.33602			6
2025.08.07	01:24:23.985	1.33602	1.33603			6
2025.08.07	01:24:24.916	1.33603	1.33604			6
2025.08.07	01:24:32.646	1.33595	1.33596			6
2025.08.07	01:24:33.575	1.33596	1.33597			6
2025.08.07	01:24:44.064	1.33595	1.33596			6
2025.08.07	01:24:47.131		1.33597			4
2025.08.07	01:24:49.297		1.33598			4
2025.08.07	01:24:56.070		1.33597			4
2025.08.07	01:24:57.005		1.33598			4
2025.08.07	01:24:57.311		1.33597			4
2025.08.07	01:24:57.620		1.33598			4
2025.08.07	01:24:57.928		1.33597			4
2025.08.07	01:24:59.781		1.33598			4
2025.08.07	01:25:00.089	1.33595				2
2025.08.07	01:25:00.403	1.33596	1.33597			6
2025.08.07	01:25:03.177		1.33598			4
2025.08.07	01:25:03.792		1.33597			4
2025.08.07	01:25:05.640		1.33598			4
2025.08.07	01:25:05.947	1.33600	1.33602			6
2025.08.07	01:25:11.822		1.33601			4
2025.08.07	01:25:12.434		1.33602			4
2025.08.07	01:25:12.752		1.33601			4
2025.08.07	01:25:13.056		1.33602			4
2025.08.07	01:25:24.726		1.33601			4
2025.08.07	01:25:37.386	1.33596	1.33598			6
2025.08.07	01:25:38.001	1.33598	1.33601			6
2025.08.07	01:25:38.307	1.33596	1.33598			6
2025.08.07	01:25:38.927	1.33599	1.33600			6
2025.08.07	01:25:39.232	1.33596	1.33597			6
2025.08.07	01:25:39.541		1.33598			4
2025.08.07	01:25:41.092		1.33597			4
2025.08.07	01:25:41.400		1.33598			4
2025.08.07	01:25:42.327	1.33595				2
2025.08.07	01:25:43.263	1.33596	1.33599			6
2025.08.07	01:25:43.883		1.33598			4
2025.08.07	01:25:44.184		1.33599			4
2025.08.07	01:25:44.497	1.33595	1.33598			6
2025.08.07	01:25:45.436	1.33596				2
2025.08.07	01:25:47.904	1.33595	1.33596			6
2025.08.07	01:25:49.147	1.33592	1.33595			6
2025.08.07	01:25:49.757		1.33594			4
2025.08.07	01:25:55.289		1.33595			4
2025.08.07	01:25:56.208	1.33591	1.33592			6
2025.08.07	01:25:56.516	1.33589	1.33591			6
2025.08.07	01:25:58.979	1.33590	1.33593			6
2025.08.07	01:25:59.288	1.33589	1.33591			6
2025.08.07	01:26:00.219	1.33589				2
2025.08.07	01:26:00.839	1.33592	1.33593			6
2025.08.07	01:26:01.143		1.33595			4
2025.08.07	01:26:02.078		1.33594			4
2025.08.07	01:26:05.169		1.33593			4
2025.08.07	01:26:05.470		1.33594			4
2025.08.07	01:26:07.949		1.33593			4
2025.08.07	01:26:08.261		1.33594			4
2025.08.07	01:26:08.565		1.33595			4
2025.08.07	01:26:09.182	1.33593				2
2025.08.07	01:26:09.486		1.33594			4
2025.08.07	01:26:14.091	1.33595	1.33598			6
2025.08.07	01:26:14.396	1.33596	1.33599			6
2025.08.07	01:26:15.012	1.33595	1.33598			6
2025.08.07	01:26:15.316	1.33594				2
2025.08.07	01:26:16.853		1.33597			4
2025.08.07	01:26:17.777	1.33595	1.33598			6
2025.08.07	01:26:18.085	1.33594	1.33597			6
2025.08.07	01:26:20.230	1.33595	1.33598			6
2025.08.07	01:26:21.457	1.33594	1.33597			6
2025.08.07	01:26:31.878	1.33593	1.33594			6
2025.08.07	01:26:32.184		1.33595			4
2025.08.07	01:26:34.328		1.33594			4
2025.08.07	01:26:35.244		1.33595			4
2025.08.07	01:26:36.163		1.33594			4
2025.08.07	01:26:36.774		1.33595			4
2025.08.07	01:26:37.696		1.33594			4
2025.08.07	01:26:38.001	1.33592	1.33593			6
2025.08.07	01:26:38.916	1.33593	1.33594			6
2025.08.07	01:26:42.001		1.33595			4
2025.08.07	01:26:43.236		1.33594			4
2025.08.07	01:26:44.160		1.33595			4
2025.08.07	01:26:44.467		1.33594			4
2025.08.07	01:26:45.716		1.33595			4
2025.08.07	01:26:50.642		1.33594			4
2025.08.07	01:26:51.256		1.33595			4
2025.08.07	01:26:52.481		1.33594			4
2025.08.07	01:27:00.146	1.33593				2
2025.08.07	01:27:03.515		1.33595			4
2025.08.07	01:27:08.424		1.33594			4
2025.08.07	01:27:28.342		1.33595			4
2025.08.07	01:27:29.259		1.33594			4
2025.08.07	01:28:00.274	1.33593	1.33595			6
2025.08.07	01:28:01.504		1.33596			4
2025.08.07	01:28:02.746		1.33595			4
2025.08.07	01:28:03.052		1.33596			4
2025.08.07	01:28:06.448		1.33595			4
2025.08.07	01:28:10.460		1.33596			4
2025.08.07	01:28:10.773	1.33594				2
2025.08.07	01:28:11.081		1.33597			4
2025.08.07	01:28:15.380	1.33596	1.33599			6
2025.08.07	01:28:17.536	1.33595	1.33598			6
2025.08.07	01:28:19.383	1.33596	1.33599			6
2025.08.07	01:28:20.305	1.33595	1.33598			6
2025.08.07	01:28:32.377	1.33596	1.33599			6
2025.08.07	01:28:33.303	1.33595	1.33598			6
2025.08.07	01:28:35.764	1.33594	1.33595			6
2025.08.07	01:28:43.505	1.33595	1.33598			6
2025.08.07	01:28:45.043	1.33594	1.33597			6
2025.08.07	01:28:45.355	1.33595	1.33598			6
2025.08.07	01:28:49.989	1.33599	1.33602			6
2025.08.07	01:28:50.295	1.33594	1.33597			6
2025.08.07	01:28:51.225	1.33595	1.33598			6
2025.08.07	01:28:52.159	1.33594	1.33597			6
2025.08.07	01:28:55.556		1.33596			4
2025.08.07	01:28:55.863		1.33597			4
2025.08.07	01:28:56.476	1.33593	1.33594			6
2025.08.07	01:29:00.169	1.33593				2
2025.08.07	01:29:03.856	1.33597	1.33600			6
2025.08.07	01:29:04.466	1.33598	1.33601			6
2025.08.07	01:29:04.776	1.33597	1.33600			6
2025.08.07	01:29:05.078	1.33598				2
2025.08.07	01:29:05.697		1.33601			4
2025.08.07	01:29:06.002	1.33599				2
2025.08.07	01:29:06.926	1.33595	1.33598			6
2025.08.07	01:29:07.230	1.33593	1.33596			6
2025.08.07	01:29:08.160		1.33597			4
2025.08.07	01:29:08.466	1.33594	1.33598			6
2025.08.07	01:29:10.316		1.33597			4
2025.08.07	01:29:15.872		1.33596			4
2025.08.07	01:29:20.176		1.33597			4
2025.08.07	01:29:26.926		1.33596			4
2025.08.07	01:29:34.294		1.33597			4
2025.08.07	01:29:41.074		1.33595			4
2025.08.07	01:29:43.857	1.33593	1.33594			6
2025.08.07	01:29:48.182	1.33588	1.33591			6
2025.08.07	01:29:50.031	1.33589				2
2025.08.07	01:29:50.955	1.33588				2
2025.08.07	01:29:51.877	1.33587	1.33589			6
2025.08.07	01:29:54.957	1.33584	1.33587			6
2025.08.07	01:29:55.261	1.33585	1.33588			6
2025.08.07	01:30:00.198	1.33584	1.33587			6
2025.08.07	01:30:01.428	1.33585	1.33588			6
2025.08.07	01:30:03.894	1.33586	1.33589			6
2025.08.07	01:30:04.206	1.33585	1.33588			6
2025.08.07	01:30:04.512	1.33586	1.33589			6
2025.08.07	01:30:05.748	1.33585	1.33588			6
2025.08.07	01:30:12.201	1.33584	1.33587			6
2025.08.07	01:30:13.120	1.33585	1.33588			6
2025.08.07	01:30:15.275	1.33584	1.33587			6
2025.08.07	01:30:17.111	1.33585	1.33588			6
2025.08.07	01:30:18.655	1.33584	1.33587			6
2025.08.07	01:30:19.268	1.33585	1.33588			6
2025.08.07	01:30:19.882	1.33584	1.33587			6
2025.08.07	01:30:22.968	1.33588	1.33591			6
2025.08.07	01:30:23.275	1.33584	1.33587			6
2025.08.07	01:30:26.365	1.33585	1.33588			6
2025.08.07	01:30:27.593	1.33584	1.33587			6
2025.08.07	01:30:28.830	1.33585	1.33588			6
2025.08.07	01:30:41.163	1.33589	1.33594			6
2025.08.07	01:30:41.777	1.33590				2
2025.08.07	01:30:42.088	1.33589				2
2025.08.07	01:30:43.013	1.33591				2
2025.08.07	01:30:43.960		1.33596			4
2025.08.07	01:30:44.280		1.33595			4
2025.08.07	01:30:44.902		1.33594			4
2025.08.07	01:30:50.437		1.33593			4
2025.08.07	01:30:50.745		1.33594			4
2025.08.07	01:31:00.293	1.33591				2
2025.08.07	01:31:00.598		1.33593			4
2025.08.07	01:31:05.555	1.33590				2
2025.08.07	01:31:06.788	1.33591	1.33594			6
2025.08.07	01:31:09.866	1.33592	1.33595			6
2025.08.07	01:31:10.178	1.33591	1.33594			6
2025.08.07	01:31:11.712	1.33590	1.33593			6
2025.08.07	01:31:27.125	1.33591	1.33594			6
2025.08.07	01:31:37.919	1.33589	1.33592			6
2025.08.07	01:31:38.231	1.33591	1.33594			6
2025.08.07	01:31:48.396	1.33590	1.33593			6
2025.08.07	01:31:48.711	1.33591	1.33594			6
2025.08.07	01:31:53.030	1.33590	1.33593			6
2025.08.07	01:31:53.646	1.33591	1.33594			6
2025.08.07	01:31:57.656	1.33590	1.33593			6
2025.08.07	01:31:58.876	1.33589	1.33592			6
2025.08.07	01:32:00.104	1.33589				2
2025.08.07	01:32:04.083	1.33590	1.33593			6
2025.08.07	01:32:04.694	1.33589	1.33592			6
2025.08.07	01:32:06.847	1.33590	1.33593			6
2025.08.07	01:32:09.304	1.33589	1.33592			6
2025.08.07	01:32:09.614	1.33590	1.33593			6
2025.08.07	01:32:20.056	1.33589	1.33592			6
2025.08.07	01:32:28.695		1.33591			4
2025.08.07	01:32:29.313		1.33592			4
2025.08.07	01:32:30.548		1.33591			4
2025.08.07	01:32:30.855	1.33586	1.33589			6
2025.08.07	01:32:31.160	1.33585	1.33588			6
2025.08.07	01:32:31.468	1.33584	1.33587			6
2025.08.07	01:32:33.630	1.33585	1.33588			6
2025.08.07	01:32:38.561		1.33587			4
2025.08.07	01:32:41.320	1.33584				2
2025.08.07	01:32:42.242	1.33585				2
2025.08.07	01:32:44.392	1.33584				2
2025.08.07	01:32:45.315	1.33587	1.33590			6
2025.08.07	01:32:45.620	1.33584	1.33587			6
2025.08.07	01:32:47.773	1.33585	1.33588			6
2025.08.07	01:32:49.010	1.33584	1.33587			6
2025.08.07	01:32:50.242	1.33585	1.33588			6
2025.08.07	01:32:54.865	1.33584	1.33587			6
2025.08.07	01:32:55.484	1.33585	1.33588			6
2025.08.07	01:32:57.642	1.33584	1.33587			6
2025.08.07	01:32:58.256		1.33586			4
2025.08.07	01:32:58.569	1.33585	1.33588			6
2025.08.07	01:33:00.109	1.33585				2
2025.08.07	01:33:00.419	1.33584	1.33587			6
2025.08.07	01:33:00.731	1.33580	1.33583			6
2025.08.07	01:33:01.040	1.33581	1.33584			6
2025.08.07	01:33:02.894	1.33580	1.33583			6
2025.08.07	01:33:08.451	1.33586	1.33589			6
2025.08.07	01:33:08.765	1.33585	1.33588			6
2025.08.07	01:33:09.714	1.33586	1.33589			6
2025.08.07	01:33:10.324	1.33585	1.33588			6
2025.08.07	01:33:10.937	1.33592	1.33593			6
2025.08.07	01:33:11.256	1.33594	1.33595			6
2025.08.07	01:33:11.561	1.33592	1.33593			6
2025.08.07	01:33:24.180	1.33593	1.33594			6
2025.08.07	01:33:26.932	1.33592	1.33593			6
2025.08.07	01:33:27.239	1.33593	1.33594			6
2025.08.07	01:33:38.548	1.33592	1.33593			6
2025.08.07	01:33:39.164	1.33593	1.33594			6
2025.08.07	01:33:41.307	1.33589	1.33590			6
2025.08.07	01:33:43.453	1.33588	1.33589			6
2025.08.07	01:33:44.371	1.33584	1.33587			6
2025.08.07	01:33:44.675	1.33585				2
2025.08.07	01:33:45.595	1.33586				2
2025.08.07	01:33:45.899	1.33585	1.33588			6
2025.08.07	01:33:48.976		1.33587			4
2025.08.07	01:33:49.591		1.33586			4
2025.08.07	01:33:50.515		1.33587			4
2025.08.07	01:33:51.751		1.33588			4
2025.08.07	01:33:52.369		1.33587			4
2025.08.07	01:33:53.295		1.33588			4
2025.08.07	01:33:54.219		1.33586			4
2025.08.07	01:33:55.780		1.33587			4
2025.08.07	01:34:00.100	1.33585				2
2025.08.07	01:34:02.881		1.33588			4
2025.08.07	01:34:04.104		1.33587			4
2025.08.07	01:34:06.873		1.33588			4
2025.08.07	01:34:08.115	1.33586	1.33589			6
2025.08.07	01:34:08.421	1.33585	1.33588			6
2025.08.07	01:34:09.959	1.33586	1.33589			6
2025.08.07	01:34:10.273	1.33585	1.33588			6
2025.08.07	01:34:15.496	1.33586	1.33589			6
2025.08.07	01:34:15.807	1.33585	1.33588			6
2025.08.07	01:34:16.111	1.33588	1.33590			6
2025.08.07	01:34:16.720	1.33586	1.33589			6
2025.08.07	01:34:17.337	1.33585	1.33588			6
2025.08.07	01:34:17.945	1.33589	1.33592			6
2025.08.07	01:34:18.250	1.33588	1.33589			6
2025.08.07	01:34:21.624	1.33587	1.33588			6
2025.08.07	01:34:21.926		1.33589			4
2025.08.07	01:34:22.232		1.33588			4
2025.08.07	01:34:42.512		1.33589			4
2025.08.07	01:34:44.350		1.33588			4
2025.08.07	01:34:44.960		1.33589			4
2025.08.07	01:34:45.266		1.33588			4
2025.08.07	01:34:46.798		1.33589			4
2025.08.07	01:34:51.393		1.33588			4
2025.08.07	01:35:00.278	1.33587				2
2025.08.07	01:35:05.830		1.33589			4
2025.08.07	01:35:06.450	1.33586				2
2025.08.07	01:35:06.755	1.33585	1.33588			6
2025.08.07	01:35:16.460	1.33584	1.33587			6
2025.08.07	01:35:17.392	1.33585	1.33588			6
2025.08.07	01:35:24.168	1.33586	1.33589			6
2025.08.07	01:35:25.408	1.33585	1.33588			6
2025.08.07	01:35:26.958	1.33586	1.33589			6
2025.08.07	01:35:32.822	1.33585	1.33588			6
2025.08.07	01:35:33.132	1.33582	1.33585			6
2025.08.07	01:35:33.441	1.33581	1.33584			6
2025.08.07	01:35:37.459		1.33583			4
2025.08.07	01:35:37.761		1.33584			4
2025.08.07	01:35:40.242		1.33583			4
2025.08.07	01:35:42.095	1.33580				2
2025.08.07	01:35:43.323	1.33581	1.33584			6
2025.08.07	01:35:47.619	1.33585	1.33587			6
2025.08.07	01:35:47.930	1.33581	1.33584			6
2025.08.07	01:35:52.540	1.33585	1.33587			6
2025.08.07	01:35:52.845	1.33581	1.33584			6
2025.08.07	01:35:57.775	1.33582	1.33585			6
2025.08.07	01:36:00.249	1.33582				2
2025.08.07	01:36:02.409	1.33580	1.33583			6
2025.08.07	01:36:02.723	1.33581	1.33584			6
2025.08.07	01:36:04.576	1.33582	1.33585			6
2025.08.07	01:36:05.815	1.33581	1.33584			6
2025.08.07	01:36:10.431	1.33580	1.33583			6
2025.08.07	01:36:10.749	1.33585	1.33588			6
2025.08.07	01:36:22.747	1.33583	1.33584			6
2025.08.07	01:36:23.058	1.33585	1.33588			6
2025.08.07	01:36:23.365	1.33586	1.33589			6
2025.08.07	01:36:23.670	1.33585	1.33588			6
2025.08.07	01:36:25.203	1.33586	1.33589			6
2025.08.07	01:36:25.511	1.33585	1.33588			6
2025.08.07	01:36:28.889	1.33584	1.33587			6
2025.08.07	01:36:29.807	1.33585	1.33588			6
2025.08.07	01:36:30.425	1.33584	1.33587			6
2025.08.07	01:36:31.349	1.33585	1.33588			6
2025.08.07	01:36:33.494	1.33584	1.33587			6
2025.08.07	01:36:33.796	1.33581	1.33584			6
2025.08.07	01:36:34.101	1.33580	1.33583			6
2025.08.07	01:36:34.411	1.33581	1.33584			6
2025.08.07	01:36:34.717	1.33580	1.33583			6
2025.08.07	01:36:35.027	1.33581	1.33584			6
2025.08.07	01:36:35.332	1.33580	1.33583			6
2025.08.07	01:36:39.331	1.33581	1.33584			6
2025.08.07	01:36:54.188	1.33580	1.33583			6
2025.08.07	01:37:00.069	1.33580				2
2025.08.07	01:37:00.377	1.33581	1.33584			6
2025.08.07	01:37:02.226	1.33582	1.33585			6
2025.08.07	01:37:03.458	1.33581	1.33584			6
2025.08.07	01:37:19.192	1.33582	1.33585			6
2025.08.07	01:37:31.542	1.33581	1.33584			6
2025.08.07	01:37:36.801	1.33582	1.33585			6
2025.08.07	01:37:39.885	1.33581	1.33584			6
