<DATE>	<TIME>	<BID>	<ASK>	<LAST>	<VOLUME>	<FLAGS>
2025.08.01	00:03:30.651	1.31993	1.32112			6
2025.08.01	00:03:38.958	1.31989	1.32107			6
2025.08.01	00:04:00.192	1.31989				2
2025.08.01	00:04:12.814	1.31969	1.32099			6
2025.08.01	00:04:21.734	1.31959	1.32080			6
2025.08.01	00:04:37.757	1.31969				2
2025.08.01	00:04:42.077	1.31975	1.32076			6
2025.08.01	00:04:43.305	1.31986				2
2025.08.01	00:05:00.097	1.31986				2
2025.08.01	00:05:10.793	1.31991	1.32111			6
2025.08.01	00:05:12.070	1.32007				2
2025.08.01	00:05:17.904	1.32010				2
2025.08.01	00:05:18.212	1.32007				2
2025.08.01	00:05:31.184	1.32023	1.32113			6
2025.08.01	00:05:31.488	1.32007	1.32111			6
2025.08.01	00:05:36.108	1.32016				2
2025.08.01	00:05:38.577	1.32007				2
2025.08.01	00:05:40.431	1.32013				2
2025.08.01	00:05:40.737	1.32007				2
2025.08.01	00:06:00.165	1.32007				2
2025.08.01	00:06:10.957	1.32011				2
2025.08.01	00:06:22.988	1.32009				2
2025.08.01	00:06:31.604		1.32111			4
2025.08.01	00:07:00.018	1.32009				2
2025.08.01	00:07:01.869	1.32022	1.32112			6
2025.08.01	00:07:02.180	1.32009	1.32111			6
2025.08.01	00:07:02.496	1.32022	1.32112			6
2025.08.01	00:07:10.241	1.32009	1.32111			6
2025.08.01	00:07:11.481	1.32015				2
2025.08.01	00:07:15.517	1.32009				2
2025.08.01	00:07:24.177	1.32020				2
2025.08.01	00:07:24.484	1.32041	1.32131			6
2025.08.01	00:07:26.662	1.32040	1.32130			6
2025.08.01	00:07:27.583	1.32041	1.32131			6
2025.08.01	00:07:37.455	1.32042				2
2025.08.01	00:07:43.643	1.32031	1.32126			6
2025.08.01	00:07:47.942	1.32040	1.32130			6
2025.08.01	00:07:51.967	1.32041	1.32131			6
2025.08.01	00:07:53.514	1.32040	1.32130			6
2025.08.01	00:07:56.603	1.32039	1.32129			6
2025.08.01	00:07:58.765	1.32040	1.32130			6
2025.08.01	00:08:00.308	1.32040				2
2025.08.01	00:08:01.854	1.32039	1.32129			6
2025.08.01	00:08:02.166	1.32042	1.32131			6
2025.08.01	00:08:05.557	1.32040	1.32130			6
2025.08.01	00:08:08.975	1.32049	1.32121			6
2025.08.01	00:08:20.383	1.32047				2
2025.08.01	00:08:25.015	1.32042				2
2025.08.01	00:08:27.983	1.32050				2
2025.08.01	00:08:33.232	1.32046				2
2025.08.01	00:08:38.810	1.32049				2
2025.08.01	00:08:41.580	1.32050				2
2025.08.01	00:08:44.683	1.32069	1.32126			6
2025.08.01	00:08:56.845	1.32089	1.32161			6
2025.08.01	00:08:57.153	1.32078				2
2025.08.01	00:08:58.384	1.32071				2
2025.08.01	00:09:00.236	1.32071				2
2025.08.01	00:09:02.087	1.32051				2
2025.08.01	00:09:56.969		1.32161			4
2025.08.01	00:10:00.052	1.32051				2
2025.08.01	00:10:28.442	1.32052				2
2025.08.01	00:10:34.611	1.32053				2
2025.08.01	00:10:46.329	1.32052				2
2025.08.01	00:10:50.634	1.32054				2
2025.08.01	00:10:50.946	1.32055				2
2025.08.01	00:10:51.256	1.32056				2
2025.08.01	00:10:57.115		1.32161			4
2025.08.01	00:11:00.204	1.32056				2
2025.08.01	00:11:01.748	1.32057				2
2025.08.01	00:11:15.956	1.32051				2
2025.08.01	00:11:41.301		1.32160			4
2025.08.01	00:12:00.120	1.32051				2
2025.08.01	00:12:41.528		1.32160			4
2025.08.01	00:13:00.048	1.32051				2
2025.08.01	00:13:41.694		1.32160			4
2025.08.01	00:14:00.207	1.32051				2
2025.08.01	00:14:41.984		1.32160			4
2025.08.01	00:15:00.125	1.32051				2
2025.08.01	00:16:54.726	1.32051	1.32160			6
2025.08.01	00:17:00.305	1.32051				2
2025.08.01	00:17:04.332	1.32070				2
2025.08.01	00:17:08.293	1.32051				2
2025.08.01	00:17:24.480	1.32062				2
2025.08.01	00:17:33.430	1.32063				2
2025.08.01	00:17:46.118	1.32051				2
2025.08.01	00:17:54.767		1.32160			4
2025.08.01	00:18:00.016	1.32051				2
2025.08.01	00:18:55.079		1.32160			4
2025.08.01	00:19:00.001	1.32051				2
2025.08.01	00:19:55.343		1.32160			4
2025.08.01	00:19:59.976	1.32070				2
2025.08.01	00:20:00.287	1.32070				2
2025.08.01	00:20:00.593	1.32063	1.32179			6
2025.08.01	00:20:02.453	1.32056	1.32195			6
2025.08.01	00:20:05.839	1.32063	1.32171			6
2025.08.01	00:20:10.354		1.32162			4
2025.08.01	00:20:14.280		1.32179			4
2025.08.01	00:20:16.977		1.32162			4
2025.08.01	00:20:19.274		1.32164			4
2025.08.01	00:20:21.393		1.32179			4
2025.08.01	00:20:22.271	1.32073	1.32169			6
2025.08.01	00:20:23.292		1.32165			4
2025.08.01	00:20:24.421		1.32161			4
2025.08.01	00:20:24.809		1.32165			4
2025.08.01	00:20:29.459	1.32087	1.32161			6
2025.08.01	00:20:31.613	1.32073				2
2025.08.01	00:20:41.687	1.32086				2
2025.08.01	00:20:42.297	1.32073				2
2025.08.01	00:20:44.783	1.32087	1.32163			6
2025.08.01	00:20:48.445		1.32161			4
2025.08.01	00:20:48.748	1.32073				2
2025.08.01	00:20:49.802		1.32146			4
2025.08.01	00:20:55.270	1.32084				2
2025.08.01	00:20:57.114	1.32073				2
2025.08.01	00:20:59.654	1.32080	1.32171			6
2025.08.01	00:21:00.021	1.32080	1.32168			6
2025.08.01	00:21:00.666	1.32089	1.32163			6
2025.08.01	00:21:00.966	1.32080				2
2025.08.01	00:21:03.481	1.32092	1.32161			6
2025.08.01	00:21:08.962	1.32087	1.32171			6
2025.08.01	00:21:09.279	1.32088				2
2025.08.01	00:21:09.891	1.32080				2
2025.08.01	00:21:10.355	1.32085				2
2025.08.01	00:21:34.756	1.32069	1.32176			6
2025.08.01	00:21:35.058	1.32063				2
2025.08.01	00:21:35.791		1.32173			4
2025.08.01	00:21:36.724	1.32051	1.32169			6
2025.08.01	00:21:37.981	1.32050	1.32170			6
2025.08.01	00:21:40.929	1.32034	1.32169			6
2025.08.01	00:21:45.993		1.32171			4
2025.08.01	00:21:50.219		1.32158			4
2025.08.01	00:21:51.254		1.32126			4
2025.08.01	00:22:00.180	1.32034				2
2025.08.01	00:22:03.632		1.32114			4
2025.08.01	00:22:04.809		1.32132			4
2025.08.01	00:22:11.210	1.32035				2
2025.08.01	00:22:16.716		1.32122			4
2025.08.01	00:22:17.018		1.32120			4
2025.08.01	00:22:20.996	1.32036				2
2025.08.01	00:22:35.343	1.32035				2
2025.08.01	00:22:42.081	1.32038	1.32121			6
2025.08.01	00:22:44.845	1.32035	1.32120			6
2025.08.01	00:22:45.150	1.32036	1.32118			6
2025.08.01	00:22:48.555	1.32030	1.32120			6
2025.08.01	00:22:51.924	1.32036	1.32118			6
2025.08.01	00:23:01.083	1.32036				2
2025.08.01	00:23:22.589	1.32037				2
2025.08.01	00:23:26.585	1.32036				2
2025.08.01	00:23:32.285	1.32037				2
2025.08.01	00:23:40.290	1.32036				2
2025.08.01	00:23:54.779		1.32118			4
2025.08.01	00:24:00.783	1.32036				2
2025.08.01	00:24:11.224	1.32037				2
2025.08.01	00:24:56.481		1.32118			4
2025.08.01	00:25:00.782	1.32037				2
2025.08.01	00:25:31.222		1.32117			4
2025.08.01	00:25:41.222	1.32038				2
2025.08.01	00:26:02.064	1.32039	1.32115			6
2025.08.01	00:26:06.645	1.32038	1.32136			6
2025.08.01	00:26:06.950	1.32034				2
2025.08.01	00:26:09.291		1.32125			4
2025.08.01	00:26:13.717		1.32126			4
2025.08.01	00:26:22.240		1.32116			4
2025.08.01	00:26:22.742		1.32114			4
2025.08.01	00:26:23.064		1.32123			4
2025.08.01	00:26:25.390		1.32125			4
2025.08.01	00:26:27.638		1.32133			4
2025.08.01	00:27:01.643	1.32034				2
2025.08.01	00:27:31.248		1.32133			4
2025.08.01	00:27:38.581	1.32053	1.32148			6
2025.08.01	00:27:50.290	1.32057	1.32140			6
2025.08.01	00:27:50.819		1.32139			4
2025.08.01	00:27:51.332	1.32056	1.32140			6
2025.08.01	00:27:55.242		1.32133			4
2025.08.01	00:27:55.543	1.32063	1.32128			6
2025.08.01	00:28:00.479	1.32063				2
2025.08.01	00:28:19.365	1.32033	1.32127			6
2025.08.01	00:28:19.673		1.32126			4
2025.08.01	00:28:21.223	1.32035	1.32127			6
2025.08.01	00:28:21.900	1.32033				2
2025.08.01	00:28:40.327		1.32126			4
2025.08.01	00:28:58.623		1.32127			4
2025.08.01	00:28:59.778	1.32034				2
2025.08.01	00:29:01.900	1.32034				2
2025.08.01	00:29:20.248	1.32040				2
2025.08.01	00:29:21.790	1.32034				2
2025.08.01	00:29:34.956		1.32128			4
2025.08.01	00:29:38.849	1.32040	1.32127			6
2025.08.01	00:29:39.458		1.32128			4
2025.08.01	00:29:57.335	1.32034				2
2025.08.01	00:30:00.373	1.32037	1.32127			6
2025.08.01	00:30:03.157	1.32034	1.32137			6
2025.08.01	00:30:03.458	1.32047	1.32131			6
2025.08.01	00:30:06.828	1.32045				2
2025.08.01	00:30:12.635	1.32047	1.32137			6
2025.08.01	00:30:15.683	1.32035				2
2025.08.01	00:30:31.127	1.32037	1.32138			6
2025.08.01	00:30:37.781	1.32053	1.32169			6
2025.08.01	00:30:38.882	1.32019	1.32164			6
2025.08.01	00:30:39.511	1.32018				2
2025.08.01	00:30:40.433	1.32010				2
2025.08.01	00:30:40.735	1.32017	1.32165			6
2025.08.01	00:30:42.585		1.32166			4
2025.08.01	00:30:43.507		1.32165			4
2025.08.01	00:30:45.047	1.32042	1.32171			6
2025.08.01	00:30:49.443	1.32026	1.32159			6
2025.08.01	00:30:53.016	1.32029				2
2025.08.01	00:30:53.318	1.32026				2
2025.08.01	00:30:55.023	1.32028				2
2025.08.01	00:31:00.255	1.32028				2
2025.08.01	00:31:00.874	1.32026				2
2025.08.01	00:31:28.437	1.32027				2
2025.08.01	00:31:29.984		1.32160			4
2025.08.01	00:31:32.760		1.32161			4
2025.08.01	00:31:34.297	1.32026				2
2025.08.01	00:31:38.464	1.32031				2
2025.08.01	00:31:39.393	1.32026				2
2025.08.01	00:31:40.385		1.32160			4
2025.08.01	00:31:41.879		1.32161			4
2025.08.01	00:31:53.280		1.32162			4
2025.08.01	00:31:58.382		1.32163			4
2025.08.01	00:32:00.785	1.32026				2
2025.08.01	00:32:10.679		1.32164			4
2025.08.01	00:32:15.764	1.32028				2
2025.08.01	00:32:22.383		1.32165			4
2025.08.01	00:32:24.419		1.32159			4
2025.08.01	00:32:26.309		1.32157			4
2025.08.01	00:32:26.956		1.32163			4
2025.08.01	00:32:28.466		1.32162			4
2025.08.01	00:32:31.264		1.32164			4
2025.08.01	00:32:33.780		1.32165			4
2025.08.01	00:32:39.900		1.32166			4
2025.08.01	00:32:43.170	1.32030				2
2025.08.01	00:32:48.411		1.32167			4
2025.08.01	00:32:50.571	1.32029				2
2025.08.01	00:32:52.111	1.32032	1.32165			6
2025.08.01	00:32:52.415	1.32041	1.32163			6
2025.08.01	00:32:55.482	1.32039	1.32162			6
2025.08.01	00:33:00.040	1.32039				2
2025.08.01	00:33:00.345		1.32161			4
2025.08.01	00:33:05.528	1.32041				2
2025.08.01	00:33:05.835	1.32042	1.32160			6
2025.08.01	00:33:28.734	1.32041	1.32157			6
2025.08.01	00:33:33.617	1.32042	1.32159			6
2025.08.01	00:33:33.927	1.32033	1.32158			6
2025.08.01	00:33:36.693		1.32157			4
2025.08.01	00:33:38.857		1.32158			4
2025.08.01	00:33:41.631		1.32160			4
2025.08.01	00:33:51.797		1.32161			4
2025.08.01	00:33:55.496		1.32158			4
2025.08.01	00:33:58.572		1.32157			4
2025.08.01	00:33:58.874		1.32161			4
2025.08.01	00:33:59.177		1.32158			4
2025.08.01	00:33:59.492		1.32157			4
2025.08.01	00:34:00.105	1.32033				2
2025.08.01	00:34:00.413		1.32160			4
2025.08.01	00:34:00.716		1.32157			4
2025.08.01	00:34:01.017		1.32158			4
2025.08.01	00:34:05.654		1.32156			4
2025.08.01	00:34:06.578		1.32155			4
2025.08.01	00:34:08.420		1.32158			4
2025.08.01	00:34:09.339		1.32162			4
2025.08.01	00:34:25.369		1.32157			4
2025.08.01	00:34:30.901		1.32162			4
2025.08.01	00:34:34.912		1.32160			4
2025.08.01	00:34:38.297	1.32030	1.32159			6
2025.08.01	00:34:39.834		1.32160			4
2025.08.01	00:34:50.993		1.32159			4
2025.08.01	00:34:58.371		1.32154			4
2025.08.01	00:35:00.210	1.32030				2
2025.08.01	00:35:02.672		1.32155			4
2025.08.01	00:35:08.196	1.32029	1.32154			6
2025.08.01	00:35:08.504		1.32147			4
2025.08.01	00:35:10.653		1.32150			4
2025.08.01	00:35:31.915		1.32153			4
2025.08.01	00:35:32.228		1.32159			4
2025.08.01	00:35:35.293		1.32157			4
2025.08.01	00:35:36.518	1.32033				2
2025.08.01	00:35:36.830		1.32156			4
2025.08.01	00:35:37.444		1.32155			4
2025.08.01	00:35:38.677	1.32032				2
2025.08.01	00:35:38.984		1.32154			4
2025.08.01	00:35:48.218		1.32155			4
2025.08.01	00:36:00.191	1.32032	1.32154			6
2025.08.01	00:36:01.117		1.32155			4
2025.08.01	00:36:01.423		1.32154			4
2025.08.01	00:36:01.725		1.32153			4
2025.08.01	00:36:05.085		1.32154			4
2025.08.01	00:36:08.777		1.32152			4
2025.08.01	00:36:09.703		1.32155			4
2025.08.01	00:36:18.826		1.32153			4
2025.08.01	00:36:27.168		1.32155			4
2025.08.01	00:37:00.439	1.32032				2
2025.08.01	00:37:23.363	1.32033	1.32152			6
2025.08.01	00:37:53.364	1.32032	1.32149			6
2025.08.01	00:38:00.384	1.32032				2
2025.08.01	00:38:10.134	1.32029	1.32154			6
2025.08.01	00:38:16.303	1.32033	1.32149			6
2025.08.01	00:38:19.079	1.32040				2
2025.08.01	00:38:21.248	1.32033				2
2025.08.01	00:38:28.712	1.32037				2
2025.08.01	00:38:29.019	1.32033				2
2025.08.01	00:38:58.476	1.32038				2
2025.08.01	00:39:00.014	1.32038				2
2025.08.01	00:39:08.355	1.32033				2
2025.08.01	00:39:16.879		1.32149			4
2025.08.01	00:39:35.013	1.32037				2
2025.08.01	00:39:47.611	1.32038				2
2025.08.01	00:39:49.447	1.32036	1.32150			6
2025.08.01	00:39:51.289	1.32038				2
2025.08.01	00:39:52.515		1.32149			4
2025.08.01	00:39:54.356	1.32039				2
2025.08.01	00:39:54.666	1.32038				2
2025.08.01	00:39:55.585	1.32039				2
2025.08.01	00:40:00.157	1.32039				2
2025.08.01	00:40:01.382	1.32040				2
2025.08.01	00:40:08.137	1.32041				2
2025.08.01	00:40:08.447	1.32036				2
2025.08.01	00:40:15.414	1.32039				2
2025.08.01	00:40:15.721	1.32036				2
2025.08.01	00:40:52.316	1.32037				2
2025.08.01	00:40:52.636		1.32149			4
2025.08.01	00:40:54.484	1.32036				2
2025.08.01	00:40:57.129		1.32148			4
2025.08.01	00:40:57.711	1.32040				2
2025.08.01	00:40:58.325	1.32038				2
2025.08.01	00:40:58.945	1.32040				2
2025.08.01	00:40:59.253	1.32039				2
2025.08.01	00:40:59.561	1.32040				2
2025.08.01	00:40:59.872	1.32041				2
2025.08.01	00:41:00.183	1.32041				2
2025.08.01	00:41:03.851	1.32037	1.32147			6
2025.08.01	00:41:05.386	1.32036	1.32149			6
2025.08.01	00:41:08.448	1.32047				2
2025.08.01	00:41:20.066		1.32148			4
2025.08.01	00:41:20.981	1.32046	1.32143			6
2025.08.01	00:41:26.665	1.32047				2
2025.08.01	00:41:37.373	1.32046	1.32144			6
2025.08.01	00:41:51.042		1.32140			4
2025.08.01	00:42:00.448	1.32046				2
2025.08.01	00:42:12.617	1.32043	1.32141			6
2025.08.01	00:42:16.003		1.32142			4
2025.08.01	00:42:19.683		1.32140			4
2025.08.01	00:42:23.086		1.32141			4
2025.08.01	00:42:23.396	1.32042				2
2025.08.01	00:42:28.325		1.32144			4
2025.08.01	00:42:30.243	1.32043				2
2025.08.01	00:42:35.678		1.32143			4
2025.08.01	00:42:36.293		1.32144			4
2025.08.01	00:42:37.606	1.32042				2
2025.08.01	00:42:41.586		1.32143			4
2025.08.01	00:42:44.418	1.32043	1.32144			6
2025.08.01	00:42:48.807	1.32042	1.32143			6
2025.08.01	00:42:49.419		1.32144			4
2025.08.01	00:42:52.490	1.32043				2
2025.08.01	00:42:56.177		1.32143			4
2025.08.01	00:42:59.887		1.32142			4
2025.08.01	00:43:00.202	1.32043				2
2025.08.01	00:43:00.817		1.32144			4
2025.08.01	00:43:01.830		1.32143			4
2025.08.01	00:43:05.522		1.32144			4
2025.08.01	00:43:07.407		1.32142			4
2025.08.01	00:43:10.182	1.32042				2
2025.08.01	00:43:16.349	1.32036	1.32145			6
2025.08.01	00:43:16.654		1.32141			4
2025.08.01	00:43:17.270		1.32143			4
2025.08.01	00:43:18.192		1.32144			4
2025.08.01	00:43:18.499		1.32143			4
2025.08.01	00:43:31.436	1.32037	1.32145			6
2025.08.01	00:43:32.668	1.32039	1.32146			6
2025.08.01	00:43:35.134	1.32040	1.32149			6
2025.08.01	00:43:35.545		1.32143			4
2025.08.01	00:43:35.848	1.32036	1.32146			6
2025.08.01	00:43:38.006	1.32034	1.32149			6
2025.08.01	00:43:38.314	1.32040	1.32146			6
2025.08.01	00:43:38.623		1.32145			4
2025.08.01	00:43:38.933		1.32144			4
2025.08.01	00:43:39.858		1.32145			4
2025.08.01	00:43:46.310	1.32042				2
2025.08.01	00:43:46.926		1.32147			4
2025.08.01	00:43:57.712		1.32143			4
2025.08.01	00:43:58.027		1.32146			4
2025.08.01	00:43:58.950		1.32147			4
2025.08.01	00:44:00.180	1.32042	1.32144			6
2025.08.01	00:44:01.410	1.32043				2
2025.08.01	00:44:02.030		1.32146			4
2025.08.01	00:44:06.040		1.32149			4
2025.08.01	00:44:06.353	1.32038	1.32146			6
2025.08.01	00:44:06.653	1.32043				2
2025.08.01	00:44:08.191		1.32149			4
2025.08.01	00:44:09.092		1.32147			4
2025.08.01	00:44:10.313		1.32146			4
2025.08.01	00:44:15.238		1.32145			4
2025.08.01	00:44:16.473	1.32044				2
2025.08.01	00:44:18.337		1.32133			4
2025.08.01	00:44:24.214		1.32139			4
2025.08.01	00:44:24.830		1.32140			4
2025.08.01	00:44:30.405	1.32036	1.32126			6
2025.08.01	00:44:31.334		1.32124			4
2025.08.01	00:44:31.638		1.32125			4
2025.08.01	00:44:36.271		1.32123			4
2025.08.01	00:44:44.901	1.32045				2
2025.08.01	00:44:45.206	1.32036	1.32118			6
2025.08.01	00:44:45.523		1.32120			4
2025.08.01	00:44:50.761		1.32119			4
2025.08.01	00:44:52.921		1.32131			4
2025.08.01	00:45:01.055	1.32036	1.32134			6
2025.08.01	00:45:02.918	1.32026				2
2025.08.01	00:45:05.698	1.32019	1.32114			6
2025.08.01	00:45:06.617	1.32036				2
2025.08.01	00:45:08.144		1.32116			4
2025.08.01	00:45:11.125	1.32050	1.32095			6
2025.08.01	00:45:11.403		1.32094			4
2025.08.01	00:45:12.016		1.32093			4
2025.08.01	00:45:26.685		1.32094			4
2025.08.01	00:45:28.833		1.32092			4
2025.08.01	00:45:31.278		1.32093			4
2025.08.01	00:45:35.226		1.32092			4
2025.08.01	00:45:38.923		1.32093			4
2025.08.01	00:45:40.158		1.32092			4
2025.08.01	00:45:41.391		1.32091			4
2025.08.01	00:45:45.405		1.32090			4
2025.08.01	00:45:48.179	1.32052	1.32092			6
2025.08.01	00:45:48.485		1.32091			4
2025.08.01	00:45:49.100	1.32046	1.32092			6
2025.08.01	00:45:49.407	1.32052	1.32091			6
2025.08.01	00:45:50.028		1.32090			4
2025.08.01	00:45:56.172		1.32088			4
2025.08.01	00:45:57.404		1.32108			4
2025.08.01	00:45:58.329	1.32051	1.32109			6
2025.08.01	00:45:58.637		1.32107			4
2025.08.01	00:45:58.954		1.32112			4
2025.08.01	00:46:00.185	1.32051				2
2025.08.01	00:46:02.968	1.32052	1.32113			6
2025.08.01	00:46:03.278		1.32109			4
2025.08.01	00:46:03.591	1.32051	1.32118			6
2025.08.01	00:46:04.827		1.32114			4
2025.08.01	00:46:07.009		1.32115			4
2025.08.01	00:46:16.015	1.32052	1.32111			6
2025.08.01	00:46:18.788		1.32114			4
2025.08.01	00:46:19.096		1.32112			4
2025.08.01	00:46:20.022		1.32093			4
2025.08.01	00:46:24.339		1.32094			4
2025.08.01	00:46:28.982		1.32090			4
2025.08.01	00:46:35.191		1.32092			4
2025.08.01	00:46:37.676		1.32089			4
2025.08.01	00:46:46.010	1.32050	1.32094			6
2025.08.01	00:46:47.241	1.32051				2
2025.08.01	00:46:52.176	1.32050	1.32111			6
2025.08.01	00:46:56.183		1.32108			4
2025.08.01	00:46:57.104		1.32111			4
2025.08.01	00:46:58.021		1.32110			4
2025.08.01	00:47:00.183	1.32050				2
2025.08.01	00:47:02.959	1.32047				2
2025.08.01	00:47:06.677	1.32050				2
2025.08.01	00:47:08.834		1.32112			4
2025.08.01	00:47:14.411		1.32113			4
2025.08.01	00:47:14.724	1.32051	1.32109			6
2025.08.01	00:47:16.570	1.32050	1.32108			6
2025.08.01	00:47:16.877		1.32112			4
2025.08.01	00:47:17.184	1.32052	1.32110			6
2025.08.01	00:47:17.488	1.32051	1.32109			6
2025.08.01	00:47:18.410	1.32053	1.32111			6
2025.08.01	00:47:18.726	1.32054	1.32112			6
2025.08.01	00:47:19.038	1.32052	1.32110			6
2025.08.01	00:47:19.350	1.32051	1.32109			6
2025.08.01	00:47:20.581	1.32052	1.32110			6
2025.08.01	00:47:21.511	1.32054	1.32112			6
2025.08.01	00:47:24.294		1.32113			4
2025.08.01	00:47:24.599		1.32112			4
2025.08.01	00:47:26.455	1.32053				2
2025.08.01	00:47:26.774	1.32055	1.32113			6
2025.08.01	00:47:27.082	1.32054	1.32112			6
2025.08.01	00:47:28.004	1.32055	1.32113			6
2025.08.01	00:47:28.306	1.32052	1.32115			6
2025.08.01	00:47:28.632		1.32110			4
2025.08.01	00:47:28.933		1.32111			4
2025.08.01	00:47:29.858	1.32051	1.32109			6
2025.08.01	00:47:30.164	1.32053	1.32111			6
2025.08.01	00:47:31.101	1.32054	1.32112			6
2025.08.01	00:47:32.642	1.32053	1.32111			6
2025.08.01	00:47:32.946	1.32052	1.32110			6
2025.08.01	00:47:33.566	1.32053	1.32111			6
2025.08.01	00:47:35.114	1.32055	1.32113			6
2025.08.01	00:47:36.356	1.32054	1.32112			6
2025.08.01	00:47:38.200	1.32057	1.32115			6
2025.08.01	00:47:38.815	1.32056	1.32114			6
2025.08.01	00:47:40.983	1.32057	1.32115			6
2025.08.01	00:47:41.599	1.32052	1.32110			6
2025.08.01	00:47:41.911	1.32053	1.32111			6
2025.08.01	00:47:44.382	1.32052	1.32110			6
2025.08.01	00:47:45.310	1.32057	1.32112			6
2025.08.01	00:47:48.078		1.32108			4
2025.08.01	00:47:49.004	1.32056				2
2025.08.01	00:47:50.860	1.32053				2
2025.08.01	00:47:51.169	1.32055				2
2025.08.01	00:47:51.483	1.32054				2
2025.08.01	00:47:52.403	1.32056				2
2025.08.01	00:47:52.711	1.32055				2
2025.08.01	00:47:53.025	1.32056				2
2025.08.01	00:47:53.637	1.32057				2
2025.08.01	00:47:53.952	1.32056				2
2025.08.01	00:47:59.851	1.32055				2
2025.08.01	00:48:00.155	1.32055				2
2025.08.01	00:48:02.330	1.32054	1.32109			6
2025.08.01	00:48:02.646	1.32051	1.32108			6
2025.08.01	00:48:03.258		1.32109			4
2025.08.01	00:48:03.577	1.32052				2
2025.08.01	00:48:03.888	1.32053				2
2025.08.01	00:48:04.190	1.32054				2
2025.08.01	00:48:04.810	1.32053				2
2025.08.01	00:48:06.361	1.32055				2
2025.08.01	00:48:06.668	1.32053				2
2025.08.01	00:48:07.285	1.32054				2
2025.08.01	00:48:09.448	1.32056				2
2025.08.01	00:48:09.758	1.32054				2
2025.08.01	00:48:10.375	1.32056				2
2025.08.01	00:48:10.676	1.32054				2
2025.08.01	00:48:11.298	1.32055				2
2025.08.01	00:48:11.605	1.32054	1.32107			6
2025.08.01	00:48:13.149	1.32055				2
2025.08.01	00:48:14.697	1.32054				2
2025.08.01	00:48:15.935	1.32051	1.32102			6
2025.08.01	00:48:16.239	1.32052				2
2025.08.01	00:48:16.548	1.32054	1.32104			6
2025.08.01	00:48:20.878	1.32053				2
2025.08.01	00:48:23.047		1.32101			4
2025.08.01	00:48:23.352	1.32051	1.32109			6
2025.08.01	00:48:23.663	1.32053	1.32111			6
2025.08.01	00:48:23.969	1.32051	1.32109			6
2025.08.01	00:48:24.916		1.32106			4
2025.08.01	00:48:25.227		1.32109			4
2025.08.01	00:48:26.170	1.32053	1.32111			6
2025.08.01	00:48:26.792	1.32060	1.32104			6
2025.08.01	00:48:34.214		1.32100			4
2025.08.01	00:48:36.688		1.32104			4
2025.08.01	00:48:38.525	1.32056	1.32106			6
2025.08.01	00:48:38.844	1.32050	1.32105			6
2025.08.01	00:48:39.156	1.32051				2
2025.08.01	00:48:40.084	1.32050	1.32103			6
2025.08.01	00:48:43.794	1.32052	1.32110			6
2025.08.01	00:48:44.730		1.32109			4
2025.08.01	00:48:45.042	1.32053	1.32111			6
2025.08.01	00:48:45.651	1.32054	1.32112			6
2025.08.01	00:48:45.957		1.32110			4
2025.08.01	00:48:46.274	1.32053				2
2025.08.01	00:48:46.885	1.32052				2
2025.08.01	00:48:47.197	1.32053	1.32111			6
2025.08.01	00:48:47.503	1.32052	1.32110			6
2025.08.01	00:48:48.128	1.32053	1.32111			6
2025.08.01	00:48:48.431		1.32109			4
2025.08.01	00:48:48.744	1.32052	1.32110			6
2025.08.01	00:48:49.053		1.32113			4
2025.08.01	00:48:49.355		1.32109			4
2025.08.01	00:48:50.906	1.32053	1.32111			6
2025.08.01	00:48:51.213	1.32056	1.32114			6
2025.08.01	00:48:53.991	1.32055	1.32113			6
2025.08.01	00:48:54.301	1.32054	1.32112			6
2025.08.01	00:48:54.609	1.32053	1.32111			6
2025.08.01	00:48:54.919	1.32054	1.32112			6
2025.08.01	00:49:00.156	1.32053	1.32111			6
2025.08.01	00:49:00.463	1.32054	1.32112			6
2025.08.01	00:49:02.622	1.32053	1.32110			6
2025.08.01	00:49:03.552	1.32054				2
2025.08.01	00:49:08.163	1.32053				2
2025.08.01	00:49:12.163	1.32055				2
2025.08.01	00:49:18.964	1.32053	1.32107			6
2025.08.01	00:49:21.134	1.32055				2
2025.08.01	00:49:23.297	1.32053				2
2025.08.01	00:49:23.610	1.32054				2
2025.08.01	00:49:23.925	1.32055				2
2025.08.01	00:49:25.772	1.32054				2
2025.08.01	00:49:30.089	1.32053				2
2025.08.01	00:49:31.314	1.32054				2
2025.08.01	00:49:31.631	1.32053				2
2025.08.01	00:49:32.551	1.32059	1.32104			6
2025.08.01	00:49:39.973	1.32063	1.32100			6
2025.08.01	00:49:41.526	1.32069				2
2025.08.01	00:49:44.297	1.32059	1.32110			6
2025.08.01	00:49:44.602		1.32111			4
2025.08.01	00:49:44.912		1.32110			4
2025.08.01	00:49:45.834		1.32111			4
2025.08.01	00:49:49.540		1.32108			4
2025.08.01	00:49:49.854		1.32111			4
2025.08.01	00:49:50.163		1.32109			4
2025.08.01	00:49:50.479	1.32055	1.32111			6
2025.08.01	00:49:50.792		1.32110			4
2025.08.01	00:49:51.403	1.32059				2
2025.08.01	00:49:52.645		1.32111			4
2025.08.01	00:49:52.955	1.32057				2
2025.08.01	00:49:53.881	1.32059				2
2025.08.01	00:49:54.190		1.32108			4
2025.08.01	00:49:55.115		1.32111			4
2025.08.01	00:49:57.592	1.32067	1.32099			6
2025.08.01	00:50:00.052	1.32067				2
2025.08.01	00:50:13.889	1.32065				2
2025.08.01	00:50:19.131	1.32067				2
2025.08.01	00:50:19.447		1.32104			4
2025.08.01	00:50:27.458	1.32069	1.32105			6
2025.08.01	00:50:36.093	1.32066				2
2025.08.01	00:50:36.711	1.32069				2
2025.08.01	00:50:39.190	1.32063				2
2025.08.01	00:50:39.496	1.32068				2
2025.08.01	00:50:42.265	1.32069				2
2025.08.01	00:50:43.498	1.32062	1.32110			6
2025.08.01	00:50:43.802		1.32111			4
2025.08.01	00:50:44.417	1.32054				2
2025.08.01	00:50:44.725	1.32055				2
2025.08.01	00:50:45.649	1.32054				2
2025.08.01	00:50:45.955	1.32053				2
2025.08.01	00:50:46.269	1.32054				2
2025.08.01	00:50:47.185	1.32053				2
2025.08.01	00:50:47.797	1.32054				2
2025.08.01	00:50:48.717	1.32055				2
2025.08.01	00:50:49.029	1.32053				2
2025.08.01	00:50:50.255	1.32054				2
2025.08.01	00:50:53.025	1.32056				2
2025.08.01	00:50:55.491	1.32055	1.32102			6
2025.08.01	00:50:55.808	1.32054				2
2025.08.01	00:50:56.110	1.32053				2
2025.08.01	00:50:57.030	1.32054				2
2025.08.01	00:50:58.258		1.32099			4
2025.08.01	00:50:58.880	1.32053				2
2025.08.01	00:50:59.796		1.32102			4
2025.08.01	00:51:00.103	1.32054				2
2025.08.01	00:51:01.328	1.32055				2
2025.08.01	00:51:02.255	1.32054	1.32099			6
2025.08.01	00:51:02.556	1.32055				2
2025.08.01	00:51:03.480		1.32103			4
2025.08.01	00:51:05.328	1.32056	1.32099			6
2025.08.01	00:51:07.182	1.32055	1.32103			6
2025.08.01	00:51:07.485		1.32105			4
2025.08.01	00:51:08.411	1.32059	1.32111			6
2025.08.01	00:51:10.247	1.32070	1.32106			6
2025.08.01	00:51:16.090	1.32065				2
2025.08.01	00:51:17.627	1.32070				2
2025.08.01	00:51:24.082	1.32068	1.32102			6
2025.08.01	00:51:29.032	1.32066				2
2025.08.01	00:51:29.643	1.32068				2
2025.08.01	00:51:39.178		1.32098			4
2025.08.01	00:51:47.781	1.32057				2
2025.08.01	00:51:48.705	1.32063	1.32094			6
2025.08.01	00:51:50.236		1.32091			4
2025.08.01	00:51:52.993		1.32094			4
2025.08.01	00:51:53.910		1.32091			4
2025.08.01	00:51:56.987		1.32093			4
2025.08.01	00:51:58.223		1.32091			4
2025.08.01	00:52:00.073	1.32063				2
2025.08.01	00:52:07.167	1.32064	1.32092			6
2025.08.01	00:52:14.564	1.32063				2
2025.08.01	00:52:15.797	1.32064				2
2025.08.01	00:52:18.569	1.32066	1.32090			6
2025.08.01	00:52:33.540	1.32064	1.32088			6
2025.08.01	00:53:00.077	1.32064				2
2025.08.01	00:53:03.767	1.32059	1.32091			6
2025.08.01	00:53:10.554		1.32089			4
2025.08.01	00:53:10.861		1.32088			4
2025.08.01	00:53:12.100		1.32087			4
2025.08.01	00:53:12.411		1.32084			4
2025.08.01	00:53:13.025		1.32086			4
2025.08.01	00:53:16.722		1.32085			4
2025.08.01	00:53:17.031		1.32087			4
2025.08.01	00:53:18.263		1.32086			4
2025.08.01	00:53:19.187	1.32055	1.32084			6
2025.08.01	00:53:20.421		1.32083			4
2025.08.01	00:53:31.220		1.32084			4
2025.08.01	00:53:32.146	1.32056	1.32083			6
2025.08.01	00:53:33.988	1.32052				2
2025.08.01	00:53:38.298	1.32055				2
2025.08.01	00:53:48.461	1.32052				2
2025.08.01	00:53:49.086		1.32086			4
2025.08.01	00:53:50.011	1.32055	1.32080			6
2025.08.01	00:53:50.323		1.32079			4
2025.08.01	00:53:50.630		1.32084			4
2025.08.01	00:53:50.938		1.32083			4
2025.08.01	00:53:52.489		1.32079			4
2025.08.01	00:53:54.645		1.32081			4
2025.08.01	00:53:54.952		1.32082			4
2025.08.01	00:53:55.258		1.32079			4
2025.08.01	00:54:00.192	1.32055				2
2025.08.01	00:54:01.431	1.32052	1.32077			6
2025.08.01	00:54:01.736		1.32082			4
2025.08.01	00:54:02.049	1.32054				2
2025.08.01	00:54:02.356	1.32053				2
2025.08.01	00:54:02.972	1.32054	1.32075			6
2025.08.01	00:54:04.514	1.32051	1.32076			6
2025.08.01	00:54:11.292	1.32052				2
2025.08.01	00:54:20.870	1.32054				2
2025.08.01	00:54:23.022		1.32077			4
2025.08.01	00:54:23.329		1.32079			4
2025.08.01	00:54:24.253		1.32077			4
2025.08.01	00:54:29.491	1.32052				2
2025.08.01	00:54:34.725		1.32075			4
2025.08.01	00:54:35.039		1.32078			4
2025.08.01	00:54:37.498		1.32076			4
2025.08.01	00:54:41.213		1.32075			4
2025.08.01	00:54:41.524	1.32054	1.32077			6
2025.08.01	00:54:49.546	1.32053	1.32074			6
2025.08.01	00:54:55.097	1.32051				2
2025.08.01	00:54:58.803		1.32072			4
2025.08.01	00:55:00.037	1.32050	1.32073			6
2025.08.01	00:55:01.269		1.32074			4
2025.08.01	00:55:01.585	1.32046	1.32076			6
2025.08.01	00:55:04.663	1.32045				2
2025.08.01	00:55:19.773	1.32025	1.32077			6
2025.08.01	00:55:20.077	1.32021	1.32079			6
2025.08.01	00:55:21.005	1.32022	1.32081			6
2025.08.01	00:55:21.314	1.32021	1.32080			6
2025.08.01	00:55:21.926	1.32020	1.32081			6
2025.08.01	00:55:22.241	1.32019	1.32079			6
2025.08.01	00:55:24.402	1.32018				2
2025.08.01	00:55:24.709	1.32017	1.32080			6
2025.08.01	00:55:25.325	1.32019	1.32077			6
2025.08.01	00:55:25.943	1.32017	1.32079			6
2025.08.01	00:55:26.255		1.32080			4
2025.08.01	00:55:27.801		1.32078			4
2025.08.01	00:55:28.725	1.32019	1.32077			6
2025.08.01	00:55:30.890	1.32020	1.32074			6
2025.08.01	00:55:32.123	1.32019				2
2025.08.01	00:55:32.741	1.32020				2
2025.08.01	00:55:33.046		1.32073			4
2025.08.01	00:55:33.354	1.32021				2
2025.08.01	00:55:35.503	1.32022	1.32074			6
2025.08.01	00:55:36.431	1.32023				2
2025.08.01	00:55:36.739		1.32067			4
2025.08.01	00:55:37.044	1.32018				2
2025.08.01	00:55:37.352	1.32021	1.32069			6
2025.08.01	00:55:38.285		1.32070			4
2025.08.01	00:55:39.203	1.32025				2
2025.08.01	00:55:39.510	1.32011	1.32068			6
2025.08.01	00:55:40.122	1.32023				2
2025.08.01	00:55:40.740	1.32026				2
2025.08.01	00:55:41.976	1.32024				2
2025.08.01	00:55:42.285	1.32026				2
2025.08.01	00:55:42.597	1.32023				2
2025.08.01	00:55:42.903	1.32024				2
2025.08.01	00:55:43.205		1.32067			4
2025.08.01	00:55:47.835		1.32066			4
2025.08.01	00:55:48.139	1.32027	1.32084			6
2025.08.01	00:55:48.450	1.32029				2
2025.08.01	00:55:49.067	1.32027	1.32083			6
2025.08.01	00:55:49.383	1.32016				2
2025.08.01	00:55:49.690	1.32017	1.32075			6
2025.08.01	00:55:49.996	1.32016	1.32080			6
2025.08.01	00:55:50.306	1.32012	1.32070			6
2025.08.01	00:55:50.617	1.32003	1.32081			6
2025.08.01	00:55:50.925	1.32022				2
2025.08.01	00:55:51.237	1.32029	1.32080			6
2025.08.01	00:55:51.538	1.32022				2
2025.08.01	00:55:51.849	1.32003	1.32084			6
2025.08.01	00:55:52.157	1.32023	1.32081			6
2025.08.01	00:55:52.778	1.32003	1.32083			6
2025.08.01	00:55:53.390	1.32026				2
2025.08.01	00:55:54.005		1.32084			4
2025.08.01	00:55:58.322	1.32003	1.32083			6
2025.08.01	00:55:58.937	1.32021				2
2025.08.01	00:55:59.859	1.32022				2
2025.08.01	00:56:00.173	1.32019				2
2025.08.01	00:56:00.476	1.32024				2
2025.08.01	00:56:01.401	1.32003				2
2025.08.01	00:56:02.326	1.32007				2
2025.08.01	00:56:02.634	1.32021				2
2025.08.01	00:56:03.247	1.32023				2
2025.08.01	00:56:04.790	1.32016				2
2025.08.01	00:56:06.023	1.32019				2
2025.08.01	00:56:06.947	1.32027				2
2025.08.01	00:56:07.257	1.32011				2
2025.08.01	00:56:07.562	1.32015				2
2025.08.01	00:56:08.173	1.32019				2
2025.08.01	00:56:08.486	1.32015				2
2025.08.01	00:56:08.796	1.32021				2
2025.08.01	00:56:09.097	1.32025				2
2025.08.01	00:56:09.405	1.32008				2
2025.08.01	00:56:11.260	1.32014				2
2025.08.01	00:56:12.796	1.32015				2
2025.08.01	00:56:13.104	1.32017				2
2025.08.01	00:56:16.191	1.32022				2
2025.08.01	00:56:17.420	1.32021				2
2025.08.01	00:56:18.351	1.32014				2
2025.08.01	00:56:18.654	1.32010				2
2025.08.01	00:56:20.805	1.32022				2
2025.08.01	00:56:21.423	1.32025				2
2025.08.01	00:56:25.409	1.32020				2
2025.08.01	00:56:27.254	1.32023				2
2025.08.01	00:56:27.565	1.32024				2
2025.08.01	00:56:28.484	1.32025				2
2025.08.01	00:56:29.101	1.32024				2
2025.08.01	00:56:29.717	1.32025				2
2025.08.01	00:56:31.259	1.32019				2
2025.08.01	00:56:31.574	1.32022				2
2025.08.01	00:56:36.179	1.32023				2
2025.08.01	00:56:36.490	1.32024	1.32080			6
2025.08.01	00:56:36.795		1.32083			4
2025.08.01	00:56:42.020	1.32013	1.32084			6
2025.08.01	00:56:47.858	1.32016				2
2025.08.01	00:56:48.173		1.32083			4
2025.08.01	00:56:53.404	1.32019				2
2025.08.01	00:56:59.661	1.32015				2
2025.08.01	00:57:00.272	1.32015				2
2025.08.01	00:57:05.500	1.32004	1.32081			6
2025.08.01	00:57:06.428	1.32001				2
2025.08.01	00:57:06.735	1.32006				2
2025.08.01	00:57:07.350	1.32007				2
2025.08.01	00:57:08.270	1.32000				2
2025.08.01	00:57:08.885	1.32009				2
2025.08.01	00:57:09.191	1.32008	1.32080			6
2025.08.01	00:57:09.496	1.32001				2
2025.08.01	00:57:10.115	1.32006				2
2025.08.01	00:57:11.657	1.32004				2
2025.08.01	00:57:12.891		1.32079			4
2025.08.01	00:57:13.505	1.32000				2
2025.08.01	00:57:13.809	1.32005				2
2025.08.01	00:57:14.117	1.32009				2
2025.08.01	00:57:15.041	1.32000				2
2025.08.01	00:57:15.351		1.32078			4
2025.08.01	00:57:15.664	1.32006				2
2025.08.01	00:57:17.507	1.32002	1.32079			6
2025.08.01	00:57:18.125	1.32007				2
2025.08.01	00:57:18.431	1.32006				2
2025.08.01	00:57:23.990	1.32009	1.32080			6
2025.08.01	00:57:27.377	1.32014				2
2025.08.01	00:57:30.157	1.32015				2
2025.08.01	00:57:31.385	1.32014				2
2025.08.01	00:57:35.079	1.32011				2
2025.08.01	00:57:35.387	1.32010				2
2025.08.01	00:57:36.310	1.32011				2
2025.08.01	00:57:36.618	1.32014				2
2025.08.01	00:57:42.153	1.32013				2
2025.08.01	00:57:42.463	1.32014				2
2025.08.01	00:57:45.223	1.32013				2
2025.08.01	00:57:47.379	1.32014				2
2025.08.01	00:57:47.996	1.32004				2
2025.08.01	00:57:48.920	1.32007				2
2025.08.01	00:57:49.230	1.32010	1.32086			6
2025.08.01	00:57:50.763	1.32011				2
2025.08.01	00:57:53.229	1.32012				2
2025.08.01	00:57:53.538	1.31986				2
2025.08.01	00:57:53.847	1.32012				2
2025.08.01	00:57:54.155	1.31986				2
2025.08.01	00:57:56.306	1.32002	1.32085			6
2025.08.01	00:57:56.613	1.31988				2
2025.08.01	00:57:57.229	1.32003				2
2025.08.01	00:57:57.535	1.31988				2
2025.08.01	00:57:57.841	1.32010				2
2025.08.01	00:57:58.457	1.31988				2
2025.08.01	00:57:59.077	1.31990	1.32074			6
2025.08.01	00:58:00.302	1.31990				2
2025.08.01	00:58:00.918	1.32005				2
2025.08.01	00:58:19.051	1.31992				2
2025.08.01	00:58:19.358	1.31995				2
2025.08.01	00:58:19.974	1.31990				2
2025.08.01	00:58:20.598	1.31999				2
2025.08.01	00:58:21.209	1.31990				2
2025.08.01	00:58:22.756	1.32006				2
2025.08.01	00:58:23.057	1.32002				2
2025.08.01	00:58:30.127	1.31993	1.32072			6
2025.08.01	00:58:31.977	1.31991				2
2025.08.01	00:58:32.281	1.32005				2
2025.08.01	00:58:32.594	1.31991				2
2025.08.01	00:58:41.503	1.32002				2
2025.08.01	00:58:58.746	1.32004	1.32089			6
2025.08.01	00:58:59.054	1.32011				2
2025.08.01	00:58:59.980	1.32003				2
2025.08.01	00:59:00.289	1.32002				2
2025.08.01	00:59:00.598	1.32001				2
2025.08.01	00:59:00.906	1.32002				2
2025.08.01	00:59:01.531	1.32009				2
2025.08.01	00:59:02.755	1.32010				2
2025.08.01	00:59:04.297	1.32011				2
2025.08.01	00:59:07.063	1.32010				2
2025.08.01	00:59:13.231	1.32011				2
2025.08.01	00:59:30.141	1.31986	1.32091			6
2025.08.01	00:59:30.446	1.31988				2
2025.08.01	00:59:37.198	1.32001				2
2025.08.01	00:59:38.116	1.32002				2
2025.08.01	00:59:44.880		1.32092			4
2025.08.01	00:59:45.803	1.31981				2
2025.08.01	00:59:50.728	1.31996	1.32073			6
2025.08.01	00:59:51.341	1.31982				2
2025.08.01	00:59:53.490		1.32082			4
2025.08.01	00:59:56.854	1.32001				2
2025.08.01	00:59:58.090	1.32006				2
2025.08.01	00:59:59.011	1.31995				2
2025.08.01	01:00:00.240	1.31994	1.32049			6
2025.08.01	01:00:00.542	1.31995	1.32037			6
2025.08.01	01:00:00.849	1.32012				2
2025.08.01	01:00:01.160	1.31986	1.32060			6
2025.08.01	01:00:01.461	1.32011	1.32059			6
2025.08.01	01:00:01.773	1.31961	1.32061			6
2025.08.01	01:00:02.076	1.32010	1.32067			6
2025.08.01	01:00:02.383	1.32014				2
2025.08.01	01:00:02.693		1.32068			4
2025.08.01	01:00:03.308		1.32067			4
2025.08.01	01:00:03.614	1.32017	1.32069			6
2025.08.01	01:00:03.921	1.32015				2
2025.08.01	01:00:04.228	1.32014	1.32066			6
2025.08.01	01:00:04.539	1.32017	1.32065			6
2025.08.01	01:00:04.840		1.32066			4
2025.08.01	01:00:05.142	1.32016	1.32068			6
2025.08.01	01:00:05.446	1.32017	1.32067			6
2025.08.01	01:00:05.758		1.32065			4
2025.08.01	01:00:06.071		1.32064			4
2025.08.01	01:00:06.980		1.32065			4
2025.08.01	01:00:07.281		1.32064			4
2025.08.01	01:00:07.585	1.32015	1.32068			6
2025.08.01	01:00:07.889	1.32012	1.32056			6
2025.08.01	01:00:08.197	1.32013				2
2025.08.01	01:00:08.502	1.32008				2
2025.08.01	01:00:08.813	1.32009				2
2025.08.01	01:00:09.430	1.32008				2
2025.08.01	01:00:10.042	1.32012				2
2025.08.01	01:00:10.653	1.32013				2
2025.08.01	01:00:10.954	1.32011				2
2025.08.01	01:00:11.577	1.32013				2
2025.08.01	01:00:11.883	1.32011				2
2025.08.01	01:00:12.191	1.32005				2
2025.08.01	01:00:12.492	1.32008	1.32034			6
2025.08.01	01:00:13.105	1.32010				2
2025.08.01	01:00:13.418	1.32009	1.32033			6
2025.08.01	01:00:13.722	1.32010	1.32047			6
2025.08.01	01:00:14.032	1.32011				2
2025.08.01	01:00:14.344	1.32006				2
2025.08.01	01:00:14.645	1.32014	1.32054			6
2025.08.01	01:00:14.948	1.32013	1.32069			6
2025.08.01	01:00:15.251	1.32027	1.32065			6
2025.08.01	01:00:15.557	1.32025	1.32066			6
2025.08.01	01:00:15.862	1.32011	1.32068			6
2025.08.01	01:00:16.171	1.32012	1.32069			6
2025.08.01	01:00:16.475	1.32010	1.32065			6
2025.08.01	01:00:16.790	1.32012				2
2025.08.01	01:00:17.096	1.32015	1.32069			6
2025.08.01	01:00:18.008	1.32026	1.32064			6
2025.08.01	01:00:19.241		1.32061			4
2025.08.01	01:00:19.552	1.32041	1.32068			6
2025.08.01	01:00:19.857	1.32042				2
2025.08.01	01:00:20.158	1.32045				2
2025.08.01	01:00:20.477	1.32043	1.32051			6
2025.08.01	01:00:24.130	1.32048	1.32057			6
2025.08.01	01:00:24.436	1.32049	1.32066			6
2025.08.01	01:00:24.750		1.32065			4
2025.08.01	01:00:25.055	1.32050	1.32064			6
2025.08.01	01:00:26.280	1.32051	1.32063			6
2025.08.01	01:00:27.203	1.32052	1.32062			6
2025.08.01	01:00:28.129	1.32053	1.32061			6
2025.08.01	01:00:31.483		1.32057			4
2025.08.01	01:00:31.785	1.32057	1.32061			6
2025.08.01	01:00:32.091	1.32053	1.32057			6
2025.08.01	01:00:32.696	1.32057	1.32061			6
2025.08.01	01:00:32.996	1.32058				2
2025.08.01	01:00:33.602	1.32053	1.32057			6
2025.08.01	01:00:33.904	1.32057	1.32061			6
2025.08.01	01:00:34.209	1.32053	1.32057			6
2025.08.01	01:00:34.513	1.32057	1.32061			6
2025.08.01	01:00:34.826	1.32053	1.32057			6
2025.08.01	01:00:35.132		1.32061			4
2025.08.01	01:00:50.739	1.32049	1.32059			6
2025.08.01	01:00:51.041	1.32051				2
2025.08.01	01:00:51.351	1.32050	1.32060			6
2025.08.01	01:00:51.657		1.32059			4
2025.08.01	01:00:53.490	1.32049				2
2025.08.01	01:00:54.698	1.32047				2
2025.08.01	01:00:55.001	1.32046				2
2025.08.01	01:00:57.756	1.32053	1.32056			6
2025.08.01	01:00:59.277	1.32049	1.32051			6
2025.08.01	01:00:59.593	1.32050				2
2025.08.01	01:01:00.201	1.32046	1.32049			6
2025.08.01	01:01:00.504	1.32045	1.32048			6
2025.08.01	01:01:00.808	1.32046	1.32049			6
2025.08.01	01:01:02.342	1.32047	1.32050			6
2025.08.01	01:01:03.264	1.32045	1.32048			6
2025.08.01	01:01:03.568	1.32046	1.32049			6
2025.08.01	01:01:04.479	1.32047	1.32050			6
2025.08.01	01:01:05.402	1.32037	1.32040			6
2025.08.01	01:01:06.934	1.32038	1.32041			6
2025.08.01	01:01:09.385	1.32037	1.32040			6
2025.08.01	01:01:09.688	1.32036	1.32039			6
2025.08.01	01:01:10.297	1.32037	1.32040			6
2025.08.01	01:01:11.218	1.32038	1.32041			6
2025.08.01	01:01:11.829	1.32037	1.32040			6
2025.08.01	01:01:15.211	1.32036	1.32039			6
2025.08.01	01:01:15.519	1.32035	1.32038			6
2025.08.01	01:01:17.977	1.32036	1.32039			6
2025.08.01	01:01:18.591	1.32038	1.32041			6
2025.08.01	01:01:22.262	1.32039	1.32042			6
2025.08.01	01:01:25.649	1.32048	1.32051			6
2025.08.01	01:01:25.951	1.32049	1.32052			6
2025.08.01	01:01:27.171		1.32053			4
2025.08.01	01:01:29.011	1.32050	1.32054			6
2025.08.01	01:01:29.314	1.32051				2
2025.08.01	01:01:29.931	1.32050	1.32053			6
2025.08.01	01:01:52.199	1.32051	1.32054			6
2025.08.01	01:01:54.323	1.32050	1.32053			6
2025.08.01	01:01:57.065	1.32051	1.32054			6
2025.08.01	01:01:58.586	1.32049	1.32052			6
2025.08.01	01:01:59.198	1.32046	1.32049			6
2025.08.01	01:01:59.809	1.32047	1.32050			6
2025.08.01	01:02:00.118	1.32047				2
2025.08.01	01:02:04.086	1.32046	1.32049			6
2025.08.01	01:02:05.006	1.32047	1.32050			6
2025.08.01	01:02:05.310	1.32046	1.32049			6
2025.08.01	01:02:07.769	1.32049	1.32052			6
2025.08.01	01:02:08.072	1.32048	1.32051			6
2025.08.01	01:02:08.982	1.32047	1.32050			6
2025.08.01	01:02:09.590	1.32048	1.32051			6
2025.08.01	01:02:10.813	1.32049	1.32052			6
2025.08.01	01:02:11.431	1.32047	1.32050			6
2025.08.01	01:02:13.253	1.32046	1.32049			6
2025.08.01	01:02:14.484	1.32045	1.32048			6
2025.08.01	01:02:15.706	1.32046	1.32049			6
2025.08.01	01:02:16.621	1.32045	1.32048			6
2025.08.01	01:02:19.677	1.32046	1.32049			6
2025.08.01	01:02:23.639	1.32045	1.32048			6
2025.08.01	01:02:27.295	1.32046	1.32049			6
2025.08.01	01:02:28.216	1.32045	1.32048			6
2025.08.01	01:02:30.967	1.32044	1.32047			6
2025.08.01	01:02:32.191	1.32045	1.32048			6
2025.08.01	01:02:36.177	1.32044	1.32047			6
2025.08.01	01:02:36.791	1.32043	1.32046			6
2025.08.01	01:02:41.993	1.32042	1.32045			6
2025.08.01	01:02:45.072	1.32043	1.32046			6
2025.08.01	01:02:48.730	1.32035	1.32038			6
2025.08.01	01:02:49.336	1.32034				2
2025.08.01	01:02:50.253	1.32033	1.32039			6
2025.08.01	01:02:50.555	1.32038	1.32044			6
2025.08.01	01:02:51.159	1.32036	1.32046			6
2025.08.01	01:02:52.072	1.32037				2
2025.08.01	01:02:52.695	1.32033	1.32043			6
2025.08.01	01:02:53.313		1.32042			4
2025.08.01	01:02:53.619	1.32034	1.32043			6
2025.08.01	01:02:53.924		1.32042			4
2025.08.01	01:02:54.230	1.32032				2
2025.08.01	01:02:55.149	1.32033				2
2025.08.01	01:02:56.064	1.32032	1.32041			6
2025.08.01	01:02:56.366	1.32033				2
2025.08.01	01:02:56.676	1.32034	1.32042			6
2025.08.01	01:02:57.280	1.32033	1.32040			6
2025.08.01	01:02:58.189		1.32039			4
2025.08.01	01:02:59.107		1.32038			4
2025.08.01	01:03:00.027	1.32033				2
2025.08.01	01:03:00.337	1.32034				2
2025.08.01	01:03:00.944	1.32033	1.32037			6
2025.08.01	01:03:03.389	1.32034				2
2025.08.01	01:03:03.692	1.32033	1.32036			6
2025.08.01	01:03:03.995	1.32034	1.32037			6
2025.08.01	01:03:05.530	1.32036	1.32039			6
2025.08.01	01:03:06.137		1.32040			4
2025.08.01	01:03:07.363		1.32039			4
2025.08.01	01:03:08.894	1.32037	1.32040			6
2025.08.01	01:03:09.499	1.32035	1.32038			6
2025.08.01	01:03:11.027	1.32036	1.32039			6
2025.08.01	01:03:13.161	1.32035	1.32038			6
2025.08.01	01:03:14.991	1.32036	1.32039			6
2025.08.01	01:03:16.219	1.32035	1.32038			6
2025.08.01	01:03:27.230	1.32034	1.32037			6
2025.08.01	01:03:27.847	1.32035	1.32038			6
2025.08.01	01:03:29.987	1.32034	1.32037			6
2025.08.01	01:03:30.592	1.32035	1.32038			6
2025.08.01	01:03:31.806	1.32036	1.32039			6
2025.08.01	01:03:34.891	1.32035	1.32038			6
2025.08.01	01:03:40.410	1.32033	1.32036			6
2025.08.01	01:03:41.037	1.32034	1.32037			6
2025.08.01	01:03:41.961	1.32033	1.32036			6
2025.08.01	01:03:42.576	1.32034	1.32037			6
2025.08.01	01:03:43.496	1.32033	1.32036			6
2025.08.01	01:03:43.802	1.32032	1.32035			6
2025.08.01	01:03:47.164	1.32030	1.32033			6
2025.08.01	01:03:47.472	1.32032	1.32035			6
2025.08.01	01:03:48.387	1.32031	1.32034			6
2025.08.01	01:03:51.147	1.32032	1.32035			6
2025.08.01	01:03:51.766	1.32031	1.32034			6
2025.08.01	01:03:52.389	1.32032	1.32035			6
2025.08.01	01:03:53.001	1.32031	1.32034			6
2025.08.01	01:03:53.303	1.32032	1.32035			6
2025.08.01	01:03:53.907	1.32031	1.32034			6
2025.08.01	01:03:55.431	1.32032	1.32035			6
2025.08.01	01:03:57.257	1.32031	1.32034			6
2025.08.01	01:03:57.872	1.32032	1.32035			6
2025.08.01	01:04:00.018	1.32032				2
2025.08.01	01:04:05.213	1.32033	1.32036			6
2025.08.01	01:04:05.518	1.32032	1.32035			6
2025.08.01	01:04:06.435	1.32033	1.32036			6
2025.08.01	01:04:07.042	1.32032	1.32035			6
2025.08.01	01:04:07.348	1.32035	1.32038			6
2025.08.01	01:04:08.257		1.32039			4
2025.08.01	01:04:10.376		1.32038			4
2025.08.01	01:04:13.728	1.32036	1.32039			6
2025.08.01	01:04:17.402	1.32035	1.32038			6
2025.08.01	01:04:18.919	1.32036	1.32039			6
2025.08.01	01:04:22.293	1.32035	1.32038			6
2025.08.01	01:04:22.600	1.32037	1.32040			6
2025.08.01	01:04:33.629	1.32038	1.32041			6
2025.08.01	01:04:33.935	1.32037	1.32040			6
2025.08.01	01:04:37.291	1.32038	1.32041			6
2025.08.01	01:04:44.974	1.32037	1.32040			6
2025.08.01	01:04:51.103	1.32038	1.32041			6
2025.08.01	01:04:54.773	1.32037	1.32040			6
2025.08.01	01:04:57.210	1.32038	1.32041			6
2025.08.01	01:05:00.293	1.32038				2
2025.08.01	01:05:01.526	1.32039	1.32042			6
2025.08.01	01:05:02.746	1.32038	1.32041			6
2025.08.01	01:05:03.353		1.32042			4
2025.08.01	01:05:04.269		1.32041			4
2025.08.01	01:05:17.136	1.32039	1.32042			6
2025.08.01	01:05:22.645	1.32037	1.32040			6
2025.08.01	01:05:23.251	1.32036	1.32042			6
2025.08.01	01:05:23.552		1.32041			4
2025.08.01	01:05:23.854	1.32035				2
2025.08.01	01:05:24.161	1.32034				2
2025.08.01	01:05:25.092	1.32035				2
2025.08.01	01:05:26.649	1.32036	1.32042			6
2025.08.01	01:05:27.256	1.32034	1.32043			6
2025.08.01	01:05:28.196	1.32035				2
2025.08.01	01:05:29.413		1.32042			4
2025.08.01	01:05:30.342	1.32036				2
2025.08.01	01:05:31.279	1.32037				2
2025.08.01	01:05:32.216	1.32036	1.32043			6
2025.08.01	01:05:33.148	1.32037				2
2025.08.01	01:05:34.404		1.32042			4
2025.08.01	01:05:35.334	1.32038				2
2025.08.01	01:05:37.206		1.32041			4
2025.08.01	01:05:58.322	1.32040	1.32043			6
2025.08.01	01:06:00.154	1.32037	1.32045			6
2025.08.01	01:06:01.383	1.32038				2
2025.08.01	01:06:02.312		1.32044			4
2025.08.01	01:06:03.242	1.32039				2
2025.08.01	01:06:04.183		1.32043			4
2025.08.01	01:06:06.353	1.32040				2
2025.08.01	01:06:14.905	1.32045	1.32048			6
2025.08.01	01:06:15.210	1.32046	1.32049			6
2025.08.01	01:06:16.119	1.32042	1.32050			6
2025.08.01	01:06:21.409	1.32043				2
2025.08.01	01:06:22.337	1.32044				2
2025.08.01	01:06:24.201	1.32045				2
2025.08.01	01:06:26.397	1.32046				2
2025.08.01	01:06:28.844	1.32047				2
2025.08.01	01:06:32.864	1.32048				2
2025.08.01	01:06:33.784	1.32047				2
2025.08.01	01:06:34.094	1.32048				2
2025.08.01	01:06:37.140	1.32047				2
2025.08.01	01:06:52.181	1.32046	1.32049			6
2025.08.01	01:06:52.792	1.32047	1.32050			6
2025.08.01	01:07:00.109	1.32047				2
2025.08.01	01:07:43.090	1.32046	1.32049			6
2025.08.01	01:08:00.094	1.32046				2
2025.08.01	01:08:33.424	1.32047	1.32050			6
2025.08.01	01:08:34.351	1.32046	1.32049			6
2025.08.01	01:08:35.271	1.32045	1.32050			6
2025.08.01	01:08:37.124	1.32046				2
2025.08.01	01:08:41.103		1.32049			4
2025.08.01	01:09:00.281	1.32046				2
2025.08.01	01:09:02.755	1.32047	1.32050			6
2025.08.01	01:09:03.374	1.32046				2
2025.08.01	01:09:06.154	1.32044				2
2025.08.01	01:09:08.331	1.32045				2
2025.08.01	01:09:11.121	1.32046				2
2025.08.01	01:09:12.368	1.32044				2
2025.08.01	01:09:13.297	1.32045				2
2025.08.01	01:09:15.160	1.32046				2
2025.08.01	01:09:16.389	1.32045				2
2025.08.01	01:09:17.007	1.32046				2
2025.08.01	01:09:18.253	1.32044				2
2025.08.01	01:09:19.496		1.32051			4
2025.08.01	01:09:20.111	1.32045				2
2025.08.01	01:09:21.346		1.32050			4
2025.08.01	01:09:23.196	1.32046				2
2025.08.01	01:09:25.367		1.32049			4
2025.08.01	01:09:35.162	1.32047	1.32050			6
2025.08.01	01:09:36.389	1.32046				2
2025.08.01	01:09:38.241	1.32043				2
2025.08.01	01:09:40.402	1.32044				2
2025.08.01	01:09:41.334	1.32043				2
2025.08.01	01:09:42.564		1.32051			4
2025.08.01	01:09:48.155	1.32044				2
2025.08.01	01:09:50.322	1.32045				2
2025.08.01	01:09:51.246	1.32046				2
2025.08.01	01:09:52.168		1.32050			4
2025.08.01	01:09:53.094	1.32047				2
2025.08.01	01:09:55.560	1.32046	1.32049			6
2025.08.01	01:09:55.864	1.32047	1.32050			6
2025.08.01	01:09:57.396	1.32046	1.32051			6
2025.08.01	01:09:58.319	1.32047				2
2025.08.01	01:09:59.243		1.32050			4
2025.08.01	01:10:00.164	1.32043	1.32051			6
2025.08.01	01:10:02.011		1.32050			4
2025.08.01	01:10:03.865	1.32044				2
2025.08.01	01:10:04.177	1.32043				2
2025.08.01	01:10:10.378	1.32044				2
2025.08.01	01:10:11.312	1.32045				2
2025.08.01	01:10:12.241	1.32044				2
2025.08.01	01:10:12.545	1.32043				2
2025.08.01	01:10:15.327	1.32044				2
2025.08.01	01:10:16.244	1.32045				2
2025.08.01	01:10:17.175	1.32046				2
2025.08.01	01:10:19.331	1.32047				2
2025.08.01	01:10:25.171	1.32046	1.32049			6
2025.08.01	01:10:43.171	1.32047	1.32050			6
2025.08.01	01:11:00.023	1.32047				2
2025.08.01	01:11:05.241	1.32046	1.32049			6
2025.08.01	01:11:06.150	1.32043	1.32050			6
2025.08.01	01:11:16.058	1.32044				2
2025.08.01	01:11:17.296	1.32043				2
2025.08.01	01:11:18.533		1.32051			4
2025.08.01	01:11:19.154	1.32044				2
2025.08.01	01:11:20.395	1.32045				2
2025.08.01	01:11:21.323	1.32046				2
2025.08.01	01:11:22.260		1.32050			4
2025.08.01	01:11:23.180	1.32047				2
2025.08.01	01:11:25.924	1.32046	1.32049			6
2025.08.01	01:11:26.230	1.32047	1.32050			6
2025.08.01	01:11:26.845	1.32041	1.32044			6
2025.08.01	01:11:27.149	1.32040	1.32043			6
2025.08.01	01:11:28.393	1.32036	1.32047			6
2025.08.01	01:11:33.359	1.32038				2
2025.08.01	01:11:35.218		1.32046			4
2025.08.01	01:11:35.839	1.32039	1.32047			6
2025.08.01	01:11:36.148	1.32040				2
2025.08.01	01:11:38.016	1.32039				2
2025.08.01	01:11:38.325	1.32040				2
2025.08.01	01:11:38.633	1.32039	1.32046			6
2025.08.01	01:11:39.249	1.32040				2
2025.08.01	01:11:40.179	1.32041				2
2025.08.01	01:11:42.310	1.32042				2
2025.08.01	01:11:45.073	1.32041	1.32045			6
2025.08.01	01:11:45.380	1.32042				2
2025.08.01	01:11:50.249	1.32040	1.32043			6
2025.08.01	01:11:54.830	1.32041	1.32044			6
2025.08.01	01:11:56.347	1.32042	1.32045			6
2025.08.01	01:12:00.002	1.32042				2
2025.08.01	01:12:05.802	1.32043	1.32046			6
2025.08.01	01:12:10.382	1.32042	1.32045			6
2025.08.01	01:12:21.115	1.32041	1.32044			6
2025.08.01	01:12:25.406	1.32042	1.32045			6
2025.08.01	01:12:30.578	1.32041	1.32044			6
2025.08.01	01:12:34.246	1.32043	1.32046			6
2025.08.01	01:12:35.162	1.32042	1.32045			6
2025.08.01	01:12:45.876	1.32043	1.32046			6
2025.08.01	01:12:46.185	1.32042	1.32045			6
2025.08.01	01:12:48.951	1.32043	1.32046			6
2025.08.01	01:13:00.257	1.32043				2
2025.08.01	01:13:03.331	1.32044	1.32047			6
2025.08.01	01:13:04.241		1.32048			4
2025.08.01	01:13:07.334		1.32047			4
2025.08.01	01:13:36.302	1.32043	1.32046			6
2025.08.01	01:13:37.230		1.32047			4
2025.08.01	01:13:38.163	1.32042				2
2025.08.01	01:13:40.327	1.32043				2
2025.08.01	01:13:42.183		1.32048			4
2025.08.01	01:13:43.112		1.32047			4
2025.08.01	01:13:45.280	1.32044				2
2025.08.01	01:13:49.602	1.32046	1.32048			6
2025.08.01	01:13:49.916	1.32044	1.32047			6
2025.08.01	01:13:50.221	1.32046	1.32048			6
2025.08.01	01:13:51.147	1.32041				2
2025.08.01	01:13:51.463	1.32040				2
2025.08.01	01:13:55.190	1.32041				2
2025.08.01	01:13:56.111	1.32043				2
2025.08.01	01:13:59.529	1.32044				2
2025.08.01	01:14:00.151	1.32045				2
2025.08.01	01:14:00.452	1.32044				2
2025.08.01	01:14:02.942	1.32043				2
2025.08.01	01:14:05.119	1.32044				2
2025.08.01	01:14:05.736	1.32045				2
2025.08.01	01:14:06.358	1.32046				2
2025.08.01	01:14:07.286	1.32045				2
2025.08.01	01:14:08.213	1.32046				2
2025.08.01	01:14:09.142	1.32045				2
2025.08.01	01:14:10.378	1.32046				2
2025.08.01	01:14:10.686	1.32047				2
2025.08.01	01:14:11.309	1.32046				2
2025.08.01	01:14:11.617	1.32045				2
2025.08.01	01:14:12.237	1.32043				2
2025.08.01	01:14:12.545	1.32042				2
2025.08.01	01:14:12.853	1.32041				2
2025.08.01	01:14:14.401	1.32040				2
2025.08.01	01:14:15.329	1.32041				2
2025.08.01	01:14:16.262	1.32042				2
2025.08.01	01:14:18.119	1.32043				2
2025.08.01	01:14:20.290	1.32044				2
2025.08.01	01:14:20.595	1.32043	1.32047			6
2025.08.01	01:14:20.898	1.32044	1.32048			6
2025.08.01	01:14:22.127	1.32042				2
2025.08.01	01:14:23.362	1.32043				2
2025.08.01	01:14:24.286	1.32044				2
2025.08.01	01:14:26.144	1.32045				2
2025.08.01	01:14:40.786	1.32043	1.32046			6
2025.08.01	01:14:41.087	1.32044	1.32047			6
2025.08.01	01:14:46.273	1.32045	1.32048			6
2025.08.01	01:14:46.579	1.32044	1.32047			6
2025.08.01	01:14:51.451	1.32045	1.32048			6
2025.08.01	01:14:52.378	1.32044	1.32047			6
2025.08.01	01:14:53.293	1.32042	1.32048			6
2025.08.01	01:14:54.230	1.32044				2
2025.08.01	01:14:55.470	1.32043				2
2025.08.01	01:14:57.329	1.32044				2
2025.08.01	01:14:58.263		1.32047			4
2025.08.01	01:15:00.090	1.32044				2
2025.08.01	01:15:00.394	1.32046	1.32048			6
2025.08.01	01:15:01.301	1.32042				2
2025.08.01	01:15:03.148	1.32041				2
2025.08.01	01:15:04.393	1.32042				2
2025.08.01	01:15:04.702	1.32041				2
2025.08.01	01:15:05.320	1.32042				2
2025.08.01	01:15:05.934	1.32043				2
2025.08.01	01:15:06.241	1.32044				2
2025.08.01	01:15:07.488	1.32045				2
2025.08.01	01:15:07.795	1.32044				2
2025.08.01	01:15:08.108	1.32045				2
2025.08.01	01:15:10.252	1.32046				2
2025.08.01	01:15:10.558	1.32045				2
2025.08.01	01:15:10.870	1.32046				2
2025.08.01	01:15:12.088	1.32044				2
2025.08.01	01:15:12.703	1.32045				2
2025.08.01	01:15:13.017	1.32044				2
2025.08.01	01:15:13.324	1.32045				2
2025.08.01	01:15:13.634	1.32046				2
2025.08.01	01:15:17.600	1.32045				2
2025.08.01	01:15:28.612	1.32044	1.32047			6
2025.08.01	01:15:31.058	1.32045	1.32048			6
2025.08.01	01:15:31.364	1.32044	1.32047			6
2025.08.01	01:15:35.014	1.32045	1.32048			6
2025.08.01	01:15:35.629	1.32044	1.32047			6
2025.08.01	01:15:35.930	1.32045	1.32048			6
2025.08.01	01:15:36.235	1.32044	1.32047			6
2025.08.01	01:15:37.447	1.32045	1.32048			6
2025.08.01	01:15:37.748	1.32044	1.32047			6
2025.08.01	01:15:38.352	1.32045	1.32048			6
2025.08.01	01:15:38.660	1.32044	1.32047			6
2025.08.01	01:15:38.961	1.32045	1.32048			6
2025.08.01	01:15:39.263	1.32044	1.32047			6
2025.08.01	01:15:43.829	1.32045	1.32048			6
2025.08.01	01:15:44.134	1.32044	1.32047			6
2025.08.01	01:15:50.257	1.32045	1.32048			6
2025.08.01	01:15:50.563	1.32044	1.32047			6
2025.08.01	01:15:51.488	1.32045	1.32048			6
2025.08.01	01:15:53.936	1.32044	1.32047			6
2025.08.01	01:15:54.242	1.32045	1.32048			6
2025.08.01	01:15:55.151	1.32044	1.32047			6
2025.08.01	01:15:55.453	1.32045	1.32048			6
2025.08.01	01:15:56.975	1.32044	1.32047			6
2025.08.01	01:15:57.284	1.32045	1.32048			6
2025.08.01	01:15:58.219	1.32044				2
2025.08.01	01:15:59.136	1.32045				2
2025.08.01	01:15:59.455	1.32044	1.32047			6
2025.08.01	01:15:59.757	1.32045	1.32048			6
2025.08.01	01:16:00.068	1.32044	1.32047			6
2025.08.01	01:16:01.284		1.32048			4
2025.08.01	01:16:02.209		1.32047			4
2025.08.01	01:16:03.747	1.32043	1.32046			6
2025.08.01	01:16:04.361	1.32041	1.32049			6
2025.08.01	01:16:04.669	1.32042				2
2025.08.01	01:16:05.282	1.32040				2
2025.08.01	01:16:06.530	1.32039				2
2025.08.01	01:16:06.835	1.32040				2
2025.08.01	01:16:08.384	1.32041				2
2025.08.01	01:16:09.316	1.32042				2
2025.08.01	01:16:09.944	1.32041				2
2025.08.01	01:16:10.246	1.32042				2
2025.08.01	01:16:11.175	1.32041				2
2025.08.01	01:16:13.968	1.32040				2
2025.08.01	01:16:14.282	1.32042				2
2025.08.01	01:16:15.218	1.32043				2
2025.08.01	01:16:16.146	1.32044	1.32048			6
2025.08.01	01:16:17.384		1.32047			4
2025.08.01	01:16:34.229	1.32043	1.32048			6
2025.08.01	01:16:35.156		1.32049			4
2025.08.01	01:16:36.395	1.32044	1.32048			6
2025.08.01	01:16:37.324	1.32043	1.32049			6
2025.08.01	01:16:38.269	1.32044	1.32048			6
2025.08.01	01:16:39.199		1.32047			4
2025.08.01	01:16:41.352		1.32048			4
2025.08.01	01:16:42.276	1.32043				2
2025.08.01	01:16:43.190	1.32044				2
2025.08.01	01:16:44.134		1.32047			4
2025.08.01	01:16:47.203	1.32043	1.32048			6
2025.08.01	01:16:48.123	1.32041	1.32049			6
2025.08.01	01:16:48.747	1.32042				2
2025.08.01	01:16:49.060	1.32041				2
2025.08.01	01:16:49.371	1.32043	1.32048			6
2025.08.01	01:16:50.297	1.32042	1.32049			6
2025.08.01	01:16:50.615	1.32041				2
2025.08.01	01:16:51.231	1.32040				2
2025.08.01	01:16:51.544	1.32041				2
2025.08.01	01:16:51.856	1.32040				2
2025.08.01	01:16:52.174	1.32042				2
2025.08.01	01:16:53.099	1.32043				2
2025.08.01	01:16:53.409	1.32041				2
2025.08.01	01:16:53.717	1.32042				2
2025.08.01	01:16:54.334	1.32041				2
2025.08.01	01:16:55.262	1.32040				2
2025.08.01	01:16:57.127	1.32041				2
2025.08.01	01:16:58.376	1.32042				2
2025.08.01	01:16:58.681	1.32043				2
2025.08.01	01:16:58.996	1.32042				2
2025.08.01	01:16:59.305	1.32044	1.32048			6
2025.08.01	01:17:00.221	1.32044	1.32047			6
2025.08.01	01:17:01.148		1.32049			4
2025.08.01	01:17:01.463	1.32043	1.32048			6
2025.08.01	01:17:02.392	1.32044	1.32047			6
2025.08.01	01:17:06.357		1.32048			4
2025.08.01	01:17:07.290		1.32047			4
2025.08.01	01:17:13.742	1.32043	1.32046			6
2025.08.01	01:17:14.047	1.32044	1.32047			6
2025.08.01	01:17:14.350	1.32045	1.32048			6
2025.08.01	01:17:14.651	1.32044	1.32047			6
2025.08.01	01:17:17.093	1.32045	1.32048			6
2025.08.01	01:17:18.326	1.32044	1.32047			6
2025.08.01	01:17:18.627	1.32045	1.32048			6
2025.08.01	01:17:19.844	1.32044	1.32047			6
2025.08.01	01:17:20.451	1.32045	1.32048			6
2025.08.01	01:17:20.754	1.32044	1.32047			6
2025.08.01	01:17:21.357	1.32045	1.32048			6
2025.08.01	01:17:21.662	1.32044	1.32047			6
2025.08.01	01:17:26.234	1.32043	1.32046			6
2025.08.01	01:17:26.548	1.32044	1.32047			6
2025.08.01	01:17:29.605	1.32045	1.32048			6
2025.08.01	01:17:29.912	1.32044	1.32047			6
2025.08.01	01:17:30.224		1.32048			4
2025.08.01	01:17:30.835	1.32043	1.32047			6
2025.08.01	01:17:31.160	1.32041	1.32049			6
2025.08.01	01:17:32.085	1.32042	1.32050			6
2025.08.01	01:17:32.393	1.32043	1.32048			6
2025.08.01	01:17:33.317	1.32041	1.32049			6
2025.08.01	01:17:34.245	1.32040				2
2025.08.01	01:17:34.552	1.32041	1.32050			6
2025.08.01	01:17:35.172	1.32040	1.32046			6
2025.08.01	01:17:35.476	1.32036				2
2025.08.01	01:17:35.787	1.32037	1.32047			6
2025.08.01	01:17:36.712		1.32046			4
2025.08.01	01:17:37.014	1.32036				2
2025.08.01	01:17:38.251	1.32037				2
2025.08.01	01:17:39.494	1.32036	1.32044			6
2025.08.01	01:17:40.105		1.32042			4
2025.08.01	01:17:40.722		1.32044			4
2025.08.01	01:17:45.049		1.32043			4
2025.08.01	01:17:45.355		1.32044			4
2025.08.01	01:17:45.656	1.32035				2
2025.08.01	01:17:46.291	1.32036				2
2025.08.01	01:17:47.226		1.32043			4
2025.08.01	01:17:47.857	1.32037	1.32044			6
2025.08.01	01:17:49.413		1.32043			4
2025.08.01	01:17:50.334	1.32038				2
2025.08.01	01:17:51.260		1.32042			4
2025.08.01	01:17:54.329		1.32041			4
2025.08.01	01:17:54.938	1.32039	1.32042			6
2025.08.01	01:17:59.237	1.32038	1.32041			6
2025.08.01	01:18:00.163	1.32039	1.32042			6
2025.08.01	01:18:01.091	1.32038	1.32041			6
2025.08.01	01:18:03.834	1.32039	1.32042			6
2025.08.01	01:18:05.376	1.32038	1.32041			6
2025.08.01	01:18:06.298	1.32039	1.32042			6
2025.08.01	01:18:06.604	1.32038	1.32041			6
2025.08.01	01:18:06.910	1.32039	1.32042			6
2025.08.01	01:18:07.216	1.32038	1.32041			6
2025.08.01	01:18:25.281	1.32039	1.32042			6
2025.08.01	01:18:25.591	1.32041	1.32044			6
2025.08.01	01:18:25.892	1.32040	1.32043			6
2025.08.01	01:18:26.198	1.32041	1.32044			6
2025.08.01	01:18:27.109	1.32038	1.32046			6
2025.08.01	01:18:28.039		1.32047			4
2025.08.01	01:18:28.341	1.32039				2
2025.08.01	01:18:29.268	1.32040				2
2025.08.01	01:18:30.201		1.32046			4
2025.08.01	01:18:31.146	1.32041				2
2025.08.01	01:18:32.378	1.32042				2
2025.08.01	01:18:33.948	1.32041	1.32045			6
2025.08.01	01:18:34.255	1.32042				2
2025.08.01	01:18:35.180	1.32041				2
2025.08.01	01:18:36.106	1.32042				2
2025.08.01	01:18:38.548	1.32043	1.32046			6
2025.08.01	01:18:39.455	1.32042	1.32045			6
2025.08.01	01:18:56.565	1.32043	1.32046			6
2025.08.01	01:19:00.200	1.32046	1.32049			6
2025.08.01	01:19:00.504	1.32042	1.32045			6
2025.08.01	01:19:04.158	1.32043	1.32046			6
2025.08.01	01:19:05.076	1.32046	1.32048			6
2025.08.01	01:19:06.303	1.32044	1.32052			6
2025.08.01	01:19:06.612	1.32045				2
2025.08.01	01:19:11.277		1.32051			4
2025.08.01	01:19:12.207		1.32050			4
2025.08.01	01:19:14.386		1.32049			4
2025.08.01	01:19:15.309	1.32046				2
2025.08.01	01:19:27.231	1.32050	1.32053			6
2025.08.01	01:19:27.846	1.32051	1.32054			6
2025.08.01	01:19:28.158	1.32047	1.32059			6
2025.08.01	01:19:34.308		1.32058			4
2025.08.01	01:19:35.229	1.32048				2
2025.08.01	01:19:35.851	1.32049	1.32059			6
2025.08.01	01:19:36.160		1.32057			4
2025.08.01	01:19:37.393		1.32056			4
2025.08.01	01:19:38.308	1.32050				2
2025.08.01	01:19:39.229		1.32055			4
2025.08.01	01:19:40.164	1.32051				2
2025.08.01	01:19:42.320		1.32054			4
2025.08.01	01:20:00.052	1.32051				2
2025.08.01	01:20:00.360	1.32052	1.32055			6
2025.08.01	01:20:00.669	1.32053	1.32056			6
2025.08.01	01:20:01.590	1.32052	1.32055			6
2025.08.01	01:20:05.241	1.32053	1.32056			6
2025.08.01	01:20:05.550	1.32052	1.32055			6
2025.08.01	01:20:10.138	1.32053	1.32056			6
2025.08.01	01:20:10.443	1.32052	1.32055			6
2025.08.01	01:20:16.871	1.32053	1.32056			6
2025.08.01	01:20:17.177	1.32052	1.32055			6
2025.08.01	01:20:17.790	1.32053	1.32056			6
2025.08.01	01:20:18.100	1.32052	1.32055			6
2025.08.01	01:20:18.412	1.32053	1.32056			6
2025.08.01	01:20:19.321	1.32052	1.32055			6
2025.08.01	01:20:19.623	1.32054	1.32057			6
2025.08.01	01:20:20.542	1.32055	1.32058			6
2025.08.01	01:20:21.458	1.32054	1.32057			6
2025.08.01	01:20:24.512	1.32056	1.32059			6
2025.08.01	01:20:25.125	1.32054	1.32060			6
2025.08.01	01:20:25.439	1.32055	1.32061			6
2025.08.01	01:20:25.743	1.32054				2
2025.08.01	01:20:26.358	1.32056				2
2025.08.01	01:20:27.294	1.32055				2
2025.08.01	01:20:27.604	1.32056	1.32062			6
2025.08.01	01:20:28.232	1.32057	1.32061			6
2025.08.01	01:20:29.162	1.32056	1.32060			6
2025.08.01	01:20:29.468	1.32057	1.32061			6
2025.08.01	01:20:30.106		1.32060			4
2025.08.01	01:20:30.410	1.32052	1.32055			6
2025.08.01	01:20:30.717	1.32053	1.32056			6
2025.08.01	01:20:31.329	1.32048	1.32059			6
2025.08.01	01:20:34.119	1.32050	1.32061			6
2025.08.01	01:20:34.421		1.32060			4
2025.08.01	01:20:38.130	1.32051				2
2025.08.01	01:20:40.305	1.32052				2
2025.08.01	01:20:40.924	1.32053				2
2025.08.01	01:20:42.160	1.32054				2
2025.08.01	01:20:43.395		1.32059			4
2025.08.01	01:20:44.320	1.32055				2
2025.08.01	01:20:45.247		1.32058			4
2025.08.01	01:20:46.155	1.32056	1.32059			6
2025.08.01	01:20:46.458	1.32057	1.32060			6
2025.08.01	01:20:46.769	1.32056	1.32059			6
2025.08.01	01:20:51.330	1.32055	1.32056			6
2025.08.01	01:20:51.638	1.32057	1.32060			6
2025.08.01	01:20:51.945	1.32056	1.32057			6
2025.08.01	01:20:52.250	1.32057	1.32060			6
2025.08.01	01:20:52.550	1.32056	1.32057			6
2025.08.01	01:20:52.858	1.32061	1.32062			6
2025.08.01	01:20:53.162	1.32058	1.32060			6
2025.08.01	01:20:53.463	1.32061	1.32062			6
2025.08.01	01:20:54.077	1.32058	1.32060			6
2025.08.01	01:20:54.384	1.32061	1.32062			6
2025.08.01	01:20:54.692	1.32058	1.32060			6
2025.08.01	01:20:54.993	1.32061	1.32062			6
2025.08.01	01:20:55.295	1.32059				2
2025.08.01	01:20:55.600	1.32058	1.32061			6
2025.08.01	01:20:58.658	1.32059	1.32062			6
2025.08.01	01:20:58.971	1.32058	1.32061			6
2025.08.01	01:21:00.182	1.32058				2
2025.08.01	01:21:08.744	1.32060	1.32063			6
2025.08.01	01:21:09.049	1.32058	1.32061			6
2025.08.01	01:21:16.384	1.32062	1.32065			6
2025.08.01	01:21:16.685	1.32061	1.32064			6
2025.08.01	01:21:16.990	1.32062	1.32065			6
2025.08.01	01:21:17.291	1.32058	1.32069			6
2025.08.01	01:21:17.597		1.32068			4
2025.08.01	01:21:17.904		1.32069			4
2025.08.01	01:21:18.210		1.32068			4
2025.08.01	01:21:19.134	1.32059				2
2025.08.01	01:21:20.360		1.32067			4
2025.08.01	01:21:20.667	1.32060	1.32068			6
2025.08.01	01:21:21.293	1.32061	1.32067			6
2025.08.01	01:21:22.227		1.32066			4
2025.08.01	01:21:22.540	1.32060	1.32065			6
2025.08.01	01:21:22.847	1.32061	1.32066			6
2025.08.01	01:21:23.153	1.32062				2
2025.08.01	01:21:23.770	1.32061	1.32065			6
2025.08.01	01:21:26.256		1.32064			4
2025.08.01	01:21:28.713	1.32062	1.32065			6
2025.08.01	01:21:29.015	1.32061	1.32064			6
2025.08.01	01:21:31.163	1.32059	1.32062			6
2025.08.01	01:21:31.473	1.32057	1.32060			6
2025.08.01	01:21:32.392	1.32056	1.32063			6
2025.08.01	01:21:32.699		1.32062			4
2025.08.01	01:21:35.475	1.32055	1.32063			6
2025.08.01	01:21:37.642		1.32062			4
2025.08.01	01:21:38.590	1.32056				2
2025.08.01	01:21:38.892	1.32054	1.32061			6
2025.08.01	01:21:39.822		1.32062			4
2025.08.01	01:21:40.438	1.32053	1.32061			6
2025.08.01	01:21:40.742	1.32052	1.32059			6
2025.08.01	01:21:41.350	1.32053	1.32062			6
2025.08.01	01:21:43.233	1.32052	1.32061			6
2025.08.01	01:21:44.185		1.32060			4
2025.08.01	01:21:45.117		1.32059			4
2025.08.01	01:21:46.356	1.32053				2
2025.08.01	01:21:47.288	1.32054	1.32058			6
2025.08.01	01:21:47.891	1.32053	1.32057			6
2025.08.01	01:21:48.198	1.32054				2
2025.08.01	01:21:50.641	1.32053	1.32056			6
2025.08.01	01:21:51.870	1.32051	1.32054			6
2025.08.01	01:21:52.175	1.32053	1.32056			6
2025.08.01	01:21:52.785	1.32052	1.32055			6
2025.08.01	01:21:53.088	1.32051	1.32058			6
2025.08.01	01:21:54.320	1.32052				2
2025.08.01	01:21:55.253	1.32053				2
2025.08.01	01:21:56.203		1.32057			4
2025.08.01	01:21:57.132		1.32056			4
2025.08.01	01:21:58.355	1.32054	1.32057			6
2025.08.01	01:21:59.283	1.32053	1.32056			6
2025.08.01	01:21:59.892	1.32054	1.32057			6
2025.08.01	01:22:00.196	1.32055	1.32058			6
2025.08.01	01:22:00.497	1.32054	1.32057			6
2025.08.01	01:22:09.972	1.32049	1.32052			6
2025.08.01	01:22:10.276	1.32045				2
2025.08.01	01:22:19.215	1.32046				2
2025.08.01	01:22:19.529	1.32045	1.32051			6
2025.08.01	01:22:19.835	1.32046	1.32052			6
2025.08.01	01:22:20.147		1.32050			4
2025.08.01	01:22:20.449	1.32047	1.32051			6
2025.08.01	01:22:22.285		1.32050			4
2025.08.01	01:22:29.876	1.32048	1.32051			6
2025.08.01	01:22:30.185	1.32047	1.32050			6
2025.08.01	01:22:31.097	1.32048	1.32051			6
2025.08.01	01:22:31.399	1.32047	1.32050			6
2025.08.01	01:22:39.945	1.32046	1.32049			6
2025.08.01	01:22:40.549	1.32047	1.32050			6
2025.08.01	01:22:40.854	1.32046	1.32049			6
2025.08.01	01:22:42.075	1.32047	1.32050			6
2025.08.01	01:22:56.135	1.32046	1.32049			6
2025.08.01	01:23:00.118	1.32046				2
2025.08.01	01:23:02.581	1.32044	1.32047			6
2025.08.01	01:23:16.991	1.32046	1.32049			6
2025.08.01	01:23:18.222	1.32044	1.32051			6
2025.08.01	01:23:20.396	1.32045				2
2025.08.01	01:23:21.339		1.32050			4
2025.08.01	01:23:22.275	1.32046				2
2025.08.01	01:23:23.830	1.32044	1.32048			6
2025.08.01	01:23:24.150	1.32045				2
2025.08.01	01:23:25.374	1.32042	1.32050			6
2025.08.01	01:23:26.310		1.32049			4
2025.08.01	01:23:27.236	1.32043				2
2025.08.01	01:23:28.164		1.32048			4
2025.08.01	01:23:29.402		1.32047			4
2025.08.01	01:23:30.018	1.32044	1.32048			6
2025.08.01	01:23:30.629	1.32043	1.32047			6
2025.08.01	01:23:32.181	1.32042				2
2025.08.01	01:23:32.791	1.32043	1.32048			6
2025.08.01	01:23:33.106		1.32047			4
2025.08.01	01:23:34.339		1.32046			4
2025.08.01	01:23:34.947	1.32044	1.32047			6
2025.08.01	01:23:49.937	1.32046	1.32049			6
2025.08.01	01:23:50.546	1.32045	1.32048			6
2025.08.01	01:23:51.159	1.32043	1.32050			6
2025.08.01	01:23:52.073	1.32041	1.32051			6
2025.08.01	01:23:57.646	1.32042				2
2025.08.01	01:23:58.272		1.32050			4
2025.08.01	01:23:59.201	1.32043	1.32049			6
2025.08.01	01:24:00.129	1.32044	1.32048			6
2025.08.01	01:24:00.433	1.32046	1.32050			6
2025.08.01	01:24:01.369	1.32044	1.32051			6
2025.08.01	01:24:06.312		1.32050			4
2025.08.01	01:24:07.242	1.32045	1.32049			6
2025.08.01	01:24:08.157	1.32046				2
2025.08.01	01:24:12.732	1.32044	1.32047			6
2025.08.01	01:24:14.259		1.32051			4
2025.08.01	01:24:16.770		1.32052			4
2025.08.01	01:24:21.127		1.32050			4
2025.08.01	01:24:22.370	1.32045	1.32049			6
2025.08.01	01:24:23.295	1.32046				2
2025.08.01	01:24:30.925	1.32045	1.32048			6
2025.08.01	01:24:32.152	1.32046	1.32049			6
2025.08.01	01:24:32.760	1.32045	1.32048			6
2025.08.01	01:24:33.671	1.32046	1.32049			6
2025.08.01	01:24:38.540	1.32045	1.32048			6
2025.08.01	01:24:42.218	1.32046	1.32049			6
2025.08.01	01:24:48.012	1.32045	1.32048			6
2025.08.01	01:24:52.935	1.32047	1.32050			6
2025.08.01	01:24:53.244	1.32046	1.32049			6
2025.08.01	01:25:00.295	1.32046				2
2025.08.01	01:25:14.316	1.32047	1.32050			6
2025.08.01	01:25:15.224	1.32045	1.32052			6
2025.08.01	01:25:17.388	1.32046	1.32051			6
2025.08.01	01:25:18.317	1.32047				2
2025.08.01	01:25:20.170		1.32050			4
2025.08.01	01:25:20.479	1.32048	1.32051			6
2025.08.01	01:25:20.789	1.32047	1.32050			6
2025.08.01	01:25:21.099	1.32048	1.32051			6
2025.08.01	01:25:21.403	1.32047	1.32050			6
2025.08.01	01:25:43.694	1.32048	1.32051			6
2025.08.01	01:25:43.999	1.32047	1.32050			6
2025.08.01	01:25:44.306	1.32045	1.32052			6
2025.08.01	01:25:48.680	1.32044				2
2025.08.01	01:25:49.614	1.32045				2
2025.08.01	01:25:51.793	1.32044				2
2025.08.01	01:25:53.348	1.32045				2
2025.08.01	01:25:53.666	1.32044				2
2025.08.01	01:25:54.602	1.32045				2
2025.08.01	01:25:56.170	1.32046				2
2025.08.01	01:25:57.101		1.32051			4
2025.08.01	01:25:58.356	1.32047				2
2025.08.01	01:25:59.279		1.32050			4
2025.08.01	01:26:00.192	1.32046	1.32047			6
2025.08.01	01:26:00.496		1.32049			4
2025.08.01	01:26:00.800	1.32045	1.32046			6
2025.08.01	01:26:01.112	1.32043				2
2025.08.01	01:26:01.418	1.32044	1.32050			6
2025.08.01	01:26:02.034	1.32050	1.32052			6
2025.08.01	01:26:02.354	1.32044	1.32050			6
2025.08.01	01:26:02.657	1.32050	1.32052			6
2025.08.01	01:26:02.962	1.32044	1.32050			6
2025.08.01	01:26:03.281	1.32050	1.32052			6
2025.08.01	01:26:03.582	1.32044	1.32050			6
2025.08.01	01:26:04.199	1.32043	1.32052			6
2025.08.01	01:26:06.369	1.32044				2
2025.08.01	01:26:07.289	1.32045				2
2025.08.01	01:26:09.152	1.32046	1.32051			6
2025.08.01	01:26:10.391	1.32047				2
2025.08.01	01:26:11.314		1.32050			4
2025.08.01	01:26:23.272	1.32045	1.32048			6
2025.08.01	01:26:23.885	1.32047	1.32050			6
2025.08.01	01:26:24.190	1.32045	1.32052			6
2025.08.01	01:26:25.115	1.32044				2
2025.08.01	01:26:30.384	1.32045				2
2025.08.01	01:26:31.312	1.32046	1.32051			6
2025.08.01	01:26:32.242	1.32047				2
2025.08.01	01:26:33.165		1.32050			4
2025.08.01	01:27:00.030	1.32047				2
2025.08.01	01:27:19.875	1.32048	1.32051			6
2025.08.01	01:27:20.182	1.32047	1.32052			6
2025.08.01	01:27:21.105	1.32045				2
2025.08.01	01:27:26.376	1.32046				2
2025.08.01	01:27:27.307		1.32051			4
2025.08.01	01:27:27.617	1.32055	1.32059			6
2025.08.01	01:27:27.925	1.32054				2
2025.08.01	01:27:28.233	1.32055	1.32062			6
2025.08.01	01:27:30.705	1.32056				2
2025.08.01	01:27:31.013	1.32055				2
2025.08.01	01:27:35.342		1.32061			4
2025.08.01	01:27:35.655	1.32056				2
2025.08.01	01:27:35.959	1.32055				2
2025.08.01	01:27:37.199		1.32060			4
2025.08.01	01:27:37.815	1.32056				2
2025.08.01	01:27:38.122	1.32055				2
2025.08.01	01:27:40.278		1.32059			4
2025.08.01	01:27:44.267		1.32058			4
2025.08.01	01:27:51.615	1.32057	1.32060			6
2025.08.01	01:27:53.446	1.32056	1.32059			6
2025.08.01	01:27:54.357	1.32057	1.32060			6
2025.08.01	01:27:55.271	1.32056	1.32059			6
2025.08.01	01:27:56.179	1.32055				2
2025.08.01	01:27:58.318	1.32056				2
2025.08.01	01:28:00.164	1.32056				2
2025.08.01	01:28:20.663	1.32061	1.32064			6
2025.08.01	01:28:22.196	1.32057				2
2025.08.01	01:28:22.809	1.32058				2
2025.08.01	01:28:24.346	1.32059				2
2025.08.01	01:28:25.579	1.32060	1.32068			6
2025.08.01	01:28:26.200	1.32061	1.32067			6
2025.08.01	01:28:27.126		1.32066			4
2025.08.01	01:28:28.361	1.32062				2
2025.08.01	01:28:30.219		1.32065			4
2025.08.01	01:28:32.941	1.32063	1.32066			6
2025.08.01	01:28:42.445	1.32062	1.32065			6
2025.08.01	01:28:43.679	1.32054	1.32057			6
2025.08.01	01:28:43.981	1.32053	1.32056			6
2025.08.01	01:28:45.206	1.32050	1.32060			6
2025.08.01	01:28:51.094		1.32059			4
2025.08.01	01:28:53.255		1.32058			4
2025.08.01	01:28:54.179	1.32051	1.32057			6
2025.08.01	01:28:55.110	1.32052				2
2025.08.01	01:28:56.341		1.32056			4
2025.08.01	01:28:58.179	1.32053				2
2025.08.01	01:29:00.022	1.32053				2
2025.08.01	01:29:00.323	1.32054	1.32057			6
2025.08.01	01:29:00.627	1.32053	1.32056			6
2025.08.01	01:29:08.596	1.32054	1.32057			6
2025.08.01	01:29:14.081	1.32053	1.32056			6
2025.08.01	01:29:46.971	1.32054	1.32057			6
2025.08.01	01:29:47.287	1.32053	1.32056			6
2025.08.01	01:30:00.091	1.32053				2
2025.08.01	01:30:00.710	1.32054	1.32057			6
2025.08.01	01:30:01.323	1.32055	1.32058			6
2025.08.01	01:30:03.465	1.32054	1.32057			6
2025.08.01	01:30:11.217	1.32055	1.32058			6
2025.08.01	01:30:11.829	1.32056				2
2025.08.01	01:30:12.139	1.32055				2
2025.08.01	01:30:13.699	1.32054	1.32057			6
2025.08.01	01:30:14.005	1.32056				2
2025.08.01	01:30:14.312	1.32054				2
2025.08.01	01:30:14.620	1.32053	1.32056			6
2025.08.01	01:30:15.241	1.32052				2
2025.08.01	01:30:16.492	1.32053	1.32057			6
2025.08.01	01:30:17.721	1.32052	1.32056			6
2025.08.01	01:30:18.335	1.32053	1.32057			6
2025.08.01	01:30:19.259		1.32058			4
2025.08.01	01:30:20.190		1.32057			4
2025.08.01	01:30:22.035	1.32052	1.32056			6
2025.08.01	01:30:22.347	1.32053	1.32057			6
2025.08.01	01:30:23.275		1.32056			4
2025.08.01	01:30:43.750	1.32054	1.32057			6
2025.08.01	01:30:44.996	1.32053	1.32056			6
2025.08.01	01:30:45.619	1.32054	1.32057			6
2025.08.01	01:30:45.923	1.32053	1.32056			6
2025.08.01	01:30:47.166	1.32054	1.32057			6
2025.08.01	01:30:47.797	1.32053	1.32056			6
2025.08.01	01:30:58.949	1.32054	1.32057			6
2025.08.01	01:30:59.263	1.32053	1.32056			6
2025.08.01	01:31:00.184	1.32053				2
2025.08.01	01:31:10.109	1.32054	1.32057			6
2025.08.01	01:31:10.425	1.32053	1.32056			6
2025.08.01	01:31:22.782	1.32062	1.32063			6
2025.08.01	01:31:23.084	1.32065	1.32068			6
2025.08.01	01:31:23.397	1.32060	1.32070			6
2025.08.01	01:31:24.332	1.32062				2
2025.08.01	01:31:24.641	1.32061				2
2025.08.01	01:31:27.417	1.32062				2
2025.08.01	01:31:29.289	1.32061				2
2025.08.01	01:31:31.150	1.32062	1.32069			6
2025.08.01	01:31:32.075	1.32063	1.32070			6
2025.08.01	01:31:32.385		1.32069			4
2025.08.01	01:31:33.002	1.32064				2
2025.08.01	01:31:33.307	1.32069	1.32072			6
2025.08.01	01:31:33.933		1.32073			4
2025.08.01	01:31:34.248		1.32076			4
2025.08.01	01:31:34.557	1.32070	1.32077			6
2025.08.01	01:31:34.864	1.32071	1.32078			6
2025.08.01	01:31:35.180		1.32077			4
2025.08.01	01:31:37.326	1.32072				2
2025.08.01	01:31:39.176		1.32076			4
2025.08.01	01:31:42.241	1.32073				2
2025.08.01	01:31:59.055	1.32074	1.32077			6
2025.08.01	01:32:00.284	1.32074				2
2025.08.01	01:32:00.593	1.32073	1.32076			6
2025.08.01	01:32:00.894	1.32074	1.32077			6
2025.08.01	01:32:05.782	1.32073	1.32076			6
2025.08.01	01:32:18.927	1.32074	1.32077			6
2025.08.01	01:32:19.230	1.32073	1.32076			6
2025.08.01	01:32:20.761	1.32072	1.32075			6
2025.08.01	01:32:21.375	1.32073	1.32076			6
2025.08.01	01:32:42.465	1.32075				2
2025.08.01	01:32:42.773		1.32078			4
2025.08.01	01:32:44.629	1.32076				2
2025.08.01	01:32:44.951	1.32075				2
2025.08.01	01:32:49.286	1.32074	1.32077			6
2025.08.01	01:32:49.899	1.32075				2
2025.08.01	01:32:53.927		1.32078			4
2025.08.01	01:33:00.128	1.32075				2
2025.08.01	01:33:15.018		1.32077			4
2025.08.01	01:33:15.326	1.32077	1.32080			6
2025.08.01	01:33:15.633	1.32076	1.32079			6
2025.08.01	01:33:15.951	1.32077	1.32080			6
2025.08.01	01:33:16.563	1.32078	1.32081			6
2025.08.01	01:33:16.874	1.32077	1.32080			6
2025.08.01	01:33:17.183		1.32081			4
2025.08.01	01:33:18.114	1.32075	1.32080			6
2025.08.01	01:33:19.345		1.32081			4
2025.08.01	01:33:22.116	1.32076				2
2025.08.01	01:33:22.423	1.32077	1.32082			6
2025.08.01	01:33:23.359	1.32076				2
2025.08.01	01:33:24.283	1.32077				2
2025.08.01	01:33:24.594	1.32076				2
2025.08.01	01:33:25.212	1.32077				2
2025.08.01	01:33:25.522	1.32083	1.32088			6
2025.08.01	01:33:25.830	1.32085	1.32089			6
2025.08.01	01:33:26.136	1.32084				2
2025.08.01	01:33:26.759	1.32085				2
2025.08.01	01:33:27.076	1.32084				2
2025.08.01	01:33:27.390		1.32091			4
2025.08.01	01:33:35.126		1.32090			4
2025.08.01	01:33:37.290		1.32089			4
2025.08.01	01:33:39.147		1.32088			4
2025.08.01	01:33:40.675	1.32086	1.32090			6
2025.08.01	01:33:40.990	1.32084	1.32088			6
2025.08.01	01:33:41.291	1.32085				2
2025.08.01	01:33:47.131	1.32086	1.32089			6
2025.08.01	01:33:47.441	1.32085	1.32088			6
2025.08.01	01:34:00.268	1.32085				2
2025.08.01	01:34:02.422	1.32086	1.32089			6
2025.08.01	01:34:02.729	1.32085	1.32088			6
2025.08.01	01:34:03.036	1.32086	1.32089			6
2025.08.01	01:34:03.340	1.32085	1.32088			6
2025.08.01	01:34:07.310	1.32086	1.32089			6
2025.08.01	01:34:58.148	1.32085	1.32088			6
2025.08.01	01:34:58.449	1.32086	1.32089			6
2025.08.01	01:34:59.081	1.32085	1.32088			6
2025.08.01	01:34:59.387	1.32086	1.32089			6
2025.08.01	01:34:59.701	1.32085	1.32088			6
2025.08.01	01:35:00.008	1.32086	1.32089			6
2025.08.01	01:35:00.314	1.32085	1.32088			6
2025.08.01	01:35:01.561	1.32086	1.32089			6
2025.08.01	01:35:02.799	1.32085	1.32088			6
2025.08.01	01:35:03.113	1.32086	1.32089			6
2025.08.01	01:35:03.421	1.32085	1.32088			6
2025.08.01	01:35:03.728	1.32086	1.32089			6
2025.08.01	01:35:15.837	1.32085	1.32088			6
2025.08.01	01:35:16.767	1.32086	1.32089			6
2025.08.01	01:35:22.034	1.32085	1.32088			6
2025.08.01	01:35:22.967	1.32086	1.32089			6
2025.08.01	01:35:25.444	1.32085	1.32088			6
2025.08.01	01:35:26.056	1.32086	1.32089			6
2025.08.01	01:35:26.357	1.32085				2
2025.08.01	01:35:29.157		1.32090			4
2025.08.01	01:35:30.392		1.32089			4
2025.08.01	01:35:31.005	1.32086	1.32090			6
2025.08.01	01:35:31.316	1.32085				2
2025.08.01	01:35:32.245	1.32086				2
2025.08.01	01:35:35.110		1.32089			4
2025.08.01	01:35:36.034	1.32087	1.32090			6
2025.08.01	01:35:36.336	1.32086	1.32089			6
2025.08.01	01:35:36.648		1.32088			4
2025.08.01	01:35:37.283	1.32084	1.32087			6
2025.08.01	01:35:38.202	1.32083				2
2025.08.01	01:35:41.303	1.32084				2
2025.08.01	01:35:41.610	1.32083				2
2025.08.01	01:35:41.919	1.32076	1.32081			6
2025.08.01	01:35:42.219	1.32075				2
2025.08.01	01:35:47.144	1.32074				2
2025.08.01	01:35:47.458	1.32075				2
2025.08.01	01:35:48.379		1.32082			4
2025.08.01	01:35:48.695		1.32081			4
2025.08.01	01:35:54.230		1.32080			4
2025.08.01	01:35:55.148	1.32076				2
2025.08.01	01:35:58.228		1.32079			4
2025.08.01	01:36:00.056	1.32076				2
2025.08.01	01:36:00.973	1.32077	1.32080			6
2025.08.01	01:36:01.281	1.32078	1.32081			6
2025.08.01	01:36:01.588	1.32079	1.32082			6
2025.08.01	01:36:02.194	1.32078				2
2025.08.01	01:36:05.274	1.32079				2
2025.08.01	01:36:19.333	1.32077	1.32080			6
2025.08.01	01:36:23.614	1.32075	1.32078			6
2025.08.01	01:36:23.920	1.32073	1.32076			6
2025.08.01	01:36:24.228	1.32071	1.32078			6
2025.08.01	01:36:27.926	1.32070	1.32076			6
2025.08.01	01:36:28.228	1.32067	1.32072			6
2025.08.01	01:36:29.167	1.32066				2
2025.08.01	01:36:33.192	1.32067				2
2025.08.01	01:36:35.357	1.32068				2
2025.08.01	01:36:37.205	1.32069				2
2025.08.01	01:36:38.129	1.32067	1.32070			6
2025.08.01	01:36:39.349		1.32071			4
2025.08.01	01:36:41.197		1.32070			4
2025.08.01	01:37:00.131	1.32067				2
2025.08.01	01:37:12.981	1.32068	1.32071			6
2025.08.01	01:37:41.410	1.32065	1.32068			6
2025.08.01	01:37:43.265		1.32071			4
2025.08.01	01:37:49.133		1.32070			4
2025.08.01	01:37:50.059	1.32064				2
2025.08.01	01:37:51.292		1.32069			4
2025.08.01	01:37:52.222	1.32065				2
2025.08.01	01:37:56.209		1.32068			4
2025.08.01	01:37:59.574	1.32066	1.32069			6
2025.08.01	01:38:00.179	1.32066				2
2025.08.01	01:38:01.104	1.32065	1.32068			6
2025.08.01	01:38:01.408	1.32066	1.32069			6
2025.08.01	01:38:08.399	1.32065	1.32068			6
2025.08.01	01:38:20.661	1.32066	1.32069			6
2025.08.01	01:38:23.412	1.32068	1.32071			6
2025.08.01	01:38:24.333	1.32066	1.32072			6
2025.08.01	01:38:25.569	1.32065				2
2025.08.01	01:38:26.492	1.32066				2
2025.08.01	01:38:30.515	1.32067				2
2025.08.01	01:38:30.828	1.32066				2
2025.08.01	01:38:31.450	1.32067				2
2025.08.01	01:38:31.759	1.32066				2
2025.08.01	01:38:33.314	1.32067				2
2025.08.01	01:38:34.243		1.32071			4
2025.08.01	01:38:35.170	1.32068				2
2025.08.01	01:38:35.482	1.32071	1.32074			6
2025.08.01	01:38:36.096	1.32070				2
2025.08.01	01:38:36.706	1.32072				2
2025.08.01	01:38:37.011	1.32070				2
2025.08.01	01:38:37.317	1.32068				2
2025.08.01	01:38:37.933	1.32074	1.32079			6
2025.08.01	01:38:42.568		1.32080			4
2025.08.01	01:38:48.104		1.32079			4
2025.08.01	01:38:50.258		1.32078			4
2025.08.01	01:38:51.784	1.32075				2
2025.08.01	01:38:52.087	1.32076	1.32080			6
2025.08.01	01:38:52.389	1.32077				2
2025.08.01	01:38:53.304	1.32076	1.32081			6
2025.08.01	01:38:54.216	1.32078	1.32082			6
2025.08.01	01:38:54.517	1.32077	1.32081			6
2025.08.01	01:38:57.271	1.32078				2
2025.08.01	01:39:00.030	1.32078				2
2025.08.01	01:39:18.670	1.32077	1.32079			6
2025.08.01	01:39:18.973	1.32074	1.32077			6
2025.08.01	01:39:19.281		1.32076			4
2025.08.01	01:39:19.886		1.32077			4
2025.08.01	01:39:20.187		1.32079			4
2025.08.01	01:39:27.598	1.32073				2
2025.08.01	01:39:29.140		1.32078			4
2025.08.01	01:39:30.376		1.32077			4
2025.08.01	01:39:31.295	1.32074				2
2025.08.01	01:39:36.186	1.32073	1.32076			6
2025.08.01	01:39:40.181	1.32074	1.32077			6
2025.08.01	01:39:40.790	1.32071	1.32072			6
2025.08.01	01:39:41.096	1.32068	1.32071			6
2025.08.01	01:39:42.323	1.32066	1.32072			6
2025.08.01	01:39:45.416	1.32067	1.32074			6
2025.08.01	01:39:46.658		1.32073			4
2025.08.01	01:39:47.278	1.32066				2
2025.08.01	01:39:48.194	1.32067				2
2025.08.01	01:39:49.121	1.32065	1.32072			6
2025.08.01	01:39:49.740	1.32064				2
2025.08.01	01:39:50.674	1.32065				2
2025.08.01	01:39:51.604	1.32066				2
2025.08.01	01:39:52.222	1.32065				2
2025.08.01	01:39:54.384	1.32066				2
2025.08.01	01:39:55.313	1.32067				2
2025.08.01	01:39:56.246		1.32071			4
2025.08.01	01:39:57.153	1.32068				2
2025.08.01	01:40:00.223	1.32068				2
2025.08.01	01:40:05.107	1.32067	1.32070			6
2025.08.01	01:40:23.448	1.32068	1.32071			6
2025.08.01	01:40:50.941	1.32067	1.32070			6
2025.08.01	01:40:51.248	1.32068	1.32071			6
2025.08.01	01:40:52.776	1.32067	1.32070			6
2025.08.01	01:40:53.084	1.32070	1.32072			6
2025.08.01	01:40:53.689	1.32068	1.32071			6
2025.08.01	01:41:00.066	1.32068				2
2025.08.01	01:41:00.989	1.32069	1.32072			6
2025.08.01	01:41:02.212	1.32068	1.32071			6
2025.08.01	01:41:03.119		1.32072			4
2025.08.01	01:41:04.035	1.32069				2
2025.08.01	01:41:05.277	1.32068				2
2025.08.01	01:41:06.198	1.32067				2
2025.08.01	01:41:08.377	1.32068				2
2025.08.01	01:41:11.159		1.32071			4
2025.08.01	01:41:12.084	1.32069	1.32072			6
2025.08.01	01:41:13.303	1.32068				2
2025.08.01	01:41:14.218	1.32067				2
2025.08.01	01:41:16.375	1.32068				2
2025.08.01	01:41:18.218		1.32071			4
2025.08.01	01:41:22.507	1.32069	1.32072			6
2025.08.01	01:41:23.116	1.32068	1.32071			6
2025.08.01	01:41:33.519		1.32070			4
2025.08.01	01:41:39.004		1.32071			4
2025.08.01	01:41:45.791	1.32066	1.32069			6
2025.08.01	01:41:46.108	1.32063				2
2025.08.01	01:41:51.386	1.32060	1.32062			6
2025.08.01	01:41:51.700	1.32057				2
2025.08.01	01:41:52.010	1.32056				2
2025.08.01	01:41:59.439	1.32055	1.32061			6
2025.08.01	01:42:00.061	1.32055	1.32062			6
2025.08.01	01:42:01.910	1.32056				2
2025.08.01	01:42:03.140	1.32057				2
2025.08.01	01:42:04.372		1.32061			4
2025.08.01	01:42:07.138	1.32058				2
2025.08.01	01:42:09.272	1.32056	1.32059			6
2025.08.01	01:42:09.575	1.32058	1.32061			6
2025.08.01	01:42:21.222	1.32057	1.32060			6
2025.08.01	01:42:31.876	1.32058	1.32061			6
2025.08.01	01:42:42.558	1.32061	1.32064			6
2025.08.01	01:42:42.860	1.32068	1.32071			6
2025.08.01	01:42:43.162	1.32066	1.32072			6
2025.08.01	01:42:45.012	1.32065				2
2025.08.01	01:42:45.949	1.32066				2
2025.08.01	01:42:46.257	1.32064				2
2025.08.01	01:42:47.495	1.32063	1.32069			6
2025.08.01	01:42:47.799	1.32061	1.32068			6
2025.08.01	01:42:54.300	1.32062				2
2025.08.01	01:42:56.162		1.32067			4
2025.08.01	01:42:56.475	1.32063	1.32068			6
2025.08.01	01:42:56.785	1.32062	1.32067			6
2025.08.01	01:42:57.409	1.32063	1.32068			6
2025.08.01	01:42:58.338		1.32067			4
2025.08.01	01:43:00.169	1.32063	1.32066			6
2025.08.01	01:43:09.661	1.32064	1.32067			6
2025.08.01	01:43:11.792	1.32063	1.32066			6
2025.08.01	01:43:16.372	1.32064	1.32067			6
2025.08.01	01:43:16.676	1.32063	1.32066			6
2025.08.01	01:43:16.981	1.32064	1.32067			6
2025.08.01	01:43:22.471	1.32063	1.32066			6
2025.08.01	01:43:23.381	1.32064	1.32067			6
2025.08.01	01:43:24.304	1.32065	1.32068			6
2025.08.01	01:43:24.919	1.32064	1.32067			6
2025.08.01	01:43:25.522	1.32065	1.32068			6
2025.08.01	01:43:25.829	1.32064	1.32067			6
2025.08.01	01:43:27.649	1.32065	1.32068			6
2025.08.01	01:43:28.879	1.32064	1.32067			6
2025.08.01	01:43:30.410	1.32065	1.32068			6
2025.08.01	01:43:31.014	1.32066	1.32069			6
2025.08.01	01:43:31.319	1.32065	1.32068			6
2025.08.01	01:43:35.890	1.32068	1.32071			6
2025.08.01	01:43:36.190	1.32067	1.32070			6
2025.08.01	01:43:36.799	1.32068	1.32071			6
2025.08.01	01:43:55.525	1.32069	1.32072			6
2025.08.01	01:43:56.442	1.32068	1.32071			6
2025.08.01	01:44:00.115	1.32068				2
2025.08.01	01:44:18.294	1.32070	1.32072			6
2025.08.01	01:44:19.532	1.32069				2
2025.08.01	01:44:19.851	1.32074	1.32077			6
2025.08.01	01:44:20.467	1.32073	1.32076			6
2025.08.01	01:44:21.403	1.32071	1.32078			6
2025.08.01	01:44:22.943	1.32074	1.32081			6
2025.08.01	01:44:23.876	1.32075				2
2025.08.01	01:44:24.184	1.32074				2
2025.08.01	01:44:24.496	1.32075				2
2025.08.01	01:44:26.351		1.32080			4
2025.08.01	01:44:28.514		1.32081			4
2025.08.01	01:44:29.131		1.32080			4
2025.08.01	01:44:31.605	1.32077	1.32082			6
2025.08.01	01:44:32.230	1.32076				2
2025.08.01	01:44:34.402	1.32077				2
2025.08.01	01:44:37.197	1.32078				2
2025.08.01	01:44:37.506		1.32081			4
2025.08.01	01:44:37.821		1.32082			4
2025.08.01	01:44:39.366		1.32081			4
2025.08.01	01:45:00.040	1.32078				2
2025.08.01	01:45:00.647	1.32079	1.32082			6
2025.08.01	01:45:05.875	1.32078	1.32081			6
2025.08.01	01:45:10.781	1.32079	1.32082			6
2025.08.01	01:45:11.085	1.32078	1.32081			6
2025.08.01	01:45:23.081	1.32081	1.32082			6
2025.08.01	01:45:23.397	1.32078	1.32081			6
2025.08.01	01:46:00.079	1.32078				2
2025.08.01	01:46:23.591		1.32081			4
2025.08.01	01:46:29.790	1.32079				2
2025.08.01	01:46:30.095		1.32082			4
2025.08.01	01:46:30.401	1.32083	1.32084			6
2025.08.01	01:46:30.704		1.32087			4
2025.08.01	01:46:31.332		1.32088			4
2025.08.01	01:46:31.648		1.32089			4
2025.08.01	01:46:40.301		1.32088			4
2025.08.01	01:46:43.377		1.32087			4
2025.08.01	01:46:46.171	1.32084				2
2025.08.01	01:46:55.005		1.32085			4
2025.08.01	01:46:55.309	1.32086	1.32087			6
2025.08.01	01:46:55.615	1.32084	1.32085			6
2025.08.01	01:46:55.915	1.32086	1.32087			6
2025.08.01	01:46:56.222	1.32084	1.32085			6
2025.08.01	01:46:56.529	1.32086	1.32087			6
2025.08.01	01:46:57.438	1.32084	1.32085			6
2025.08.01	01:46:58.351	1.32086	1.32087			6
2025.08.01	01:46:58.961	1.32084				2
2025.08.01	01:47:00.189	1.32084				2
2025.08.01	01:47:02.633	1.32083	1.32086			6
2025.08.01	01:47:03.550	1.32081	1.32084			6
2025.08.01	01:47:04.160	1.32080				2
2025.08.01	01:47:04.464	1.32082	1.32086			6
2025.08.01	01:47:04.769		1.32087			4
2025.08.01	01:47:05.381	1.32081				2
2025.08.01	01:47:06.308		1.32088			4
2025.08.01	01:47:08.476		1.32087			4
2025.08.01	01:47:08.781		1.32088			4
2025.08.01	01:47:09.393	1.32082				2
2025.08.01	01:47:10.320		1.32087			4
2025.08.01	01:47:10.625	1.32081	1.32084			6
2025.08.01	01:47:10.929		1.32086			4
2025.08.01	01:47:11.851	1.32082	1.32087			6
2025.08.01	01:47:13.386		1.32086			4
2025.08.01	01:47:15.226	1.32083				2
2025.08.01	01:47:33.580	1.32082	1.32085			6
2025.08.01	01:47:40.324	1.32083	1.32086			6
2025.08.01	01:47:43.689	1.32081	1.32083			6
2025.08.01	01:47:43.996	1.32083	1.32086			6
2025.08.01	01:48:00.267	1.32083				2
2025.08.01	01:48:02.732	1.32082	1.32083			6
2025.08.01	01:48:03.037	1.32083	1.32086			6
2025.08.01	01:48:04.280	1.32084	1.32087			6
2025.08.01	01:48:05.206	1.32083	1.32086			6
2025.08.01	01:48:09.532	1.32084	1.32087			6
2025.08.01	01:48:11.086	1.32083	1.32086			6
2025.08.01	01:48:23.197	1.32084	1.32087			6
2025.08.01	01:48:25.363	1.32083	1.32086			6
2025.08.01	01:48:25.673	1.32084	1.32087			6
2025.08.01	01:48:26.294	1.32083	1.32088			6
2025.08.01	01:48:27.232	1.32082				2
2025.08.01	01:48:32.205		1.32087			4
2025.08.01	01:48:34.380	1.32083				2
2025.08.01	01:48:36.226		1.32086			4
2025.08.01	01:48:36.532	1.32081	1.32084			6
2025.08.01	01:48:36.838	1.32083	1.32086			6
2025.08.01	01:48:38.062	1.32084	1.32087			6
2025.08.01	01:48:50.426	1.32085	1.32088			6
2025.08.01	01:48:55.408	1.32088	1.32091			6
2025.08.01	01:48:56.339	1.32087	1.32092			6
2025.08.01	01:49:00.061	1.32087				2
2025.08.01	01:49:08.106	1.32088				2
2025.08.01	01:49:10.280		1.32090			4
2025.08.01	01:49:14.266	1.32087				2
2025.08.01	01:49:21.917	1.32088	1.32091			6
2025.08.01	01:49:28.963	1.32087	1.32090			6
2025.08.01	01:49:30.533		1.32089			4
2025.08.01	01:49:31.762	1.32086				2
2025.08.01	01:49:33.301	1.32085				2
2025.08.01	01:49:36.389		1.32088			4
2025.08.01	01:50:00.177	1.32085				2
2025.08.01	01:50:28.992	1.32088	1.32091			6
2025.08.01	01:50:30.240	1.32086	1.32092			6
2025.08.01	01:50:33.966		1.32090			4
2025.08.01	01:50:37.370	1.32087	1.32091			6
2025.08.01	01:50:37.684		1.32092			4
2025.08.01	01:50:41.713	1.32088				2
2025.08.01	01:50:42.033	1.32087				2
2025.08.01	01:50:43.264	1.32088				2
2025.08.01	01:50:45.440	1.32087	1.32091			6
2025.08.01	01:50:48.229	1.32088				2
2025.08.01	01:50:51.580	1.32087	1.32090			6
2025.08.01	01:51:00.127	1.32087				2
2025.08.01	01:51:15.087	1.32088				2
2025.08.01	01:51:15.393	1.32087				2
2025.08.01	01:51:25.776	1.32086	1.32089			6
2025.08.01	01:51:26.391	1.32085	1.32087			6
2025.08.01	01:51:26.709		1.32088			4
2025.08.01	01:51:37.514	1.32083	1.32086			6
2025.08.01	01:51:37.819	1.32082	1.32084			6
2025.08.01	01:51:38.120	1.32079	1.32083			6
2025.08.01	01:51:41.859		1.32082			4
2025.08.01	01:51:43.718	1.32078				2
2025.08.01	01:51:47.748	1.32079				2
2025.08.01	01:51:50.218	1.32080				2
2025.08.01	01:52:00.301	1.32080				2
2025.08.01	01:52:01.527	1.32079				2
2025.08.01	01:52:01.836	1.32073	1.32076			6
2025.08.01	01:52:02.150	1.32072	1.32077			6
2025.08.01	01:52:02.451	1.32069	1.32073			6
2025.08.01	01:52:02.756	1.32068	1.32072			6
2025.08.01	01:52:04.627	1.32067				2
2025.08.01	01:52:04.943		1.32071			4
2025.08.01	01:52:05.245	1.32066				2
2025.08.01	01:52:07.399	1.32071	1.32075			6
2025.08.01	01:52:07.702	1.32073	1.32077			6
2025.08.01	01:52:08.005	1.32070				2
2025.08.01	01:52:08.309		1.32076			4
2025.08.01	01:52:09.242		1.32077			4
2025.08.01	01:52:10.472		1.32076			4
2025.08.01	01:52:10.783		1.32077			4
2025.08.01	01:52:11.403		1.32076			4
2025.08.01	01:52:12.954	1.32071				2
2025.08.01	01:52:13.265		1.32075			4
2025.08.01	01:52:13.882		1.32076			4
2025.08.01	01:52:14.191		1.32075			4
2025.08.01	01:52:15.421	1.32070				2
2025.08.01	01:52:17.277		1.32074			4
2025.08.01	01:52:19.118	1.32071				2
2025.08.01	01:52:21.565	1.32070	1.32073			6
2025.08.01	01:52:22.177	1.32069	1.32070			6
2025.08.01	01:52:22.489	1.32071	1.32074			6
2025.08.01	01:52:22.794	1.32069	1.32070			6
2025.08.01	01:52:24.004	1.32071	1.32073			6
2025.08.01	01:52:24.306	1.32069	1.32070			6
2025.08.01	01:52:24.607	1.32071	1.32073			6
2025.08.01	01:52:24.911	1.32069	1.32070			6
2025.08.01	01:52:25.214	1.32071	1.32073			6
2025.08.01	01:52:25.523	1.32069	1.32070			6
2025.08.01	01:52:25.830	1.32071	1.32073			6
2025.08.01	01:52:26.132	1.32070				2
2025.08.01	01:52:26.445	1.32071				2
2025.08.01	01:52:26.757		1.32074			4
2025.08.01	01:52:27.979	1.32073	1.32076			6
2025.08.01	01:52:29.490	1.32072	1.32075			6
2025.08.01	01:52:29.796	1.32073	1.32076			6
2025.08.01	01:52:30.104	1.32072	1.32075			6
2025.08.01	01:52:33.482	1.32073	1.32076			6
2025.08.01	01:52:35.013	1.32072	1.32075			6
2025.08.01	01:52:35.622	1.32073	1.32076			6
2025.08.01	01:52:36.231	1.32072	1.32075			6
2025.08.01	01:52:36.533	1.32073	1.32076			6
2025.08.01	01:52:41.734	1.32072	1.32075			6
2025.08.01	01:52:42.039	1.32073	1.32076			6
2025.08.01	01:52:44.489	1.32072	1.32075			6
2025.08.01	01:52:48.458	1.32074	1.32077			6
2025.08.01	01:53:00.079	1.32074				2
2025.08.01	01:53:16.279	1.32076	1.32079			6
2025.08.01	01:53:30.654	1.32075	1.32078			6
2025.08.01	01:53:30.959	1.32076	1.32079			6
2025.08.01	01:53:31.867	1.32074	1.32077			6
2025.08.01	01:53:32.792	1.32073	1.32076			6
2025.08.01	01:53:33.704	1.32075	1.32079			6
2025.08.01	01:53:34.942	1.32074	1.32078			6
2025.08.01	01:53:42.344		1.32077			4
2025.08.01	01:53:42.960	1.32073				2
2025.08.01	01:53:44.202		1.32076			4
2025.08.01	01:53:45.128		1.32077			4
2025.08.01	01:53:45.433		1.32076			4
2025.08.01	01:53:46.048		1.32077			4
2025.08.01	01:53:46.355		1.32076			4
2025.08.01	01:54:00.085	1.32073				2
2025.08.01	01:54:04.080		1.32075			4
2025.08.01	01:54:04.694		1.32076			4
2025.08.01	01:54:07.741		1.32075			4
2025.08.01	01:54:09.579		1.32076			4
2025.08.01	01:54:17.219	1.32075	1.32078			6
2025.08.01	01:54:17.532	1.32076				2
2025.08.01	01:54:18.136		1.32079			4
2025.08.01	01:54:25.238		1.32078			4
2025.08.01	01:54:27.682	1.32075				2
2025.08.01	01:54:42.693	1.32071	1.32074			6
2025.08.01	01:54:42.995	1.32073	1.32076			6
2025.08.01	01:54:44.229	1.32072	1.32077			6
2025.08.01	01:54:47.339	1.32073				2
2025.08.01	01:54:50.740	1.32072				2
2025.08.01	01:54:51.058	1.32075	1.32079			6
2025.08.01	01:54:51.360	1.32076	1.32080			6
2025.08.01	01:54:51.982	1.32077	1.32081			6
2025.08.01	01:54:52.291	1.32076				2
2025.08.01	01:55:00.021	1.32076				2
2025.08.01	01:55:03.123		1.32080			4
2025.08.01	01:55:05.265	1.32077				2
2025.08.01	01:55:18.127	1.32076	1.32079			6
2025.08.01	01:55:23.303	1.32077	1.32080			6
2025.08.01	01:55:27.904	1.32078	1.32081			6
2025.08.01	01:55:28.831	1.32077	1.32080			6
2025.08.01	01:55:32.174	1.32078	1.32081			6
2025.08.01	01:55:38.568	1.32077	1.32080			6
2025.08.01	01:55:38.869		1.32079			4
2025.08.01	01:55:40.096		1.32081			4
2025.08.01	01:55:41.321		1.32080			4
2025.08.01	01:55:45.620		1.32079			4
2025.08.01	01:55:45.926	1.32075	1.32078			6
2025.08.01	01:55:47.145	1.32074	1.32079			6
2025.08.01	01:55:55.210	1.32075				2
2025.08.01	01:55:56.137		1.32078			4
2025.08.01	01:55:59.516	1.32070	1.32073			6
2025.08.01	01:56:00.130	1.32069	1.32074			6
2025.08.01	01:56:00.442		1.32072			4
2025.08.01	01:56:01.998	1.32068				2
2025.08.01	01:56:13.134		1.32071			4
2025.08.01	01:56:19.878		1.32070			4
2025.08.01	01:56:20.496		1.32071			4
2025.08.01	01:56:24.469		1.32070			4
2025.08.01	01:56:30.296		1.32071			4
2025.08.01	01:56:31.517	1.32067	1.32070			6
2025.08.01	01:56:31.820	1.32066	1.32069			6
2025.08.01	01:56:39.796	1.32065	1.32068			6
2025.08.01	01:56:41.336	1.32066	1.32069			6
2025.08.01	01:56:42.558	1.32061	1.32064			6
2025.08.01	01:56:43.172		1.32066			4
2025.08.01	01:56:44.085	1.32059	1.32064			6
2025.08.01	01:56:44.387		1.32065			4
2025.08.01	01:56:49.350		1.32066			4
2025.08.01	01:56:49.969	1.32060	1.32067			6
2025.08.01	01:56:50.276	1.32061				2
2025.08.01	01:56:51.513	1.32068	1.32072			6
2025.08.01	01:56:51.819	1.32066	1.32071			6
2025.08.01	01:56:52.757		1.32072			4
2025.08.01	01:56:56.152		1.32071			4
2025.08.01	01:56:57.393		1.32072			4
2025.08.01	01:56:57.700		1.32071			4
2025.08.01	01:56:59.557	1.32067	1.32072			6
2025.08.01	01:57:00.177	1.32066				2
2025.08.01	01:57:00.489		1.32070			4
2025.08.01	01:57:01.415		1.32071			4
2025.08.01	01:57:02.333	1.32067				2
2025.08.01	01:57:04.174		1.32070			4
2025.08.01	01:57:06.300	1.32064	1.32067			6
2025.08.01	01:57:07.219	1.32061	1.32064			6
2025.08.01	01:57:08.151	1.32057	1.32063			6
2025.08.01	01:57:08.460		1.32062			4
2025.08.01	01:57:09.075	1.32056				2
2025.08.01	01:57:09.380	1.32055	1.32060			6
2025.08.01	01:57:10.008	1.32053				2
2025.08.01	01:57:10.325		1.32059			4
2025.08.01	01:57:11.866	1.32052	1.32057			6
2025.08.01	01:57:15.303		1.32056			4
2025.08.01	01:57:16.242		1.32055			4
2025.08.01	01:57:16.551		1.32056			4
2025.08.01	01:57:18.388	1.32053				2
2025.08.01	01:57:22.077	1.32052	1.32055			6
2025.08.01	01:57:22.692	1.32053	1.32056			6
2025.08.01	01:57:24.537	1.32051	1.32054			6
2025.08.01	01:57:25.179	1.32045	1.32048			6
2025.08.01	01:57:25.490	1.32046	1.32049			6
2025.08.01	01:57:25.797	1.32045	1.32048			6
2025.08.01	01:57:26.104	1.32044	1.32050			6
2025.08.01	01:57:27.645		1.32051			4
2025.08.01	01:57:27.952		1.32050			4
2025.08.01	01:57:29.195		1.32049			4
2025.08.01	01:57:31.367		1.32048			4
2025.08.01	01:57:32.283	1.32045				2
2025.08.01	01:57:38.724	1.32046				2
2025.08.01	01:57:39.025	1.32047	1.32050			6
2025.08.01	01:57:41.454	1.32048	1.32051			6
2025.08.01	01:57:53.058	1.32047	1.32050			6
2025.08.01	01:57:56.424	1.32052	1.32053			6
2025.08.01	01:57:56.729	1.32053	1.32056			6
2025.08.01	01:57:57.031	1.32054	1.32057			6
2025.08.01	01:57:57.342	1.32052	1.32058			6
2025.08.01	01:58:00.117	1.32052				2
2025.08.01	01:58:01.036	1.32050	1.32056			6
2025.08.01	01:58:01.354	1.32054	1.32059			6
2025.08.01	01:58:03.206		1.32058			4
2025.08.01	01:58:04.136	1.32056	1.32059			6
2025.08.01	01:58:04.440	1.32057	1.32061			6
2025.08.01	01:58:05.358	1.32056				2
2025.08.01	01:58:06.898	1.32057				2
2025.08.01	01:58:07.208	1.32058				2
2025.08.01	01:58:15.452	1.32062	1.32065			6
2025.08.01	01:58:15.757	1.32063	1.32066			6
2025.08.01	01:58:16.368	1.32062	1.32068			6
2025.08.01	01:58:20.388		1.32067			4
2025.08.01	01:58:20.695	1.32063	1.32068			6
2025.08.01	01:58:21.316		1.32067			4
2025.08.01	01:58:22.243		1.32066			4
2025.08.01	01:58:22.545	1.32062	1.32065			6
2025.08.01	01:58:22.847	1.32063	1.32066			6
2025.08.01	01:58:23.460	1.32062	1.32065			6
2025.08.01	01:58:23.774	1.32063	1.32066			6
2025.08.01	01:58:26.825	1.32064	1.32067			6
2025.08.01	01:58:27.130	1.32065	1.32068			6
2025.08.01	01:58:28.052	1.32069	1.32070			6
2025.08.01	01:58:29.272	1.32067	1.32069			6
2025.08.01	01:58:30.199	1.32068				2
2025.08.01	01:58:31.123	1.32070	1.32071			6
2025.08.01	01:58:31.425	1.32069	1.32070			6
2025.08.01	01:58:32.038	1.32071	1.32072			6
2025.08.01	01:58:32.343	1.32070	1.32071			6
2025.08.01	01:58:32.646	1.32069	1.32070			6
2025.08.01	01:58:32.948	1.32067				2
2025.08.01	01:58:33.253	1.32065	1.32071			6
2025.08.01	01:58:34.177	1.32064				2
2025.08.01	01:58:34.486	1.32065				2
2025.08.01	01:58:34.802	1.32067	1.32072			6
2025.08.01	01:58:35.106	1.32064	1.32071			6
2025.08.01	01:58:36.665	1.32065	1.32072			6
2025.08.01	01:58:37.597	1.32067				2
2025.08.01	01:58:38.842		1.32071			4
2025.08.01	01:58:40.396		1.32072			4
2025.08.01	01:58:40.698		1.32071			4
2025.08.01	01:58:41.629	1.32066				2
2025.08.01	01:58:41.935	1.32065	1.32072			6
2025.08.01	01:58:42.249		1.32071			4
2025.08.01	01:58:43.780		1.32070			4
2025.08.01	01:58:44.708		1.32069			4
2025.08.01	01:58:45.323		1.32068			4
2025.08.01	01:58:45.627	1.32061	1.32066			6
2025.08.01	01:58:45.928	1.32062	1.32067			6
2025.08.01	01:58:46.234		1.32066			4
2025.08.01	01:58:47.149	1.32063				2
2025.08.01	01:58:48.062	1.32062	1.32065			6
2025.08.01	01:58:49.286	1.32061	1.32064			6
2025.08.01	01:58:49.590	1.32048	1.32051			6
2025.08.01	01:58:49.893	1.32044	1.32047			6
2025.08.01	01:58:50.196	1.32040	1.32049			6
2025.08.01	01:58:51.118	1.32041	1.32050			6
2025.08.01	01:58:51.737		1.32049			4
2025.08.01	01:58:52.045	1.32044	1.32050			6
