<DATE>	<TIME>	<BID>	<ASK>	<LAST>	<VOLUME>	<FLAGS>
2025.12.09	00:03:31.175	1.33171	1.33268			6
2025.12.09	00:04:00.199	1.33171				2
2025.12.09	00:04:31.236		1.33268			4
2025.12.09	00:05:00.052	1.33171				2
2025.12.09	00:05:31.309		1.33268			4
2025.12.09	00:06:00.112	1.33171				2
2025.12.09	00:06:31.355		1.33268			4
2025.12.09	00:07:00.094	1.33171				2
2025.12.09	00:07:31.607		1.33268			4
2025.12.09	00:08:00.291	1.33171				2
2025.12.09	00:08:31.751		1.33268			4
2025.12.09	00:09:00.296	1.33171				2
2025.12.09	00:09:24.151		1.33263			4
2025.12.09	00:09:25.075		1.33261			4
2025.12.09	00:10:00.016	1.33171				2
2025.12.09	00:10:05.245		1.33256			4
2025.12.09	00:11:00.221	1.33171				2
2025.12.09	00:11:05.463		1.33256			4
2025.12.09	00:11:11.941		1.33276			4
2025.12.09	00:12:00.131	1.33171				2
2025.12.09	00:12:12.167		1.33276			4
2025.12.09	00:13:00.222	1.33171				2
2025.12.09	00:13:12.230		1.33276			4
2025.12.09	00:14:00.057	1.33171				2
2025.12.09	00:14:12.377		1.33276			4
2025.12.09	00:15:00.252	1.33171				2
2025.12.09	00:15:12.606		1.33276			4
2025.12.09	00:18:02.455	1.33171	1.33276			6
2025.12.09	00:19:00.091	1.33171				2
2025.12.09	00:19:02.565		1.33276			4
2025.12.09	00:20:00.137	1.33171				2
2025.12.09	00:20:00.448	1.33165	1.33288			6
2025.12.09	00:20:23.854	1.33164				2
2025.12.09	00:20:27.611	1.33165				2
2025.12.09	00:21:00.727	1.33165	1.33288			6
2025.12.09	00:21:03.495	1.33160				2
2025.12.09	00:21:05.492	1.33166				2
2025.12.09	00:21:05.886	1.33165				2
2025.12.09	00:21:06.724	1.33166				2
2025.12.09	00:21:10.494	1.33165				2
2025.12.09	00:22:00.492	1.33165				2
2025.12.09	00:22:01.217		1.33288			4
2025.12.09	00:22:14.586	1.33166				2
2025.12.09	00:22:18.190	1.33165				2
2025.12.09	00:22:50.285	1.33166				2
2025.12.09	00:22:51.786	1.33165				2
2025.12.09	00:23:00.313	1.33165				2
2025.12.09	00:23:05.586	1.33166	1.33288			6
2025.12.09	00:23:12.785	1.33165				2
2025.12.09	00:23:27.148	1.33166				2
2025.12.09	00:24:00.487	1.33166				2
2025.12.09	00:24:06.486		1.33288			4
2025.12.09	00:24:07.386	1.33165				2
2025.12.09	00:24:27.072		1.33285			4
2025.12.09	00:24:59.035	1.33163				2
2025.12.09	00:24:59.565	1.33165				2
2025.12.09	00:25:04.526	1.33163				2
2025.12.09	00:25:24.515	1.33162				2
2025.12.09	00:25:27.152	1.33161	1.33285			6
2025.12.09	00:25:30.790	1.33162				2
2025.12.09	00:26:01.985	1.33161				2
2025.12.09	00:26:03.485	1.33162				2
2025.12.09	00:26:09.490	1.33161				2
2025.12.09	00:26:21.949	1.33163				2
2025.12.09	00:26:23.551	1.33164				2
2025.12.09	00:26:24.786	1.33163				2
2025.12.09	00:26:27.192	1.33165	1.33285			6
2025.12.09	00:26:28.517	1.33161				2
2025.12.09	00:26:29.514	1.33162				2
2025.12.09	00:26:30.514	1.33160				2
2025.12.09	00:26:31.388	1.33159				2
2025.12.09	00:26:33.515	1.33160				2
2025.12.09	00:26:33.833	1.33163				2
2025.12.09	00:26:35.586	1.33164				2
2025.12.09	00:26:36.514	1.33162				2
2025.12.09	00:26:37.226	1.33161				2
2025.12.09	00:26:40.686	1.33162				2
2025.12.09	00:26:41.289	1.33163				2
2025.12.09	00:26:43.519	1.33160				2
2025.12.09	00:26:44.515	1.33164				2
2025.12.09	00:26:52.185	1.33166				2
2025.12.09	00:26:53.516	1.33157				2
2025.12.09	00:26:58.079	1.33159				2
2025.12.09	00:27:00.485	1.33159				2
2025.12.09	00:27:01.685	1.33158				2
2025.12.09	00:27:03.413	1.33159				2
2025.12.09	00:27:07.517	1.33157				2
2025.12.09	00:27:08.517	1.33159				2
2025.12.09	00:27:11.676	1.33157				2
2025.12.09	00:27:19.427	1.33159				2
2025.12.09	00:27:24.444	1.33160				2
2025.12.09	00:27:25.993	1.33161				2
2025.12.09	00:27:28.386	1.33159	1.33285			6
2025.12.09	00:27:30.431	1.33157				2
2025.12.09	00:27:35.381	1.33158				2
2025.12.09	00:27:36.186	1.33157				2
2025.12.09	00:27:37.442	1.33158				2
2025.12.09	00:27:41.288	1.33157				2
2025.12.09	00:27:42.520	1.33161				2
2025.12.09	00:27:49.085	1.33159				2
2025.12.09	00:27:49.429	1.33161				2
2025.12.09	00:27:50.492	1.33157				2
2025.12.09	00:28:01.086	1.33157				2
2025.12.09	00:28:04.386	1.33158				2
2025.12.09	00:28:04.716	1.33159				2
2025.12.09	00:28:05.521	1.33161				2
2025.12.09	00:28:11.519	1.33157				2
2025.12.09	00:28:14.286	1.33158				2
2025.12.09	00:28:15.788	1.33157				2
2025.12.09	00:28:17.287	1.33158				2
2025.12.09	00:28:24.521	1.33159				2
2025.12.09	00:28:25.357	1.33161				2
2025.12.09	00:28:27.200		1.33300			4
2025.12.09	00:28:28.385		1.33301			4
2025.12.09	00:28:28.799		1.33286			4
2025.12.09	00:28:32.521	1.33159				2
2025.12.09	00:28:33.522	1.33161				2
2025.12.09	00:28:34.827	1.33162				2
2025.12.09	00:28:37.088	1.33161				2
2025.12.09	00:28:39.658	1.33162				2
2025.12.09	00:28:40.523	1.33158				2
2025.12.09	00:29:03.186	1.33158				2
2025.12.09	00:29:08.409	1.33159				2
2025.12.09	00:29:16.529	1.33160				2
2025.12.09	00:29:16.888	1.33158				2
2025.12.09	00:29:25.526	1.33160				2
2025.12.09	00:29:28.527	1.33158				2
2025.12.09	00:29:29.527	1.33160	1.33286			6
2025.12.09	00:29:31.090	1.33159				2
2025.12.09	00:29:31.527	1.33161				2
2025.12.09	00:29:32.220	1.33159				2
2025.12.09	00:29:32.526	1.33158				2
2025.12.09	00:29:33.525	1.33159				2
2025.12.09	00:29:34.297	1.33158				2
2025.12.09	00:29:39.489	1.33159				2
2025.12.09	00:29:40.387	1.33160				2
2025.12.09	00:29:42.733	1.33159				2
2025.12.09	00:29:43.992	1.33158				2
2025.12.09	00:30:00.366	1.33159				2
2025.12.09	00:30:00.710		1.33287			4
2025.12.09	00:30:01.936	1.33158				2
2025.12.09	00:30:04.566	1.33160				2
2025.12.09	00:30:04.986	1.33158				2
2025.12.09	00:30:05.577	1.33159				2
2025.12.09	00:30:07.988	1.33158				2
2025.12.09	00:30:08.582	1.33159				2
2025.12.09	00:30:08.901	1.33157				2
2025.12.09	00:30:09.217	1.33156	1.33295			6
2025.12.09	00:30:09.625	1.33158				2
2025.12.09	00:30:09.930	1.33157				2
2025.12.09	00:30:10.393	1.33158				2
2025.12.09	00:30:10.909	1.33156				2
2025.12.09	00:30:11.270	1.33157				2
2025.12.09	00:30:11.665	1.33156				2
2025.12.09	00:30:12.037	1.33157				2
2025.12.09	00:30:12.387	1.33156				2
2025.12.09	00:30:13.215	1.33157	1.33292			6
2025.12.09	00:30:13.609	1.33155				2
2025.12.09	00:30:14.236	1.33156				2
2025.12.09	00:30:14.547	1.33155				2
2025.12.09	00:30:15.280	1.33156				2
2025.12.09	00:30:15.949	1.33155				2
2025.12.09	00:30:16.465	1.33154				2
2025.12.09	00:30:28.692	1.33155				2
2025.12.09	00:30:29.442	1.33157				2
2025.12.09	00:30:29.756	1.33159				2
2025.12.09	00:30:30.166	1.33156				2
2025.12.09	00:30:30.575	1.33157				2
2025.12.09	00:30:31.010	1.33158				2
2025.12.09	00:30:31.318	1.33156				2
2025.12.09	00:30:31.741	1.33155				2
2025.12.09	00:30:32.044	1.33156				2
2025.12.09	00:30:32.903	1.33157				2
2025.12.09	00:30:33.328	1.33158				2
2025.12.09	00:30:33.652	1.33157				2
2025.12.09	00:30:35.271	1.33156				2
2025.12.09	00:30:35.646	1.33157				2
2025.12.09	00:30:35.995	1.33156				2
2025.12.09	00:30:36.448	1.33158				2
2025.12.09	00:30:36.760	1.33157				2
2025.12.09	00:30:38.585	1.33158				2
2025.12.09	00:30:38.943	1.33157				2
2025.12.09	00:30:41.848	1.33159				2
2025.12.09	00:30:42.349	1.33158				2
2025.12.09	00:30:43.901	1.33157				2
2025.12.09	00:30:45.841	1.33159				2
2025.12.09	00:30:46.145	1.33157				2
2025.12.09	00:30:46.498	1.33158				2
2025.12.09	00:30:47.499	1.33157				2
2025.12.09	00:30:47.932	1.33153				2
2025.12.09	00:30:48.328	1.33157				2
2025.12.09	00:30:51.486	1.33156				2
2025.12.09	00:30:56.590	1.33157				2
2025.12.09	00:30:58.675	1.33155				2
2025.12.09	00:30:59.367	1.33157				2
2025.12.09	00:30:59.772	1.33156				2
2025.12.09	00:31:00.228	1.33157				2
2025.12.09	00:31:00.645	1.33160				2
2025.12.09	00:31:03.212		1.33293			4
2025.12.09	00:31:09.791	1.33161				2
2025.12.09	00:31:11.382	1.33165	1.33292			6
2025.12.09	00:31:12.163	1.33163	1.33293			6
2025.12.09	00:31:12.665	1.33165	1.33292			6
2025.12.09	00:31:13.627	1.33159	1.33293			6
2025.12.09	00:31:13.957	1.33166	1.33291			6
2025.12.09	00:31:16.937	1.33165				2
2025.12.09	00:31:17.645	1.33166				2
2025.12.09	00:31:19.291	1.33165	1.33292			6
2025.12.09	00:31:19.884	1.33166	1.33291			6
2025.12.09	00:31:20.381	1.33167	1.33290			6
2025.12.09	00:31:20.693	1.33163	1.33294			6
2025.12.09	00:31:21.381	1.33165	1.33292			6
2025.12.09	00:31:22.988	1.33166	1.33291			6
2025.12.09	00:31:30.331	1.33163	1.33283			6
2025.12.09	00:32:00.232	1.33163				2
2025.12.09	00:32:33.186		1.33283			4
2025.12.09	00:32:39.168	1.33194	1.33285			6
2025.12.09	00:32:40.275	1.33191				2
2025.12.09	00:32:44.585		1.33284			4
2025.12.09	00:32:45.191		1.33285			4
2025.12.09	00:32:48.652		1.33284			4
2025.12.09	00:32:50.197		1.33283			4
2025.12.09	00:32:54.176		1.33280			4
2025.12.09	00:32:57.230		1.33277			4
2025.12.09	00:32:57.837		1.33279			4
2025.12.09	00:33:00.275	1.33188	1.33278			6
2025.12.09	00:33:00.888		1.33277			4
2025.12.09	00:33:01.190	1.33190				2
2025.12.09	00:33:07.617		1.33275			4
2025.12.09	00:33:09.462		1.33276			4
2025.12.09	00:33:11.599		1.33275			4
2025.12.09	00:33:13.431		1.33274			4
2025.12.09	00:33:17.423		1.33273			4
2025.12.09	00:33:18.336		1.33272			4
2025.12.09	00:33:22.304	1.33186	1.33277			6
2025.12.09	00:33:22.608		1.33274			4
2025.12.09	00:33:22.910	1.33190				2
2025.12.09	00:33:23.219		1.33276			4
2025.12.09	00:33:25.975		1.33274			4
2025.12.09	00:33:34.237		1.33272			4
2025.12.09	00:33:35.761		1.33271			4
2025.12.09	00:33:37.902		1.33270			4
2025.12.09	00:33:41.580	1.33193	1.33273			6
2025.12.09	00:33:41.899	1.33173	1.33278			6
2025.12.09	00:33:43.103	1.33172				2
2025.12.09	00:33:44.514	1.33163				2
2025.12.09	00:33:45.644	1.33173	1.33277			6
2025.12.09	00:33:46.545	1.33172				2
2025.12.09	00:33:46.859	1.33163				2
2025.12.09	00:33:47.168	1.33164	1.33276			6
2025.12.09	00:33:47.475	1.33165	1.33277			6
2025.12.09	00:33:47.784	1.33164				2
2025.12.09	00:33:48.714	1.33165				2
2025.12.09	00:33:53.985	1.33163				2
2025.12.09	00:33:54.372	1.33173	1.33275			6
2025.12.09	00:33:54.674	1.33176	1.33276			6
2025.12.09	00:33:56.143	1.33175				2
2025.12.09	00:34:00.370	1.33173	1.33277			6
2025.12.09	00:34:00.887	1.33172				2
2025.12.09	00:34:01.420	1.33183	1.33281			6
2025.12.09	00:34:01.739	1.33187	1.33269			6
2025.12.09	00:34:03.590		1.33267			4
2025.12.09	00:34:04.200	1.33177				2
2025.12.09	00:34:04.825		1.33268			4
2025.12.09	00:34:05.447		1.33270			4
2025.12.09	00:34:05.763		1.33269			4
2025.12.09	00:34:07.008		1.33266			4
2025.12.09	00:34:07.316	1.33189	1.33275			6
2025.12.09	00:34:08.249	1.33183	1.33277			6
2025.12.09	00:34:09.176		1.33276			4
2025.12.09	00:34:10.721	1.33184	1.33266			6
2025.12.09	00:34:11.345	1.33188	1.33267			6
2025.12.09	00:34:11.649		1.33268			4
2025.12.09	00:34:13.491		1.33265			4
2025.12.09	00:34:16.251		1.33267			4
2025.12.09	00:34:16.859	1.33189				2
2025.12.09	00:34:17.166		1.33265			4
2025.12.09	00:34:18.081		1.33266			4
2025.12.09	00:34:18.995		1.33267			4
2025.12.09	00:34:21.133		1.33265			4
2025.12.09	00:34:22.656		1.33264			4
2025.12.09	00:34:23.266		1.33267			4
2025.12.09	00:34:28.795	1.33188				2
2025.12.09	00:34:29.717		1.33268			4
2025.12.09	00:34:30.948	1.33186				2
2025.12.09	00:34:31.252	1.33187				2
2025.12.09	00:34:31.567		1.33266			4
2025.12.09	00:34:33.388		1.33268			4
2025.12.09	00:34:34.951	1.33188	1.33269			6
2025.12.09	00:34:38.048		1.33270			4
2025.12.09	00:34:39.920		1.33269			4
2025.12.09	00:34:41.486	1.33184				2
2025.12.09	00:34:41.804	1.33185				2
2025.12.09	00:34:42.113	1.33189	1.33268			6
2025.12.09	00:34:42.429		1.33266			4
2025.12.09	00:34:47.040	1.33188				2
2025.12.09	00:34:49.523	1.33189				2
2025.12.09	00:34:51.073		1.33265			4
2025.12.09	00:34:51.986		1.33263			4
2025.12.09	00:35:00.261	1.33189	1.33262			6
2025.12.09	00:35:01.800	1.33188	1.33264			6
2025.12.09	00:35:02.102		1.33262			4
2025.12.09	00:35:03.632		1.33260			4
2025.12.09	00:35:10.070	1.33189				2
2025.12.09	00:35:10.375	1.33177	1.33262			6
2025.12.09	00:35:10.678	1.33176	1.33259			6
2025.12.09	00:35:10.987		1.33260			4
2025.12.09	00:35:11.926	1.33175				2
2025.12.09	00:35:16.575	1.33174				2
2025.12.09	00:35:17.815	1.33175				2
2025.12.09	00:35:22.149	1.33181	1.33261			6
2025.12.09	00:35:22.457		1.33260			4
2025.12.09	00:35:23.395	1.33182				2
2025.12.09	00:35:24.640	1.33183	1.33261			6
2025.12.09	00:35:24.953		1.33263			4
2025.12.09	00:35:25.261	1.33186	1.33260			6
2025.12.09	00:35:25.570		1.33261			4
2025.12.09	00:35:26.183		1.33260			4
2025.12.09	00:35:26.495		1.33261			4
2025.12.09	00:35:31.772	1.33184				2
2025.12.09	00:35:32.386	1.33186				2
2025.12.09	00:35:33.318	1.33185				2
2025.12.09	00:35:34.562		1.33260			4
2025.12.09	00:35:35.177		1.33262			4
2025.12.09	00:35:35.485	1.33186				2
2025.12.09	00:35:36.119		1.33260			4
2025.12.09	00:35:37.350		1.33259			4
2025.12.09	00:35:37.654		1.33258			4
2025.12.09	00:35:37.957		1.33259			4
2025.12.09	00:35:38.267		1.33260			4
2025.12.09	00:35:39.181		1.33258			4
2025.12.09	00:35:39.487	1.33185				2
2025.12.09	00:35:42.852		1.33260			4
2025.12.09	00:35:47.154		1.33258			4
2025.12.09	00:35:47.459		1.33259			4
2025.12.09	00:35:48.996		1.33258			4
2025.12.09	00:35:50.886	1.33184				2
2025.12.09	00:35:51.201		1.33257			4
2025.12.09	00:35:51.505		1.33260			4
2025.12.09	00:35:52.426	1.33185				2
2025.12.09	00:35:53.356	1.33183				2
2025.12.09	00:35:53.974	1.33185				2
2025.12.09	00:35:55.204	1.33184				2
2025.12.09	00:35:55.518		1.33259			4
2025.12.09	00:35:55.828		1.33257			4
2025.12.09	00:35:57.378		1.33258			4
2025.12.09	00:35:57.690		1.33257			4
2025.12.09	00:35:59.258	1.33185				2
2025.12.09	00:36:00.192	1.33185				2
2025.12.09	00:36:02.060	1.33184	1.33258			6
2025.12.09	00:36:02.371	1.33186				2
2025.12.09	00:36:03.910	1.33185				2
2025.12.09	00:36:05.458	1.33186				2
2025.12.09	00:36:07.626	1.33185				2
2025.12.09	00:36:08.867	1.33186				2
2025.12.09	00:36:10.722		1.33256			4
2025.12.09	00:36:11.030		1.33258			4
2025.12.09	00:36:11.339		1.33257			4
2025.12.09	00:36:12.263	1.33185	1.33259			6
2025.12.09	00:36:13.802		1.33258			4
2025.12.09	00:36:14.410		1.33253			4
2025.12.09	00:36:17.161	1.33190	1.33257			6
2025.12.09	00:36:17.470	1.33191	1.33267			6
2025.12.09	00:36:17.777	1.33192				2
2025.12.09	00:36:18.389		1.33261			4
2025.12.09	00:36:21.497	1.33191				2
2025.12.09	00:36:23.354	1.33192				2
2025.12.09	00:36:25.210		1.33262			4
2025.12.09	00:36:25.516		1.33264			4
2025.12.09	00:36:25.827	1.33193				2
2025.12.09	00:36:26.134		1.33263			4
2025.12.09	00:36:26.441		1.33262			4
2025.12.09	00:36:27.376	1.33188				2
2025.12.09	00:36:32.342		1.33263			4
2025.12.09	00:36:45.636		1.33264			4
2025.12.09	00:36:45.950		1.33267			4
2025.12.09	00:36:51.810	1.33189				2
2025.12.09	00:36:53.342	1.33188				2
2025.12.09	00:36:55.186	1.33189				2
2025.12.09	00:36:55.807		1.33266			4
2025.12.09	00:36:58.605		1.33262			4
2025.12.09	00:36:58.923	1.33188				2
2025.12.09	00:36:59.234	1.33189	1.33277			6
2025.12.09	00:36:59.544		1.33261			4
2025.12.09	00:37:00.150	1.33189				2
2025.12.09	00:37:00.461	1.33188	1.33265			6
2025.12.09	00:37:01.400		1.33263			4
2025.12.09	00:37:03.905	1.33189	1.33264			6
2025.12.09	00:37:04.531	1.33190				2
2025.12.09	00:37:07.005		1.33262			4
2025.12.09	00:37:14.447	1.33189	1.33264			6
2025.12.09	00:37:14.761		1.33262			4
2025.12.09	00:37:15.374		1.33265			4
2025.12.09	00:37:15.688		1.33283			4
2025.12.09	00:37:15.994	1.33190	1.33282			6
2025.12.09	00:37:18.163		1.33266			4
2025.12.09	00:37:18.469		1.33265			4
2025.12.09	00:37:19.087	1.33189				2
2025.12.09	00:37:19.396	1.33190				2
2025.12.09	00:37:20.033		1.33262			4
2025.12.09	00:37:20.339	1.33181	1.33258			6
2025.12.09	00:37:20.645		1.33260			4
2025.12.09	00:37:21.582	1.33189	1.33287			6
2025.12.09	00:37:21.890		1.33281			4
2025.12.09	00:37:22.816		1.33282			4
2025.12.09	00:37:23.121	1.33191	1.33283			6
2025.12.09	00:37:23.434	1.33192	1.33284			6
2025.12.09	00:37:23.739		1.33283			4
2025.12.09	00:37:24.041	1.33191	1.33284			6
2025.12.09	00:37:25.238		1.33278			4
2025.12.09	00:37:25.544	1.33188				2
2025.12.09	00:37:26.160	1.33190				2
2025.12.09	00:37:26.466	1.33188				2
2025.12.09	00:37:27.399	1.33190				2
2025.12.09	00:37:27.707	1.33189				2
2025.12.09	00:37:28.322	1.33186	1.33266			6
2025.12.09	00:37:28.642	1.33188	1.33265			6
2025.12.09	00:37:29.264	1.33186				2
2025.12.09	00:37:29.565	1.33187				2
2025.12.09	00:37:29.875	1.33186				2
2025.12.09	00:37:30.184	1.33188				2
2025.12.09	00:37:30.491	1.33187				2
2025.12.09	00:37:31.421		1.33268			4
2025.12.09	00:37:31.731		1.33264			4
2025.12.09	00:37:32.968	1.33188				2
2025.12.09	00:37:33.591	1.33187				2
2025.12.09	00:37:34.206	1.33188	1.33266			6
2025.12.09	00:37:34.517	1.33184	1.33263			6
2025.12.09	00:37:34.831	1.33186	1.33261			6
2025.12.09	00:37:36.063		1.33263			4
2025.12.09	00:37:36.375		1.33261			4
2025.12.09	00:37:37.918	1.33187				2
2025.12.09	00:37:38.855	1.33186				2
2025.12.09	00:37:39.156	1.33187				2
2025.12.09	00:37:40.704	1.33186				2
2025.12.09	00:37:41.940	1.33187				2
2025.12.09	00:37:42.555	1.33186				2
2025.12.09	00:37:44.097	1.33187				2
2025.12.09	00:37:45.956	1.33186				2
2025.12.09	00:37:46.883	1.33187				2
2025.12.09	00:37:47.506	1.33186				2
2025.12.09	00:37:48.125	1.33187				2
2025.12.09	00:37:49.053		1.33259			4
2025.12.09	00:37:49.362	1.33186	1.33258			6
2025.12.09	00:37:49.669	1.33187				2
2025.12.09	00:37:49.973		1.33260			4
2025.12.09	00:37:50.275		1.33261			4
2025.12.09	00:37:50.581		1.33259			4
2025.12.09	00:37:50.890		1.33260			4
2025.12.09	00:37:51.194		1.33259			4
2025.12.09	00:37:51.496		1.33261			4
2025.12.09	00:37:51.804		1.33259			4
2025.12.09	00:37:53.342		1.33258			4
2025.12.09	00:37:53.947		1.33259			4
2025.12.09	00:37:56.101		1.33258			4
2025.12.09	00:37:58.555	1.33185				2
2025.12.09	00:37:58.856	1.33186	1.33257			6
2025.12.09	00:37:59.175		1.33258			4
2025.12.09	00:37:59.481		1.33256			4
2025.12.09	00:37:59.788	1.33187	1.33258			6
2025.12.09	00:38:00.103	1.33187				2
2025.12.09	00:38:01.032	1.33186				2
2025.12.09	00:38:01.343		1.33260			4
2025.12.09	00:38:01.653		1.33256			4
2025.12.09	00:38:02.574	1.33184	1.33258			6
2025.12.09	00:38:03.199	1.33185	1.33259			6
2025.12.09	00:38:04.747	1.33186				2
2025.12.09	00:38:05.053		1.33258			4
2025.12.09	00:38:06.294		1.33256			4
2025.12.09	00:38:06.900		1.33258			4
2025.12.09	00:38:10.562		1.33257			4
2025.12.09	00:38:11.488		1.33256			4
2025.12.09	00:38:14.548		1.33255			4
2025.12.09	00:38:14.855	1.33185	1.33256			6
2025.12.09	00:38:15.161	1.33186	1.33254			6
2025.12.09	00:38:15.770	1.33187	1.33255			6
2025.12.09	00:38:16.389		1.33257			4
2025.12.09	00:38:17.919	1.33186	1.33256			6
2025.12.09	00:38:18.235		1.33255			4
2025.12.09	00:38:20.676		1.33254			4
2025.12.09	00:38:23.126	1.33188				2
2025.12.09	00:38:23.433		1.33255			4
2025.12.09	00:38:23.740		1.33256			4
2025.12.09	00:38:24.054		1.33257			4
2025.12.09	00:38:24.668	1.33189				2
2025.12.09	00:38:25.282		1.33255			4
2025.12.09	00:38:27.432		1.33257			4
2025.12.09	00:38:28.664	1.33188	1.33253			6
2025.12.09	00:38:30.221	1.33189	1.33256			6
2025.12.09	00:38:30.528		1.33257			4
2025.12.09	00:38:31.453		1.33256			4
2025.12.09	00:38:35.174	1.33188				2
2025.12.09	00:38:36.703	1.33189	1.33255			6
2025.12.09	00:38:38.256	1.33188				2
2025.12.09	00:38:39.183	1.33191	1.33261			6
2025.12.09	00:38:39.494		1.33263			4
2025.12.09	00:38:41.031	1.33187	1.33262			6
2025.12.09	00:38:41.342		1.33253			4
2025.12.09	00:38:41.649		1.33254			4
2025.12.09	00:38:43.192		1.33252			4
2025.12.09	00:38:44.102	1.33185				2
2025.12.09	00:38:44.412	1.33186				2
2025.12.09	00:38:45.940		1.33258			4
2025.12.09	00:38:46.867		1.33256			4
2025.12.09	00:38:47.181		1.33255			4
2025.12.09	00:38:50.275		1.33257			4
2025.12.09	00:38:50.884		1.33258			4
2025.12.09	00:38:51.192		1.33254			4
2025.12.09	00:38:51.496	1.33185				2
2025.12.09	00:38:52.716		1.33252			4
2025.12.09	00:38:53.328	1.33186				2
2025.12.09	00:38:54.854		1.33254			4
2025.12.09	00:38:55.784		1.33256			4
2025.12.09	00:38:57.959		1.33253			4
2025.12.09	00:38:58.266		1.33255			4
2025.12.09	00:39:00.132	1.33185	1.33256			6
2025.12.09	00:39:00.437		1.33255			4
2025.12.09	00:39:00.755	1.33186	1.33256			6
2025.12.09	00:39:01.067		1.33254			4
2025.12.09	00:39:01.692	1.33185				2
2025.12.09	00:39:01.998		1.33253			4
2025.12.09	00:39:03.220	1.33186				2
2025.12.09	00:39:04.149		1.33252			4
2025.12.09	00:39:04.454	1.33185				2
2025.12.09	00:39:04.765	1.33186	1.33254			6
2025.12.09	00:39:06.303	1.33185	1.33253			6
2025.12.09	00:39:06.606		1.33256			4
2025.12.09	00:39:06.921		1.33257			4
2025.12.09	00:39:07.234		1.33254			4
2025.12.09	00:39:07.864		1.33253			4
2025.12.09	00:39:08.170	1.33186	1.33257			6
2025.12.09	00:39:08.476		1.33255			4
2025.12.09	00:39:20.883	1.33187				2
2025.12.09	00:39:22.438		1.33253			4
2025.12.09	00:39:23.675	1.33186				2
2025.12.09	00:39:37.953	1.33185				2
2025.12.09	00:39:38.273		1.33255			4
2025.12.09	00:39:38.585		1.33253			4
2025.12.09	00:39:40.137	1.33186				2
2025.12.09	00:39:50.066		1.33254			4
2025.12.09	00:39:51.311	1.33185				2
2025.12.09	00:39:54.407	1.33186				2
2025.12.09	00:39:58.735		1.33253			4
2025.12.09	00:40:00.290	1.33186				2
2025.12.09	00:40:05.865	1.33187				2
2025.12.09	00:40:08.029	1.33186				2
2025.12.09	00:40:16.989		1.33252			4
2025.12.09	00:40:21.339	1.33187				2
2025.12.09	00:40:22.576	1.33186				2
2025.12.09	00:40:28.458	1.33187				2
2025.12.09	00:40:29.699	1.33186	1.33253			6
2025.12.09	00:40:30.318		1.33254			4
2025.12.09	00:40:30.624		1.33253			4
2025.12.09	00:40:33.095	1.33185	1.33255			6
2025.12.09	00:40:34.030	1.33184				2
2025.12.09	00:40:34.342	1.33185				2
2025.12.09	00:40:34.651		1.33254			4
2025.12.09	00:40:34.962	1.33186	1.33252			6
2025.12.09	00:40:35.884		1.33253			4
2025.12.09	00:40:36.192	1.33185				2
2025.12.09	00:40:36.816		1.33252			4
2025.12.09	00:40:37.443		1.33251			4
2025.12.09	00:40:38.074		1.33253			4
2025.12.09	00:40:38.996	1.33186	1.33254			6
2025.12.09	00:40:41.783		1.33253			4
2025.12.09	00:40:42.085	1.33185				2
2025.12.09	00:40:43.000	1.33186				2
2025.12.09	00:40:43.610	1.33185				2
2025.12.09	00:40:43.919	1.33186				2
2025.12.09	00:40:55.060		1.33252			4
2025.12.09	00:40:56.908	1.33187	1.33255			6
2025.12.09	00:40:58.143	1.33188	1.33256			6
2025.12.09	00:41:00.294	1.33188				2
2025.12.09	00:41:00.604	1.33189	1.33257			6
2025.12.09	00:41:00.917		1.33256			4
2025.12.09	00:41:02.160	1.33190	1.33258			6
2025.12.09	00:41:04.331	1.33189	1.33257			6
2025.12.09	00:41:05.273	1.33190				2
2025.12.09	00:41:05.885	1.33191	1.33259			6
2025.12.09	00:41:06.200	1.33190	1.33257			6
2025.12.09	00:41:06.818		1.33258			4
2025.12.09	00:41:07.131	1.33189	1.33256			6
2025.12.09	00:41:07.442		1.33257			4
2025.12.09	00:41:08.056		1.33255			4
2025.12.09	00:41:08.365		1.33256			4
2025.12.09	00:41:10.227	1.33190				2
2025.12.09	00:41:14.554	1.33189				2
2025.12.09	00:41:15.802	1.33190				2
2025.12.09	00:41:16.418		1.33257			4
2025.12.09	00:41:17.660		1.33256			4
2025.12.09	00:41:18.899		1.33257			4
2025.12.09	00:41:28.498		1.33255			4
2025.12.09	00:41:28.807		1.33257			4
2025.12.09	00:41:29.123	1.33191	1.33259			6
2025.12.09	00:41:31.613	1.33192				2
2025.12.09	00:41:32.550		1.33260			4
2025.12.09	00:41:34.098		1.33261			4
2025.12.09	00:41:34.404		1.33259			4
2025.12.09	00:41:36.879		1.33262			4
2025.12.09	00:41:37.187	1.33193				2
2025.12.09	00:41:37.582		1.33260			4
2025.12.09	00:41:41.314	1.33194	1.33262			6
2025.12.09	00:41:41.621	1.33193	1.33260			6
2025.12.09	00:41:49.048	1.33194				2
2025.12.09	00:41:51.515	1.33193				2
2025.12.09	00:41:57.396	1.33190	1.33255			6
2025.12.09	00:41:57.837	1.33183				2
2025.12.09	00:41:58.157	1.33178	1.33254			6
2025.12.09	00:41:58.816	1.33190	1.33255			6
2025.12.09	00:42:00.966	1.33189	1.33256			6
2025.12.09	00:42:05.433	1.33190	1.33255			6
2025.12.09	00:42:06.445	1.33189	1.33256			6
2025.12.09	00:42:17.942	1.33173	1.33254			6
2025.12.09	00:42:18.307	1.33189	1.33256			6
2025.12.09	00:42:19.082	1.33188	1.33257			6
2025.12.09	00:42:21.847	1.33179	1.33254			6
2025.12.09	00:42:22.157	1.33189	1.33256			6
2025.12.09	00:42:24.849	1.33179	1.33254			6
2025.12.09	00:42:25.162		1.33253			4
2025.12.09	00:42:26.085	1.33188	1.33257			6
2025.12.09	00:42:26.401	1.33177	1.33254			6
2025.12.09	00:42:26.709	1.33176				2
2025.12.09	00:42:27.016	1.33177				2
2025.12.09	00:42:27.327		1.33253			4
2025.12.09	00:42:32.904	1.33176				2
2025.12.09	00:42:43.440	1.33177				2
2025.12.09	00:42:43.753	1.33178	1.33254			6
2025.12.09	00:42:44.375	1.33177				2
2025.12.09	00:42:44.693	1.33180				2
2025.12.09	00:42:49.667		1.33255			4
2025.12.09	00:42:51.847	1.33181				2
2025.12.09	00:43:00.200	1.33181				2
2025.12.09	00:43:01.742	1.33189	1.33256			6
2025.12.09	00:43:13.171	1.33180				2
2025.12.09	00:43:13.485	1.33177				2
2025.12.09	00:43:13.800	1.33175				2
2025.12.09	00:43:16.586	1.33177				2
2025.12.09	00:43:16.900	1.33178				2
2025.12.09	00:43:21.541	1.33189				2
2025.12.09	00:43:32.332	1.33181				2
2025.12.09	00:43:33.894	1.33189				2
2025.12.09	00:43:35.743	1.33188	1.33257			6
2025.12.09	00:44:04.086	1.33188				2
2025.12.09	00:44:15.532	1.33187	1.33258			6
2025.12.09	00:44:18.916	1.33188	1.33257			6
2025.12.09	00:44:22.881	1.33175	1.33255			6
2025.12.09	00:44:25.352	1.33176				2
2025.12.09	00:44:27.219	1.33187	1.33258			6
2025.12.09	00:44:27.766	1.33175	1.33256			6
2025.12.09	00:44:32.732	1.33187	1.33258			6
2025.12.09	00:44:36.488	1.33188	1.33257			6
2025.12.09	00:44:38.587	1.33178	1.33256			6
2025.12.09	00:44:42.911	1.33187	1.33258			6
2025.12.09	00:44:43.220	1.33180	1.33257			6
2025.12.09	00:44:43.524	1.33175				2
2025.12.09	00:44:43.825	1.33170	1.33254			6
2025.12.09	00:44:44.156	1.33176	1.33256			6
2025.12.09	00:44:49.756	1.33175	1.33257			6
2025.12.09	00:44:57.448	1.33173	1.33255			6
2025.12.09	00:44:59.096	1.33174	1.33254			6
2025.12.09	00:45:00.026	1.33173				2
2025.12.09	00:45:01.783	1.33174				2
2025.12.09	00:45:02.416	1.33173				2
2025.12.09	00:45:03.202		1.33266			4
2025.12.09	00:45:06.616		1.33254			4
2025.12.09	00:45:11.572	1.33189	1.33238			6
2025.12.09	00:45:19.927		1.33239			4
2025.12.09	00:45:23.322	1.33186				2
2025.12.09	00:45:23.631	1.33187				2
2025.12.09	00:45:26.727	1.33188				2
2025.12.09	00:45:27.348		1.33238			4
2025.12.09	00:45:37.853	1.33186				2
2025.12.09	00:45:40.014	1.33185				2
2025.12.09	00:45:40.321	1.33186				2
2025.12.09	00:45:52.404	1.33187				2
2025.12.09	00:46:00.127	1.33187				2
2025.12.09	00:46:20.249		1.33239			4
2025.12.09	00:46:22.405	1.33193				2
2025.12.09	00:46:22.713	1.33191	1.33241			6
2025.12.09	00:46:24.268	1.33190				2
2025.12.09	00:46:24.887	1.33191				2
2025.12.09	00:46:25.505	1.33189				2
2025.12.09	00:46:25.812	1.33191	1.33240			6
2025.12.09	00:46:26.130		1.33241			4
2025.12.09	00:46:26.431	1.33189	1.33240			6
2025.12.09	00:46:28.917	1.33192				2
2025.12.09	00:46:30.151	1.33189				2
2025.12.09	00:46:30.460	1.33190	1.33241			6
2025.12.09	00:46:31.398	1.33189	1.33242			6
2025.12.09	00:46:32.331		1.33244			4
2025.12.09	00:46:33.570		1.33242			4
2025.12.09	00:46:33.873	1.33190				2
2025.12.09	00:46:34.497	1.33189				2
2025.12.09	00:46:35.113	1.33190	1.33241			6
2025.12.09	00:46:39.775	1.33189	1.33242			6
2025.12.09	00:46:42.892		1.33241			4
2025.12.09	00:46:43.199	1.33190	1.33242			6
2025.12.09	00:46:43.504	1.33184				2
2025.12.09	00:46:43.807	1.33182				2
2025.12.09	00:46:44.724	1.33189				2
2025.12.09	00:46:45.350	1.33190				2
2025.12.09	00:46:47.532		1.33240			4
2025.12.09	00:46:49.091	1.33189	1.33242			6
2025.12.09	00:46:54.048	1.33190	1.33241			6
2025.12.09	00:46:54.973	1.33189				2
2025.12.09	00:46:55.281	1.33190				2
2025.12.09	00:47:00.243	1.33190				2
2025.12.09	00:47:03.020	1.33185	1.33249			6
2025.12.09	00:47:03.953	1.33183				2
2025.12.09	00:47:04.575	1.33185				2
2025.12.09	00:47:04.876	1.33182				2
2025.12.09	00:47:06.417	1.33180	1.33250			6
2025.12.09	00:47:06.727	1.33181	1.33241			6
2025.12.09	00:47:07.347	1.33178				2
2025.12.09	00:47:08.269	1.33190				2
2025.12.09	00:47:11.977	1.33191				2
2025.12.09	00:47:20.620	1.33190				2
2025.12.09	00:47:25.253	1.33183				2
2025.12.09	00:47:25.562	1.33191				2
2025.12.09	00:47:29.581	1.33193	1.33238			6
2025.12.09	00:47:34.201	1.33184	1.33239			6
2025.12.09	00:47:34.514	1.33181				2
2025.12.09	00:47:34.820	1.33180	1.33237			6
2025.12.09	00:47:35.135		1.33236			4
2025.12.09	00:47:39.469		1.33237			4
2025.12.09	00:47:41.321		1.33238			4
2025.12.09	00:47:42.247	1.33181				2
2025.12.09	00:47:46.565	1.33193				2
2025.12.09	00:47:49.967	1.33197	1.33249			6
2025.12.09	00:47:50.274		1.33253			4
2025.12.09	00:47:50.585		1.33252			4
2025.12.09	00:47:51.194		1.33253			4
2025.12.09	00:47:51.504		1.33255			4
2025.12.09	00:47:52.432	1.33196	1.33254			6
2025.12.09	00:47:53.977	1.33197	1.33255			6
2025.12.09	00:47:54.291		1.33253			4
2025.12.09	00:47:55.521	1.33196				2
2025.12.09	00:48:00.171	1.33196				2
2025.12.09	00:48:02.326		1.33255			4
2025.12.09	00:48:02.646		1.33253			4
2025.12.09	00:48:04.182		1.33254			4
2025.12.09	00:48:04.491		1.33255			4
2025.12.09	00:48:06.955		1.33254			4
2025.12.09	00:48:07.262		1.33253			4
2025.12.09	00:48:10.345		1.33254			4
2025.12.09	00:48:11.269		1.33252			4
2025.12.09	00:48:15.581		1.33250			4
2025.12.09	00:48:16.192		1.33252			4
2025.12.09	00:48:16.495		1.33253			4
2025.12.09	00:48:16.808		1.33251			4
2025.12.09	00:48:17.736	1.33195	1.33242			6
2025.12.09	00:48:18.041		1.33243			4
2025.12.09	00:48:18.354		1.33242			4
2025.12.09	00:48:18.661		1.33240			4
2025.12.09	00:48:18.965		1.33243			4
2025.12.09	00:48:20.521		1.33240			4
2025.12.09	00:48:20.844		1.33238			4
2025.12.09	00:48:21.147		1.33241			4
2025.12.09	00:48:21.466		1.33238			4
2025.12.09	00:48:21.776		1.33239			4
2025.12.09	00:48:22.084		1.33238			4
2025.12.09	00:48:22.388		1.33245			4
2025.12.09	00:48:23.010		1.33248			4
2025.12.09	00:48:23.321		1.33244			4
2025.12.09	00:48:24.867		1.33245			4
2025.12.09	00:48:26.713	1.33194	1.33244			6
2025.12.09	00:48:27.336		1.33245			4
2025.12.09	00:48:30.138		1.33246			4
2025.12.09	00:48:31.067	1.33195				2
2025.12.09	00:48:34.147	1.33194				2
2025.12.09	00:48:47.170		1.33241			4
2025.12.09	00:48:49.328		1.33245			4
2025.12.09	00:48:49.639		1.33246			4
2025.12.09	00:48:51.182		1.33248			4
2025.12.09	00:48:53.050		1.33249			4
2025.12.09	00:48:53.978	1.33195				2
2025.12.09	00:48:55.215		1.33245			4
2025.12.09	00:48:58.931		1.33249			4
2025.12.09	00:49:00.177	1.33195				2
2025.12.09	00:49:03.570		1.33246			4
2025.12.09	00:49:09.444		1.33241			4
2025.12.09	00:49:13.462		1.33245			4
2025.12.09	00:49:14.389		1.33242			4
2025.12.09	00:49:14.692		1.33241			4
2025.12.09	00:49:15.311		1.33244			4
2025.12.09	00:49:15.929	1.33194				2
2025.12.09	00:49:23.050		1.33242			4
2025.12.09	00:49:23.370		1.33238			4
2025.12.09	00:49:23.676		1.33241			4
2025.12.09	00:49:26.462		1.33242			4
2025.12.09	00:49:27.095	1.33193	1.33248			6
2025.12.09	00:49:27.404	1.33194	1.33245			6
2025.12.09	00:49:28.328	1.33195				2
2025.12.09	00:49:29.874		1.33244			4
2025.12.09	00:49:31.421	1.33196				2
2025.12.09	00:49:32.351		1.33241			4
2025.12.09	00:49:34.215	1.33195	1.33244			6
2025.12.09	00:49:40.732		1.33242			4
2025.12.09	00:49:41.960	1.33196				2
2025.12.09	00:49:43.197		1.33241			4
2025.12.09	00:49:47.232	1.33194				2
2025.12.09	00:49:47.846		1.33242			4
2025.12.09	00:49:52.809		1.33241			4
2025.12.09	00:49:53.734		1.33244			4
2025.12.09	00:49:54.042	1.33195	1.33247			6
2025.12.09	00:49:54.350		1.33243			4
2025.12.09	00:49:58.060		1.33242			4
2025.12.09	00:49:58.367		1.33244			4
2025.12.09	00:50:00.223	1.33195				2
2025.12.09	00:50:03.318	1.33193	1.33243			6
2025.12.09	00:50:03.623		1.33245			4
2025.12.09	00:50:04.244	1.33194	1.33244			6
2025.12.09	00:50:04.552	1.33196	1.33242			6
2025.12.09	00:50:05.169	1.33195	1.33243			6
2025.12.09	00:50:18.212	1.33196	1.33242			6
2025.12.09	00:50:18.526	1.33195	1.33244			6
2025.12.09	00:50:19.455	1.33196	1.33243			6
2025.12.09	00:50:19.764		1.33242			4
2025.12.09	00:50:20.074	1.33193	1.33245			6
2025.12.09	00:50:20.385	1.33195	1.33243			6
2025.12.09	00:50:21.309	1.33197	1.33242			6
2025.12.09	00:50:21.615	1.33195	1.33244			6
2025.12.09	00:50:25.034		1.33243			4
2025.12.09	00:50:25.651		1.33240			4
2025.12.09	00:50:25.959		1.33237			4
2025.12.09	00:50:26.266		1.33239			4
2025.12.09	00:50:26.578		1.33240			4
2025.12.09	00:50:26.887		1.33238			4
2025.12.09	00:50:27.805		1.33236			4
2025.12.09	00:50:28.419		1.33235			4
2025.12.09	00:50:28.731		1.33239			4
2025.12.09	00:50:29.042		1.33238			4
2025.12.09	00:50:29.353		1.33244			4
2025.12.09	00:50:29.962		1.33239			4
2025.12.09	00:50:30.276		1.33241			4
2025.12.09	00:50:30.583		1.33239			4
2025.12.09	00:50:30.889		1.33233			4
2025.12.09	00:50:31.504		1.33234			4
2025.12.09	00:50:33.331	1.33194				2
2025.12.09	00:50:33.639		1.33236			4
2025.12.09	00:50:35.480		1.33241			4
2025.12.09	00:50:36.407	1.33195	1.33239			6
2025.12.09	00:50:36.715		1.33240			4
2025.12.09	00:50:37.647		1.33242			4
2025.12.09	00:50:37.959		1.33241			4
2025.12.09	00:50:38.571		1.33243			4
2025.12.09	00:50:39.188		1.33250			4
2025.12.09	00:50:40.130		1.33249			4
2025.12.09	00:50:40.446		1.33248			4
2025.12.09	00:50:41.677		1.33249			4
2025.12.09	00:50:41.987		1.33251			4
2025.12.09	00:50:42.610		1.33253			4
2025.12.09	00:50:42.917		1.33251			4
2025.12.09	00:50:43.233	1.33196	1.33254			6
2025.12.09	00:50:43.540		1.33252			4
2025.12.09	00:50:45.397		1.33253			4
2025.12.09	00:50:46.629		1.33252			4
2025.12.09	00:50:46.937		1.33250			4
2025.12.09	00:50:48.482	1.33195	1.33249			6
2025.12.09	00:50:51.561		1.33250			4
2025.12.09	00:50:52.796		1.33249			4
2025.12.09	00:50:53.105		1.33252			4
2025.12.09	00:50:54.029		1.33253			4
2025.12.09	00:50:54.341		1.33252			4
2025.12.09	00:50:54.651		1.33250			4
2025.12.09	00:50:55.269		1.33251			4
2025.12.09	00:50:58.058		1.33249			4
2025.12.09	00:50:58.675	1.33196				2
2025.12.09	00:50:59.907		1.33250			4
2025.12.09	00:51:00.221	1.33196				2
2025.12.09	00:51:01.150		1.33251			4
2025.12.09	00:51:03.921		1.33248			4
2025.12.09	00:51:07.007		1.33251			4
2025.12.09	00:51:07.317		1.33249			4
2025.12.09	00:51:07.627		1.33248			4
2025.12.09	00:51:11.631		1.33247			4
2025.12.09	00:51:15.652		1.33249			4
2025.12.09	00:51:17.516		1.33248			4
2025.12.09	00:51:17.823		1.33249			4
2025.12.09	00:51:18.445	1.33195				2
2025.12.09	00:51:20.291	1.33196				2
2025.12.09	00:51:21.526		1.33247			4
2025.12.09	00:51:21.833		1.33246			4
2025.12.09	00:51:22.458		1.33245			4
2025.12.09	00:51:23.376		1.33252			4
2025.12.09	00:51:23.688		1.33248			4
2025.12.09	00:51:24.609		1.33245			4
2025.12.09	00:51:26.159		1.33247			4
2025.12.09	00:51:26.462		1.33244			4
2025.12.09	00:51:30.781		1.33246			4
2025.12.09	00:51:31.092		1.33245			4
2025.12.09	00:51:31.393		1.33248			4
2025.12.09	00:51:37.252	1.33198	1.33251			6
2025.12.09	00:51:37.564		1.33250			4
2025.12.09	00:51:37.869		1.33249			4
2025.12.09	00:51:38.179		1.33247			4
2025.12.09	00:51:41.574		1.33250			4
2025.12.09	00:51:41.881		1.33251			4
2025.12.09	00:51:42.190		1.33253			4
2025.12.09	00:51:43.110		1.33252			4
2025.12.09	00:51:45.887	1.33199				2
2025.12.09	00:51:46.203		1.33251			4
2025.12.09	00:51:46.509		1.33252			4
2025.12.09	00:51:49.004		1.33253			4
2025.12.09	00:51:50.850		1.33252			4
2025.12.09	00:51:51.469		1.33251			4
2025.12.09	00:51:54.249		1.33248			4
2025.12.09	00:51:54.864		1.33250			4
2025.12.09	00:51:55.477		1.33247			4
2025.12.09	00:51:56.713	1.33200				2
2025.12.09	00:51:57.327		1.33246			4
2025.12.09	00:51:57.645		1.33245			4
2025.12.09	00:51:58.261		1.33244			4
2025.12.09	00:51:58.572		1.33248			4
2025.12.09	00:52:00.114	1.33200				2
2025.12.09	00:52:00.731		1.33247			4
2025.12.09	00:52:01.039		1.33248			4
2025.12.09	00:52:01.351		1.33245			4
2025.12.09	00:52:01.662		1.33244			4
2025.12.09	00:52:02.897		1.33243			4
2025.12.09	00:52:03.203	1.33199	1.33244			6
2025.12.09	00:52:04.746		1.33241			4
2025.12.09	00:52:05.053		1.33243			4
2025.12.09	00:52:05.980		1.33242			4
2025.12.09	00:52:07.520		1.33243			4
2025.12.09	00:52:07.831		1.33242			4
2025.12.09	00:52:13.388	1.33200	1.33245			6
2025.12.09	00:52:13.693	1.33199				2
2025.12.09	00:52:13.999		1.33246			4
2025.12.09	00:52:14.308		1.33243			4
2025.12.09	00:52:14.616		1.33244			4
2025.12.09	00:52:15.543		1.33242			4
2025.12.09	00:52:15.854		1.33240			4
2025.12.09	00:52:16.157		1.33239			4
2025.12.09	00:52:19.236		1.33238			4
2025.12.09	00:52:20.774		1.33247			4
2025.12.09	00:52:21.697	1.33198	1.33246			6
2025.12.09	00:52:22.004	1.33200				2
2025.12.09	00:52:22.616		1.33242			4
2025.12.09	00:52:23.242		1.33244			4
2025.12.09	00:52:24.475		1.33241			4
2025.12.09	00:52:25.088	1.33199	1.33240			6
2025.12.09	00:52:25.394		1.33245			4
2025.12.09	00:52:25.697		1.33246			4
2025.12.09	00:52:26.002		1.33241			4
2025.12.09	00:52:26.309		1.33246			4
2025.12.09	00:52:26.620		1.33242			4
2025.12.09	00:52:27.552	1.33197				2
2025.12.09	00:52:28.174		1.33244			4
2025.12.09	00:52:28.481	1.33198	1.33246			6
2025.12.09	00:52:28.790		1.33248			4
2025.12.09	00:52:29.406		1.33245			4
2025.12.09	00:52:31.565	1.33199				2
2025.12.09	00:52:34.957		1.33244			4
2025.12.09	00:52:35.265		1.33239			4
2025.12.09	00:52:36.197		1.33241			4
2025.12.09	00:52:36.504		1.33240			4
2025.12.09	00:52:39.283	1.33198	1.33243			6
2025.12.09	00:52:39.899		1.33245			4
2025.12.09	00:52:41.128		1.33243			4
2025.12.09	00:52:41.435	1.33197	1.33244			6
2025.12.09	00:52:42.986		1.33245			4
2025.12.09	00:52:43.602	1.33198				2
2025.12.09	00:52:43.913		1.33243			4
2025.12.09	00:52:44.836		1.33242			4
2025.12.09	00:52:46.067	1.33196	1.33243			6
2025.12.09	00:52:46.373	1.33197	1.33242			6
2025.12.09	00:52:46.995	1.33196				2
2025.12.09	00:52:47.930	1.33198				2
2025.12.09	00:52:50.396	1.33196	1.33248			6
2025.12.09	00:52:50.703	1.33197	1.33243			6
2025.12.09	00:52:52.244		1.33249			4
2025.12.09	00:52:52.553		1.33248			4
2025.12.09	00:52:58.407	1.33198	1.33243			6
2025.12.09	00:53:00.260	1.33198				2
2025.12.09	00:53:00.572		1.33245			4
2025.12.09	00:53:01.183	1.33199				2
2025.12.09	00:53:03.954	1.33200				2
2025.12.09	00:53:04.260	1.33197	1.33241			6
2025.12.09	00:53:04.564	1.33199	1.33242			6
2025.12.09	00:53:06.720		1.33241			4
2025.12.09	00:53:07.649		1.33240			4
2025.12.09	00:53:08.272		1.33237			4
2025.12.09	00:53:08.580		1.33240			4
2025.12.09	00:53:09.200		1.33241			4
2025.12.09	00:53:09.511		1.33240			4
2025.12.09	00:53:09.817		1.33241			4
2025.12.09	00:53:10.434	1.33198	1.33247			6
2025.12.09	00:53:10.750		1.33242			4
2025.12.09	00:53:11.672		1.33243			4
2025.12.09	00:53:11.979		1.33241			4
2025.12.09	00:53:12.289	1.33197				2
2025.12.09	00:53:12.904		1.33240			4
2025.12.09	00:53:13.211		1.33239			4
2025.12.09	00:53:13.523		1.33238			4
2025.12.09	00:53:14.452		1.33242			4
2025.12.09	00:53:15.991	1.33198				2
2025.12.09	00:53:16.919	1.33197	1.33244			6
2025.12.09	00:53:17.227		1.33242			4
2025.12.09	00:53:19.701		1.33245			4
2025.12.09	00:53:20.623		1.33243			4
2025.12.09	00:53:26.475		1.33240			4
2025.12.09	00:53:28.022		1.33242			4
2025.12.09	00:53:28.329		1.33239			4
2025.12.09	00:53:28.647		1.33244			4
2025.12.09	00:53:34.192	1.33198				2
2025.12.09	00:53:35.123	1.33199				2
2025.12.09	00:53:36.053	1.33198				2
2025.12.09	00:53:39.470		1.33243			4
2025.12.09	00:53:40.081		1.33242			4
2025.12.09	00:53:40.391		1.33245			4
2025.12.09	00:53:40.698		1.33243			4
2025.12.09	00:53:41.316		1.33245			4
2025.12.09	00:53:41.932		1.33246			4
2025.12.09	00:53:45.944		1.33243			4
2025.12.09	00:53:46.244	1.33197				2
2025.12.09	00:53:47.482	1.33199	1.33240			6
2025.12.09	00:53:47.792		1.33247			4
2025.12.09	00:53:48.104		1.33244			4
2025.12.09	00:53:48.408	1.33198	1.33243			6
2025.12.09	00:53:48.711		1.33239			4
2025.12.09	00:53:49.321		1.33238			4
2025.12.09	00:53:49.948		1.33237			4
2025.12.09	00:53:50.265	1.33197	1.33236			6
2025.12.09	00:53:51.494		1.33246			4
2025.12.09	00:53:51.804		1.33241			4
2025.12.09	00:53:52.731	1.33198	1.33235			6
2025.12.09	00:53:53.343	1.33199				2
2025.12.09	00:53:53.648		1.33243			4
2025.12.09	00:53:56.741		1.33245			4
2025.12.09	00:53:57.360		1.33246			4
2025.12.09	00:53:57.675		1.33245			4
2025.12.09	00:53:57.983		1.33244			4
2025.12.09	00:53:58.904	1.33200				2
2025.12.09	00:54:00.143	1.33200				2
2025.12.09	00:54:00.452		1.33242			4
2025.12.09	00:54:01.380		1.33243			4
2025.12.09	00:54:01.690		1.33244			4
2025.12.09	00:54:01.998		1.33242			4
2025.12.09	00:54:02.305		1.33243			4
2025.12.09	00:54:04.776		1.33249			4
2025.12.09	00:54:05.086		1.33248			4
2025.12.09	00:54:05.393		1.33242			4
2025.12.09	00:54:05.695		1.33243			4
2025.12.09	00:54:06.011		1.33241			4
2025.12.09	00:54:06.319		1.33243			4
2025.12.09	00:54:06.630		1.33242			4
2025.12.09	00:54:06.936		1.33243			4
2025.12.09	00:54:07.559		1.33244			4
2025.12.09	00:54:09.121		1.33246			4
2025.12.09	00:54:09.430		1.33248			4
2025.12.09	00:54:10.360		1.33246			4
2025.12.09	00:54:10.667		1.33241			4
2025.12.09	00:54:10.975		1.33243			4
2025.12.09	00:54:11.290		1.33242			4
2025.12.09	00:54:11.593		1.33240			4
2025.12.09	00:54:11.901		1.33238			4
2025.12.09	00:54:13.141		1.33240			4
2025.12.09	00:54:13.450		1.33238			4
2025.12.09	00:54:13.757		1.33240			4
2025.12.09	00:54:14.374		1.33241			4
2025.12.09	00:54:14.681	1.33201	1.33239			6
2025.12.09	00:54:17.155		1.33238			4
2025.12.09	00:54:17.464		1.33237			4
2025.12.09	00:54:18.381		1.33242			4
2025.12.09	00:54:19.306		1.33241			4
2025.12.09	00:54:19.621		1.33238			4
2025.12.09	00:54:20.241	1.33199	1.33239			6
2025.12.09	00:54:21.173	1.33198				2
2025.12.09	00:54:21.474		1.33246			4
2025.12.09	00:54:21.786		1.33244			4
2025.12.09	00:54:22.397	1.33197	1.33242			6
2025.12.09	00:54:22.708		1.33240			4
2025.12.09	00:54:24.871	1.33198	1.33242			6
2025.12.09	00:54:25.178		1.33243			4
2025.12.09	00:54:25.489		1.33239			4
2025.12.09	00:54:26.405	1.33197	1.33237			6
2025.12.09	00:54:26.714		1.33235			4
2025.12.09	00:54:27.024		1.33236			4
2025.12.09	00:54:28.867		1.33241			4
2025.12.09	00:54:29.177		1.33239			4
2025.12.09	00:54:29.485		1.33246			4
2025.12.09	00:54:29.794	1.33199	1.33243			6
2025.12.09	00:54:30.412		1.33244			4
2025.12.09	00:54:31.032	1.33198				2
2025.12.09	00:54:31.343		1.33247			4
2025.12.09	00:54:31.656		1.33246			4
2025.12.09	00:54:32.277		1.33247			4
2025.12.09	00:54:33.205	1.33199	1.33246			6
2025.12.09	00:54:33.825		1.33242			4
2025.12.09	00:54:34.133		1.33243			4
2025.12.09	00:54:34.440		1.33242			4
2025.12.09	00:54:34.756		1.33238			4
2025.12.09	00:54:35.075		1.33242			4
2025.12.09	00:54:35.381	1.33200				2
2025.12.09	00:54:37.226	1.33201	1.33246			6
2025.12.09	00:54:37.536	1.33199				2
2025.12.09	00:54:37.836		1.33247			4
2025.12.09	00:54:38.157		1.33246			4
2025.12.09	00:54:38.460		1.33245			4
2025.12.09	00:54:38.769		1.33242			4
2025.12.09	00:54:39.072		1.33244			4
2025.12.09	00:54:39.377		1.33249			4
2025.12.09	00:54:39.684		1.33244			4
2025.12.09	00:54:40.000		1.33243			4
2025.12.09	00:54:40.317		1.33242			4
2025.12.09	00:54:40.623		1.33241			4
2025.12.09	00:54:41.239		1.33242			4
2025.12.09	00:54:41.548		1.33241			4
2025.12.09	00:54:43.089	1.33181	1.33204			6
2025.12.09	00:54:43.395	1.33183	1.33203			6
2025.12.09	00:54:43.697		1.33202			4
2025.12.09	00:54:45.526	1.33182				2
2025.12.09	00:54:45.831	1.33181				2
2025.12.09	00:54:50.412		1.33200			4
2025.12.09	00:54:50.715		1.33202			4
2025.12.09	00:54:55.907		1.33203			4
2025.12.09	00:55:00.192	1.33181				2
2025.12.09	00:55:01.122	1.33178				2
2025.12.09	00:55:01.740	1.33177				2
2025.12.09	00:55:03.281	1.33178				2
2025.12.09	00:55:06.032	1.33179				2
2025.12.09	00:55:06.937	1.33177				2
2025.12.09	00:55:16.114		1.33204			4
2025.12.09	00:55:26.548	1.33176				2
2025.12.09	00:55:31.504	1.33177				2
2025.12.09	00:55:32.431		1.33206			4
2025.12.09	00:55:32.740	1.33178				2
2025.12.09	00:55:35.208	1.33179				2
2025.12.09	00:55:37.683	1.33187				2
2025.12.09	00:55:37.986	1.33180	1.33205			6
2025.12.09	00:55:39.229	1.33181				2
2025.12.09	00:55:39.533	1.33191	1.33220			6
2025.12.09	00:55:39.837	1.33195				2
2025.12.09	00:55:43.246	1.33196				2
2025.12.09	00:55:44.175	1.33197				2
2025.12.09	00:55:54.345		1.33225			4
2025.12.09	00:55:54.958		1.33230			4
2025.12.09	00:55:57.117	1.33196				2
2025.12.09	00:55:57.423	1.33195				2
2025.12.09	00:55:58.655	1.33197				2
2025.12.09	00:55:59.893		1.33221			4
2025.12.09	00:56:00.202	1.33197				2
2025.12.09	00:56:00.508	1.33195				2
2025.12.09	00:56:06.086	1.33197				2
2025.12.09	00:56:06.392	1.33195				2
2025.12.09	00:56:07.015	1.33196				2
2025.12.09	00:56:13.184	1.33195				2
2025.12.09	00:56:13.493	1.33196				2
2025.12.09	00:56:13.805	1.33197				2
2025.12.09	00:56:14.741	1.33198				2
2025.12.09	00:56:15.972	1.33197				2
2025.12.09	00:56:20.907	1.33196				2
2025.12.09	00:56:21.220	1.33195				2
2025.12.09	00:56:21.828	1.33196				2
2025.12.09	00:56:23.388	1.33189	1.33239			6
2025.12.09	00:56:25.251	1.33188				2
2025.12.09	00:56:27.102	1.33196	1.33221			6
2025.12.09	00:56:30.501		1.33225			4
2025.12.09	00:56:31.431	1.33197				2
2025.12.09	00:56:32.359	1.33196				2
2025.12.09	00:56:32.670	1.33197				2
2025.12.09	00:56:36.065	1.33196				2
2025.12.09	00:56:37.306	1.33194				2
2025.12.09	00:56:37.627		1.33230			4
2025.12.09	00:56:45.042		1.33221			4
2025.12.09	00:56:46.280	1.33193				2
2025.12.09	00:56:47.509	1.33194				2
2025.12.09	00:56:51.229	1.33193				2
2025.12.09	00:57:00.207	1.33193				2
2025.12.09	00:57:01.436	1.33194				2
2025.12.09	00:57:02.971	1.33193				2
2025.12.09	00:57:07.310	1.33192				2
2025.12.09	00:57:11.909	1.33191				2
2025.12.09	00:57:12.214	1.33192				2
2025.12.09	00:57:12.522	1.33191				2
2025.12.09	00:57:12.836	1.33192				2
2025.12.09	00:57:13.449	1.33191				2
2025.12.09	00:57:15.609	1.33192				2
2025.12.09	00:57:16.234	1.33191	1.33228			6
2025.12.09	00:57:16.540	1.33192	1.33227			6
2025.12.09	00:57:16.841	1.33194	1.33230			6
2025.12.09	00:57:18.382	1.33195	1.33234			6
2025.12.09	00:57:18.691	1.33196				2
2025.12.09	00:57:18.999		1.33230			4
2025.12.09	00:57:19.309	1.33191				2
2025.12.09	00:57:19.616		1.33226			4
2025.12.09	00:57:20.237	1.33192				2
2025.12.09	00:57:22.091	1.33189	1.33225			6
2025.12.09	00:57:22.405	1.33188	1.33226			6
2025.12.09	00:57:22.707		1.33224			4
2025.12.09	00:57:23.331		1.33225			4
2025.12.09	00:57:25.481	1.33187	1.33226			6
2025.12.09	00:57:25.794	1.33189	1.33225			6
2025.12.09	00:57:27.640	1.33188	1.33224			6
2025.12.09	00:57:28.264		1.33225			4
2025.12.09	00:57:28.571	1.33190	1.33226			6
2025.12.09	00:57:28.888	1.33189	1.33225			6
2025.12.09	00:57:29.193		1.33227			4
2025.12.09	00:57:29.502	1.33191				2
2025.12.09	00:57:30.123	1.33189	1.33225			6
2025.12.09	00:57:30.427	1.33190	1.33226			6
2025.12.09	00:57:32.295	1.33191	1.33227			6
2025.12.09	00:57:32.609	1.33189				2
2025.12.09	00:57:33.229		1.33228			4
2025.12.09	00:57:33.531		1.33226			4
2025.12.09	00:57:34.457	1.33191				2
2025.12.09	00:57:35.084		1.33225			4
2025.12.09	00:57:35.389	1.33190				2
2025.12.09	00:57:36.628	1.33189	1.33227			6
2025.12.09	00:57:37.243	1.33190	1.33226			6
2025.12.09	00:57:37.549	1.33191				2
2025.12.09	00:57:37.858	1.33189	1.33228			6
2025.12.09	00:57:38.166	1.33190	1.33226			6
2025.12.09	00:57:38.477	1.33189	1.33224			6
2025.12.09	00:57:38.784	1.33186				2
2025.12.09	00:57:39.711	1.33185				2
2025.12.09	00:57:40.340		1.33223			4
2025.12.09	00:57:40.648	1.33186				2
2025.12.09	00:57:40.965	1.33185				2
2025.12.09	00:57:41.271		1.33222			4
2025.12.09	00:57:43.124		1.33223			4
2025.12.09	00:57:43.426	1.33184	1.33225			6
2025.12.09	00:57:44.360	1.33182	1.33226			6
2025.12.09	00:57:45.292	1.33184	1.33227			6
2025.12.09	00:57:45.596	1.33186				2
2025.12.09	00:57:46.209	1.33185	1.33226			6
2025.12.09	00:57:47.755		1.33227			4
2025.12.09	00:57:48.376		1.33228			4
2025.12.09	00:57:48.685	1.33184	1.33229			6
2025.12.09	00:57:48.997	1.33185				2
2025.12.09	00:57:49.308	1.33187	1.33228			6
2025.12.09	00:57:49.612	1.33186				2
2025.12.09	00:57:50.007	1.33193	1.33237			6
2025.12.09	00:57:50.312	1.33194				2
2025.12.09	00:57:50.623		1.33235			4
2025.12.09	00:57:50.931	1.33195				2
2025.12.09	00:57:51.552		1.33236			4
2025.12.09	00:57:51.860	1.33188	1.33230			6
2025.12.09	00:57:52.164	1.33186				2
2025.12.09	00:57:52.473	1.33189				2
2025.12.09	00:57:53.717	1.33194	1.33238			6
2025.12.09	00:57:54.021	1.33195	1.33237			6
2025.12.09	00:57:54.331	1.33192	1.33233			6
2025.12.09	00:57:55.269	1.33191	1.33232			6
2025.12.09	00:57:55.881	1.33188	1.33226			6
2025.12.09	00:57:56.183	1.33185	1.33225			6
2025.12.09	00:57:56.500		1.33226			4
2025.12.09	00:57:57.116		1.33225			4
2025.12.09	00:57:58.666	1.33182	1.33224			6
2025.12.09	00:57:58.974	1.33183				2
2025.12.09	00:57:59.280	1.33184				2
2025.12.09	00:58:00.211	1.33184				2
2025.12.09	00:58:03.297	1.33181	1.33223			6
2025.12.09	00:58:03.611		1.33222			4
2025.12.09	00:58:04.229	1.33180				2
2025.12.09	00:58:06.393	1.33182				2
2025.12.09	00:58:09.175	1.33181				2
2025.12.09	00:58:09.475	1.33185				2
2025.12.09	00:58:10.098	1.33180				2
2025.12.09	00:58:10.400	1.33184				2
2025.12.09	00:58:10.721	1.33182				2
2025.12.09	00:58:11.333	1.33181				2
2025.12.09	00:58:12.269		1.33221			4
2025.12.09	00:58:15.346		1.33222			4
2025.12.09	00:58:17.506	1.33182				2
2025.12.09	00:58:17.828	1.33181				2
2025.12.09	00:58:18.748		1.33221			4
2025.12.09	00:58:19.675	1.33183				2
2025.12.09	00:58:20.285	1.33181				2
2025.12.09	00:58:26.143	1.33180				2
2025.12.09	00:58:26.450	1.33185	1.33222			6
2025.12.09	00:58:26.758	1.33184	1.33224			6
2025.12.09	00:58:27.066	1.33185				2
2025.12.09	00:58:27.374	1.33184	1.33225			6
2025.12.09	00:58:27.690	1.33185				2
2025.12.09	00:58:27.996	1.33184				2
2025.12.09	00:58:30.156		1.33224			4
2025.12.09	00:58:30.464		1.33225			4
2025.12.09	00:58:30.776	1.33185				2
2025.12.09	00:58:32.011		1.33226			4
2025.12.09	00:58:32.329	1.33184				2
2025.12.09	00:58:38.184	1.33185				2
2025.12.09	00:58:38.491	1.33186				2
2025.12.09	00:58:40.031		1.33227			4
2025.12.09	00:58:40.337	1.33185	1.33226			6
2025.12.09	00:58:42.816	1.33186				2
2025.12.09	00:58:43.428	1.33185				2
2025.12.09	00:58:45.601	1.33186				2
2025.12.09	00:58:51.797	1.33185	1.33225			6
2025.12.09	00:58:52.421	1.33184	1.33224			6
2025.12.09	00:58:53.665		1.33225			4
2025.12.09	00:58:54.595	1.33183				2
2025.12.09	00:59:00.158	1.33184				2
2025.12.09	00:59:00.467	1.33183				2
2025.12.09	00:59:02.009		1.33224			4
2025.12.09	00:59:02.317		1.33223			4
2025.12.09	00:59:02.625	1.33184				2
2025.12.09	00:59:03.245		1.33224			4
2025.12.09	00:59:04.491	1.33183	1.33223			6
2025.12.09	00:59:05.422		1.33222			4
2025.12.09	00:59:05.732	1.33184	1.33221			6
2025.12.09	00:59:06.354		1.33222			4
2025.12.09	00:59:08.206	1.33183				2
2025.12.09	00:59:08.514	1.33184	1.33223			6
2025.12.09	00:59:08.820	1.33183	1.33224			6
2025.12.09	00:59:09.127	1.33185				2
2025.12.09	00:59:10.064	1.33184				2
2025.12.09	00:59:11.607	1.33185				2
2025.12.09	00:59:11.918	1.33186				2
2025.12.09	00:59:12.222	1.33185				2
2025.12.09	00:59:12.533		1.33223			4
2025.12.09	00:59:12.838		1.33225			4
2025.12.09	00:59:14.075	1.33187	1.33222			6
2025.12.09	00:59:15.609		1.33223			4
2025.12.09	00:59:17.131	1.33186	1.33224			6
2025.12.09	00:59:17.432	1.33183	1.33225			6
2025.12.09	00:59:17.735	1.33187	1.33223			6
2025.12.09	00:59:18.344	1.33180				2
2025.12.09	00:59:18.660	1.33184	1.33225			6
2025.12.09	00:59:18.969	1.33178	1.33223			6
2025.12.09	00:59:19.589	1.33179				2
2025.12.09	00:59:19.901	1.33182				2
2025.12.09	00:59:20.207	1.33185				2
2025.12.09	00:59:20.516	1.33179	1.33222			6
2025.12.09	00:59:20.827	1.33180				2
2025.12.09	00:59:21.446	1.33185				2
2025.12.09	00:59:22.672	1.33184	1.33224			6
2025.12.09	00:59:23.283	1.33185				2
2025.12.09	00:59:23.596	1.33180	1.33223			6
2025.12.09	00:59:25.455	1.33181				2
2025.12.09	00:59:26.078	1.33184				2
2025.12.09	00:59:29.476		1.33225			4
2025.12.09	00:59:29.791	1.33179	1.33227			6
2025.12.09	00:59:30.097	1.33180				2
2025.12.09	00:59:30.404	1.33181				2
2025.12.09	00:59:30.709	1.33180				2
2025.12.09	00:59:31.023	1.33181				2
2025.12.09	00:59:32.253	1.33180				2
2025.12.09	00:59:32.567		1.33226			4
2025.12.09	00:59:32.875	1.33179				2
2025.12.09	00:59:33.183	1.33180				2
2025.12.09	00:59:34.419		1.33225			4
2025.12.09	00:59:35.035		1.33226			4
2025.12.09	00:59:35.345		1.33223			4
2025.12.09	00:59:35.967	1.33181				2
2025.12.09	00:59:36.588		1.33222			4
2025.12.09	00:59:37.517	1.33177				2
2025.12.09	00:59:39.987	1.33176				2
2025.12.09	00:59:40.304	1.33177				2
2025.12.09	00:59:40.930	1.33173				2
2025.12.09	00:59:41.861	1.33174				2
2025.12.09	00:59:42.165	1.33178				2
2025.12.09	00:59:42.467	1.33174				2
2025.12.09	00:59:43.402		1.33221			4
2025.12.09	00:59:44.337	1.33179	1.33222			6
2025.12.09	00:59:44.657	1.33178	1.33220			6
2025.12.09	00:59:44.967	1.33172	1.33221			6
2025.12.09	00:59:45.275	1.33175				2
2025.12.09	00:59:45.580	1.33178				2
2025.12.09	00:59:46.509	1.33176				2
2025.12.09	00:59:46.818	1.33177				2
2025.12.09	00:59:47.132	1.33178				2
2025.12.09	00:59:47.756	1.33181				2
2025.12.09	00:59:48.382		1.33222			4
2025.12.09	00:59:49.002	1.33177				2
2025.12.09	00:59:49.305	1.33178				2
2025.12.09	00:59:53.030	1.33177				2
2025.12.09	00:59:53.960	1.33180				2
2025.12.09	00:59:54.274	1.33181				2
2025.12.09	00:59:54.581	1.33177	1.33221			6
2025.12.09	00:59:54.885	1.33178				2
2025.12.09	00:59:55.196	1.33182				2
2025.12.09	00:59:55.502	1.33176				2
2025.12.09	00:59:56.747	1.33177	1.33220			6
2025.12.09	00:59:57.054	1.33180				2
2025.12.09	00:59:57.373	1.33177	1.33221			6
2025.12.09	00:59:58.941	1.33181	1.33222			6
2025.12.09	00:59:59.881	1.33178				2
2025.12.09	01:00:00.186	1.33190	1.33224			6
2025.12.09	01:00:00.501	1.33188	1.33238			6
2025.12.09	01:00:00.908	1.33186	1.33235			6
2025.12.09	01:00:01.544		1.33234			4
2025.12.09	01:00:01.846	1.33187				2
2025.12.09	01:00:02.456	1.33174	1.33223			6
2025.12.09	01:00:03.697	1.33165	1.33232			6
2025.12.09	01:00:04.321	1.33164	1.33233			6
2025.12.09	01:00:04.944	1.33165	1.33232			6
2025.12.09	01:00:05.263	1.33164	1.33233			6
2025.12.09	01:00:05.575	1.33163	1.33234			6
2025.12.09	01:00:05.884	1.33157				2
2025.12.09	01:00:06.201		1.33235			4
2025.12.09	01:00:06.811	1.33164				2
2025.12.09	01:00:07.434	1.33189	1.33224			6
2025.12.09	01:00:07.736		1.33223			4
2025.12.09	01:00:08.053		1.33225			4
2025.12.09	01:00:09.900	1.33191	1.33226			6
2025.12.09	01:00:10.208	1.33192				2
2025.12.09	01:00:11.755		1.33227			4
2025.12.09	01:00:12.995		1.33226			4
2025.12.09	01:00:13.615		1.33227			4
2025.12.09	01:00:15.776		1.33226			4
2025.12.09	01:00:16.077	1.33185	1.33227			6
2025.12.09	01:00:16.381		1.33222			4
2025.12.09	01:00:16.685		1.33218			4
2025.12.09	01:00:16.999		1.33212			4
2025.12.09	01:00:17.629	1.33189				2
2025.12.09	01:00:17.935	1.33182	1.33224			6
2025.12.09	01:00:18.242	1.33183				2
2025.12.09	01:00:18.555		1.33222			4
2025.12.09	01:00:18.860		1.33212			4
2025.12.09	01:00:19.168	1.33184				2
2025.12.09	01:00:19.478	1.33183				2
2025.12.09	01:00:19.786	1.33187				2
2025.12.09	01:00:20.101		1.33224			4
2025.12.09	01:00:20.719	1.33184				2
2025.12.09	01:00:21.030	1.33189	1.33226			6
2025.12.09	01:00:21.336	1.33187	1.33222			6
2025.12.09	01:00:21.953	1.33186	1.33224			6
2025.12.09	01:00:22.262	1.33187	1.33223			6
2025.12.09	01:00:22.578	1.33181	1.33221			6
2025.12.09	01:00:23.191	1.33185	1.33222			6
2025.12.09	01:00:23.799		1.33220			4
2025.12.09	01:00:24.116	1.33188				2
2025.12.09	01:00:24.423	1.33186				2
2025.12.09	01:00:24.726	1.33182	1.33222			6
2025.12.09	01:00:25.351		1.33223			4
2025.12.09	01:00:26.269	1.33186	1.33220			6
2025.12.09	01:00:26.580	1.33184	1.33219			6
2025.12.09	01:00:26.890	1.33186	1.33220			6
2025.12.09	01:00:27.514	1.33185				2
2025.12.09	01:00:28.136	1.33186				2
2025.12.09	01:00:30.325	1.33184				2
2025.12.09	01:00:31.888		1.33221			4
2025.12.09	01:00:32.202		1.33220			4
2025.12.09	01:00:32.516	1.33186	1.33210			6
2025.12.09	01:00:32.821	1.33181				2
2025.12.09	01:00:33.439	1.33183				2
2025.12.09	01:00:33.756	1.33181				2
2025.12.09	01:00:34.061	1.33184				2
2025.12.09	01:00:34.690	1.33186				2
2025.12.09	01:00:35.314	1.33185				2
2025.12.09	01:00:35.932	1.33186				2
2025.12.09	01:00:36.243	1.33184				2
2025.12.09	01:00:36.546	1.33182				2
2025.12.09	01:00:36.848	1.33186				2
2025.12.09	01:00:37.166	1.33185				2
2025.12.09	01:00:38.707	1.33186				2
2025.12.09	01:00:39.011	1.33190				2
2025.12.09	01:00:39.326	1.33188				2
2025.12.09	01:00:39.940		1.33221			4
2025.12.09	01:00:40.254	1.33186	1.33222			6
2025.12.09	01:00:40.559	1.33188	1.33221			6
2025.12.09	01:00:45.501		1.33223			4
2025.12.09	01:00:45.819		1.33218			4
2025.12.09	01:00:46.137	1.33187				2
2025.12.09	01:00:49.234	1.33185				2
2025.12.09	01:00:49.550	1.33186				2
2025.12.09	01:00:49.866	1.33187				2
2025.12.09	01:00:50.813	1.33185				2
2025.12.09	01:00:51.119	1.33184				2
2025.12.09	01:00:52.059		1.33214			4
2025.12.09	01:00:54.533	1.33182				2
2025.12.09	01:00:57.332	1.33180				2
2025.12.09	01:00:57.638	1.33188				2
2025.12.09	01:00:57.944	1.33198	1.33208			6
2025.12.09	01:01:00.135	1.33203	1.33204			6
2025.12.09	01:01:00.441	1.33209	1.33210			6
2025.12.09	01:01:01.047	1.33204	1.33222			6
2025.12.09	01:01:01.659	1.33212	1.33213			6
2025.12.09	01:01:10.560	1.33213	1.33214			6
2025.12.09	01:01:10.864	1.33206	1.33207			6
2025.12.09	01:01:16.370	1.33191	1.33192			6
2025.12.09	01:01:16.677	1.33187	1.33188			6
2025.12.09	01:01:16.986	1.33188	1.33189			6
2025.12.09	01:01:17.288	1.33196	1.33197			6
2025.12.09	01:01:17.591	1.33197	1.33198			6
2025.12.09	01:01:18.810	1.33198	1.33199			6
2025.12.09	01:01:20.946	1.33196	1.33197			6
2025.12.09	01:01:21.254	1.33195	1.33196			6
2025.12.09	01:01:23.394	1.33194	1.33195			6
2025.12.09	01:01:24.623	1.33196	1.33197			6
2025.12.09	01:01:25.855	1.33200	1.33201			6
2025.12.09	01:01:26.469	1.33201	1.33202			6
2025.12.09	01:01:26.773	1.33208	1.33209			6
2025.12.09	01:01:27.388	1.33209	1.33210			6
2025.12.09	01:01:27.693	1.33207	1.33208			6
2025.12.09	01:01:30.148	1.33208	1.33209			6
2025.12.09	01:01:30.459	1.33207	1.33208			6
2025.12.09	01:01:35.656	1.33208	1.33209			6
2025.12.09	01:01:35.964	1.33206	1.33207			6
2025.12.09	01:01:36.274	1.33207	1.33208			6
2025.12.09	01:01:40.555	1.33208	1.33209			6
2025.12.09	01:01:41.778	1.33209	1.33210			6
2025.12.09	01:01:42.087	1.33208	1.33209			6
2025.12.09	01:01:42.388	1.33207	1.33208			6
2025.12.09	01:01:43.313	1.33208	1.33209			6
2025.12.09	01:01:46.673	1.33206	1.33207			6
2025.12.09	01:02:00.169	1.33206				2
2025.12.09	01:02:07.239	1.33205	1.33206			6
2025.12.09	01:02:13.688	1.33207	1.33208			6
2025.12.09	01:02:14.918	1.33210	1.33211			6
2025.12.09	01:02:28.089	1.33211	1.33212			6
2025.12.09	01:03:00.267	1.33211				2
2025.12.09	01:03:01.191	1.33210	1.33211			6
2025.12.09	01:03:02.101	1.33209	1.33210			6
2025.12.09	01:03:35.258	1.33210	1.33211			6
2025.12.09	01:04:00.138	1.33210				2
2025.12.09	01:04:23.187	1.33209	1.33210			6
2025.12.09	01:04:23.497	1.33210	1.33211			6
2025.12.09	01:04:50.812	1.33213	1.33214			6
2025.12.09	01:04:51.120	1.33214	1.33215			6
2025.12.09	01:04:51.729	1.33215	1.33216			6
2025.12.09	01:05:00.301	1.33215				2
2025.12.09	01:05:02.430	1.33223	1.33224			6
2025.12.09	01:05:02.732	1.33222	1.33223			6
2025.12.09	01:05:03.662	1.33223	1.33224			6
2025.12.09	01:05:05.793	1.33224	1.33225			6
2025.12.09	01:05:06.715	1.33225	1.33226			6
2025.12.09	01:05:18.990	1.33224	1.33225			6
2025.12.09	01:05:39.857	1.33225	1.33226			6
2025.12.09	01:05:40.164	1.33224	1.33225			6
2025.12.09	01:05:40.785	1.33225	1.33226			6
2025.12.09	01:05:41.092	1.33224	1.33225			6
2025.12.09	01:05:41.707	1.33225	1.33226			6
2025.12.09	01:05:42.011	1.33224	1.33225			6
2025.12.09	01:05:42.318	1.33225	1.33226			6
2025.12.09	01:05:42.625	1.33224	1.33225			6
2025.12.09	01:05:43.546	1.33225	1.33226			6
2025.12.09	01:05:43.853	1.33224	1.33225			6
2025.12.09	01:05:44.776	1.33225	1.33226			6
2025.12.09	01:05:45.695	1.33224	1.33225			6
2025.12.09	01:05:48.149	1.33225	1.33226			6
2025.12.09	01:05:48.463	1.33224	1.33225			6
2025.12.09	01:05:57.945	1.33225	1.33226			6
2025.12.09	01:05:58.253	1.33223	1.33224			6
2025.12.09	01:06:00.080	1.33223				2
2025.12.09	01:06:01.935	1.33222	1.33223			6
2025.12.09	01:06:02.852	1.33223	1.33224			6
2025.12.09	01:06:03.162	1.33224	1.33225			6
2025.12.09	01:06:06.833	1.33222	1.33223			6
2025.12.09	01:06:07.448	1.33223	1.33224			6
2025.12.09	01:06:13.264	1.33224	1.33225			6
2025.12.09	01:06:15.110	1.33223	1.33224			6
2025.12.09	01:06:29.861	1.33222	1.33223			6
2025.12.09	01:06:34.474	1.33221	1.33222			6
2025.12.09	01:06:45.837	1.33222	1.33223			6
2025.12.09	01:06:58.121	1.33221	1.33222			6
2025.12.09	01:07:00.265	1.33221				2
2025.12.09	01:07:05.779	1.33222	1.33223			6
2025.12.09	01:07:21.714	1.33223	1.33224			6
2025.12.09	01:07:23.562	1.33225	1.33226			6
2025.12.09	01:08:00.182	1.33225				2
2025.12.09	01:08:23.815		1.33226			4
2025.12.09	01:09:00.257	1.33225				2
2025.12.09	01:09:23.880		1.33226			4
2025.12.09	01:09:38.003	1.33224	1.33225			6
2025.12.09	01:09:39.223	1.33225	1.33226			6
2025.12.09	01:10:00.109	1.33225				2
2025.12.09	01:10:39.333		1.33226			4
2025.12.09	01:10:48.233	1.33226	1.33227			6
2025.12.09	01:10:49.765	1.33227	1.33228			6
2025.12.09	01:10:52.216	1.33226	1.33227			6
2025.12.09	01:10:58.342	1.33227	1.33228			6
2025.12.09	01:10:58.650	1.33226	1.33227			6
2025.12.09	01:11:00.186	1.33226				2
2025.12.09	01:11:00.792	1.33225	1.33226			6
2025.12.09	01:11:01.094	1.33226	1.33227			6
2025.12.09	01:11:02.323	1.33225	1.33226			6
2025.12.09	01:11:04.153	1.33224	1.33225			6
2025.12.09	01:11:04.464	1.33223	1.33224			6
2025.12.09	01:11:04.771	1.33222	1.33223			6
2025.12.09	01:11:06.617	1.33221	1.33222			6
2025.12.09	01:11:06.918	1.33222	1.33223			6
2025.12.09	01:11:07.841	1.33221	1.33222			6
2025.12.09	01:11:09.068	1.33222	1.33223			6
2025.12.09	01:11:09.370	1.33221	1.33222			6
2025.12.09	01:11:14.605	1.33222	1.33223			6
2025.12.09	01:11:16.762	1.33221	1.33222			6
2025.12.09	01:11:17.370	1.33222	1.33223			6
2025.12.09	01:11:17.677	1.33221	1.33222			6
2025.12.09	01:11:25.658	1.33214	1.33215			6
2025.12.09	01:11:26.574	1.33212	1.33213			6
2025.12.09	01:11:29.660	1.33213	1.33214			6
2025.12.09	01:11:30.576	1.33212	1.33213			6
2025.12.09	01:11:54.764	1.33211	1.33212			6
2025.12.09	01:11:55.377	1.33212	1.33213			6
2025.12.09	01:11:57.207	1.33211	1.33212			6
2025.12.09	01:11:59.979	1.33212	1.33213			6
2025.12.09	01:12:00.283	1.33213	1.33214			6
2025.12.09	01:12:03.969	1.33214	1.33215			6
2025.12.09	01:12:05.195	1.33215	1.33216			6
2025.12.09	01:12:05.810	1.33214	1.33215			6
2025.12.09	01:12:18.379	1.33215	1.33216			6
2025.12.09	01:12:18.692	1.33216	1.33217			6
2025.12.09	01:12:24.507	1.33215	1.33216			6
2025.12.09	01:12:25.430	1.33216	1.33217			6
2025.12.09	01:12:33.388	1.33219	1.33220			6
2025.12.09	01:12:33.997	1.33220	1.33221			6
2025.12.09	01:12:35.223	1.33224	1.33225			6
2025.12.09	01:12:37.063	1.33223	1.33224			6
2025.12.09	01:12:39.824	1.33224	1.33225			6
2025.12.09	01:12:45.030	1.33223	1.33224			6
2025.12.09	01:12:59.168	1.33224	1.33225			6
2025.12.09	01:13:00.087	1.33224				2
2025.12.09	01:13:01.017	1.33223	1.33224			6
2025.12.09	01:13:04.385	1.33224	1.33225			6
2025.12.09	01:13:09.282	1.33225	1.33226			6
2025.12.09	01:13:09.584	1.33224	1.33225			6
2025.12.09	01:13:10.201	1.33225	1.33226			6
2025.12.09	01:13:12.049	1.33224	1.33225			6
2025.12.09	01:13:16.633	1.33225	1.33226			6
2025.12.09	01:13:18.155	1.33224	1.33225			6
2025.12.09	01:13:22.755	1.33225	1.33226			6
2025.12.09	01:13:28.591	1.33219	1.33220			6
2025.12.09	01:13:28.895	1.33220	1.33221			6
2025.12.09	01:13:29.199	1.33219	1.33220			6
2025.12.09	01:13:30.113	1.33218	1.33219			6
2025.12.09	01:13:33.797	1.33217	1.33218			6
2025.12.09	01:13:37.772	1.33218	1.33219			6
2025.12.09	01:14:00.296	1.33218				2
2025.12.09	01:14:38.019		1.33219			4
2025.12.09	01:14:46.620	1.33220	1.33221			6
2025.12.09	01:14:47.224	1.33219	1.33220			6
2025.12.09	01:14:47.527	1.33220	1.33221			6
2025.12.09	01:15:00.130	1.33220				2
2025.12.09	01:15:00.442	1.33221	1.33222			6
2025.12.09	01:15:01.366	1.33220	1.33221			6
2025.12.09	01:15:04.433	1.33221	1.33222			6
2025.12.09	01:15:05.661	1.33220	1.33221			6
2025.12.09	01:15:05.977	1.33221	1.33222			6
2025.12.09	01:15:11.828	1.33220	1.33221			6
2025.12.09	01:15:12.134	1.33221	1.33222			6
2025.12.09	01:15:13.971	1.33223	1.33224			6
2025.12.09	01:15:16.716	1.33221	1.33222			6
2025.12.09	01:15:18.860	1.33217	1.33218			6
2025.12.09	01:15:19.163	1.33216	1.33217			6
2025.12.09	01:15:20.995	1.33215	1.33216			6
2025.12.09	01:15:22.224	1.33216	1.33217			6
2025.12.09	01:15:24.052	1.33215	1.33216			6
2025.12.09	01:15:26.197	1.33216	1.33217			6
2025.12.09	01:15:27.734	1.33215	1.33216			6
2025.12.09	01:15:36.640	1.33216	1.33217			6
2025.12.09	01:15:37.555	1.33217	1.33218			6
2025.12.09	01:15:42.145	1.33216	1.33217			6
2025.12.09	01:15:43.067	1.33215	1.33216			6
2025.12.09	01:15:44.291	1.33216	1.33217			6
2025.12.09	01:15:50.131	1.33215	1.33216			6
2025.12.09	01:15:53.211	1.33216	1.33217			6
2025.12.09	01:15:57.837	1.33215	1.33216			6
2025.12.09	01:15:58.141	1.33216	1.33217			6
2025.12.09	01:15:59.063	1.33215	1.33216			6
2025.12.09	01:15:59.371	1.33216	1.33217			6
2025.12.09	01:16:00.291	1.33216				2
2025.12.09	01:16:02.430	1.33218	1.33219			6
2025.12.09	01:16:03.660	1.33217	1.33218			6
2025.12.09	01:16:04.584	1.33218	1.33219			6
2025.12.09	01:16:06.433	1.33217	1.33218			6
2025.12.09	01:16:06.739	1.33218	1.33219			6
2025.12.09	01:16:13.474	1.33217	1.33218			6
2025.12.09	01:16:22.363	1.33216	1.33217			6
2025.12.09	01:16:25.439	1.33217	1.33218			6
2025.12.09	01:16:31.872	1.33216	1.33217			6
2025.12.09	01:16:33.403	1.33217	1.33218			6
2025.12.09	01:16:33.711	1.33216	1.33217			6
2025.12.09	01:16:42.632	1.33215	1.33216			6
2025.12.09	01:16:43.857	1.33216	1.33217			6
2025.12.09	01:16:57.032	1.33215	1.33216			6
2025.12.09	01:17:00.102	1.33215				2
2025.12.09	01:17:10.818	1.33216	1.33217			6
2025.12.09	01:17:12.356	1.33215	1.33216			6
2025.12.09	01:17:14.508	1.33216	1.33217			6
2025.12.09	01:17:16.345	1.33215	1.33216			6
2025.12.09	01:17:16.967	1.33216	1.33217			6
2025.12.09	01:17:25.507	1.33215	1.33216			6
2025.12.09	01:17:25.820	1.33216	1.33217			6
2025.12.09	01:17:30.699	1.33217	1.33218			6
2025.12.09	01:17:31.003	1.33219	1.33220			6
2025.12.09	01:17:33.758	1.33218	1.33219			6
2025.12.09	01:17:39.281	1.33219	1.33220			6
2025.12.09	01:17:40.516	1.33218	1.33219			6
2025.12.09	01:17:53.152	1.33219	1.33220			6
2025.12.09	01:18:00.184	1.33219				2
2025.12.09	01:18:06.632	1.33218	1.33219			6
2025.12.09	01:18:08.161	1.33219	1.33220			6
2025.12.09	01:18:09.706	1.33220	1.33221			6
2025.12.09	01:18:18.902	1.33219	1.33220			6
2025.12.09	01:18:19.517	1.33220	1.33221			6
2025.12.09	01:18:28.395	1.33221	1.33222			6
2025.12.09	01:18:30.224	1.33220	1.33221			6
2025.12.09	01:18:44.335	1.33221	1.33222			6
2025.12.09	01:18:46.790	1.33220	1.33221			6
2025.12.09	01:18:50.462	1.33221	1.33222			6
2025.12.09	01:19:00.291	1.33221				2
2025.12.09	01:19:04.891	1.33227	1.33228			6
2025.12.09	01:19:05.201	1.33231	1.33236			6
2025.12.09	01:19:05.503		1.33235			4
2025.12.09	01:19:08.272	1.33238	1.33240			6
2025.12.09	01:19:09.822		1.33241			4
2025.12.09	01:19:11.060	1.33229	1.33233			6
2025.12.09	01:19:11.369	1.33227				2
2025.12.09	01:19:11.990		1.33232			4
2025.12.09	01:19:13.531		1.33231			4
2025.12.09	01:19:15.078	1.33228				2
2025.12.09	01:19:18.468	1.33227	1.33230			6
2025.12.09	01:19:22.812		1.33231			4
2025.12.09	01:19:31.149		1.33230			4
2025.12.09	01:19:31.768	1.33229	1.33232			6
2025.12.09	01:20:00.245	1.33229	1.33233			6
2025.12.09	01:20:07.363		1.33232			4
2025.12.09	01:20:22.185	1.33228	1.33231			6
2025.12.09	01:20:29.272	1.33229				2
2025.12.09	01:20:30.800	1.33228	1.33230			6
2025.12.09	01:20:41.842	1.33229	1.33231			6
2025.12.09	01:20:42.454	1.33228	1.33230			6
2025.12.09	01:20:46.143	1.33229				2
2025.12.09	01:20:53.203	1.33228	1.33229			6
2025.12.09	01:20:56.590	1.33227	1.33228			6
2025.12.09	01:20:56.902	1.33228	1.33229			6
2025.12.09	01:20:58.122	1.33227	1.33228			6
2025.12.09	01:21:00.250	1.33227				2
2025.12.09	01:21:00.553	1.33228	1.33229			6
2025.12.09	01:21:00.856	1.33227	1.33228			6
2025.12.09	01:21:03.319	1.33228	1.33229			6
2025.12.09	01:21:43.182	1.33227	1.33228			6
2025.12.09	01:21:46.560	1.33228	1.33229			6
2025.12.09	01:21:53.327	1.33227	1.33228			6
2025.12.09	01:21:57.334	1.33228	1.33229			6
2025.12.09	01:22:00.085	1.33228				2
2025.12.09	01:22:04.393	1.33229	1.33230			6
2025.12.09	01:22:04.698	1.33230	1.33231			6
2025.12.09	01:22:11.132	1.33231	1.33232			6
2025.12.09	01:22:11.742	1.33230	1.33231			6
2025.12.09	01:23:00.129	1.33230				2
2025.12.09	01:23:11.761		1.33231			4
2025.12.09	01:23:53.210	1.33231	1.33232			6
2025.12.09	01:23:56.572	1.33230	1.33231			6
2025.12.09	01:23:59.019	1.33229	1.33230			6
2025.12.09	01:24:00.245	1.33229				2
2025.12.09	01:24:01.159	1.33228	1.33229			6
2025.12.09	01:24:03.929	1.33229	1.33230			6
2025.12.09	01:24:22.316	1.33228	1.33229			6
2025.12.09	01:24:22.626	1.33227	1.33228			6
2025.12.09	01:24:23.537	1.33226	1.33227			6
2025.12.09	01:25:00.051	1.33226				2
2025.12.09	01:25:13.848	1.33227	1.33228			6
2025.12.09	01:25:58.620	1.33228	1.33229			6
2025.12.09	01:26:00.150	1.33228				2
2025.12.09	01:26:55.713	1.33232	1.33233			6
2025.12.09	01:26:56.019	1.33239	1.33240			6
2025.12.09	01:26:57.276	1.33237	1.33243			6
2025.12.09	01:27:00.075	1.33237				2
2025.12.09	01:27:01.314		1.33242			4
2025.12.09	01:27:09.991		1.33243			4
2025.12.09	01:27:10.306		1.33242			4
2025.12.09	01:27:17.759		1.33240			4
2025.12.09	01:27:29.227		1.33242			4
2025.12.09	01:27:34.198		1.33241			4
2025.12.09	01:27:45.672	1.33238	1.33242			6
2025.12.09	01:27:49.706		1.33243			4
2025.12.09	01:27:50.012	1.33239	1.33244			6
2025.12.09	01:27:50.323	1.33240				2
2025.12.09	01:27:51.245	1.33239				2
2025.12.09	01:27:54.342	1.33240				2
2025.12.09	01:28:00.275	1.33240				2
2025.12.09	01:28:04.642	1.33239	1.33243			6
2025.12.09	01:28:04.947	1.33238	1.33242			6
2025.12.09	01:28:05.264	1.33239	1.33243			6
2025.12.09	01:28:09.637		1.33242			4
2025.12.09	01:28:09.941	1.33238				2
2025.12.09	01:28:10.242	1.33237	1.33241			6
2025.12.09	01:28:10.880	1.33236	1.33240			6
2025.12.09	01:28:17.088	1.33237				2
2025.12.09	01:28:23.957	1.33238	1.33241			6
2025.12.09	01:28:24.904	1.33239	1.33242			6
2025.12.09	01:28:25.219	1.33240	1.33243			6
2025.12.09	01:28:25.837	1.33238	1.33241			6
2025.12.09	01:28:31.740	1.33239	1.33242			6
2025.12.09	01:28:36.725	1.33238	1.33241			6
2025.12.09	01:28:38.916	1.33239	1.33242			6
2025.12.09	01:28:39.223		1.33241			4
2025.12.09	01:28:40.440	1.33240	1.33242			6
2025.12.09	01:28:49.017	1.33239	1.33241			6
2025.12.09	01:28:51.468	1.33240	1.33242			6
2025.12.09	01:28:54.205		1.33241			4
2025.12.09	01:29:00.042	1.33240				2
2025.12.09	01:29:04.652	1.33239	1.33240			6
2025.12.09	01:29:05.273	1.33240	1.33241			6
2025.12.09	01:29:18.789	1.33232	1.33233			6
2025.12.09	01:29:19.096	1.33234	1.33235			6
2025.12.09	01:29:20.320	1.33231	1.33236			6
2025.12.09	01:29:21.565	1.33230	1.33235			6
2025.12.09	01:29:23.114	1.33231				2
2025.12.09	01:29:27.777	1.33235	1.33239			6
2025.12.09	01:29:28.716	1.33234	1.33238			6
2025.12.09	01:29:29.330		1.33239			4
2025.12.09	01:29:31.810	1.33233	1.33238			6
2025.12.09	01:29:33.675	1.33234	1.33239			6
2025.12.09	01:29:42.314		1.33238			4
2025.12.09	01:29:53.114	1.33235				2
2025.12.09	01:29:58.677	1.33234	1.33237			6
2025.12.09	01:30:00.217	1.33235	1.33238			6
2025.12.09	01:30:00.519	1.33234	1.33237			6
2025.12.09	01:30:03.293	1.33235				2
2025.12.09	01:30:10.666	1.33236	1.33238			6
2025.12.09	01:30:11.280	1.33235	1.33237			6
2025.12.09	01:30:13.116		1.33236			4
2025.12.09	01:30:15.261	1.33237	1.33238			6
2025.12.09	01:30:15.565	1.33236	1.33237			6
2025.12.09	01:30:16.179		1.33238			4
2025.12.09	01:30:17.082	1.33235	1.33237			6
2025.12.09	01:30:18.316	1.33236				2
2025.12.09	01:30:24.166	1.33235	1.33236			6
2025.12.09	01:30:24.469	1.33236	1.33237			6
2025.12.09	01:30:32.743	1.33235	1.33236			6
2025.12.09	01:30:36.118	1.33231	1.33232			6
2025.12.09	01:30:37.341	1.33230	1.33233			6
2025.12.09	01:30:38.282	1.33231				2
2025.12.09	01:30:46.598	1.33230	1.33232			6
2025.12.09	01:30:46.905	1.33231	1.33233			6
2025.12.09	01:30:47.220	1.33230	1.33232			6
2025.12.09	01:30:48.148	1.33231				2
2025.12.09	01:30:54.273	1.33230	1.33231			6
2025.12.09	01:30:55.197	1.33229	1.33230			6
2025.12.09	01:30:57.358	1.33230	1.33231			6
2025.12.09	01:31:00.108	1.33230				2
2025.12.09	01:31:02.247	1.33229	1.33230			6
2025.12.09	01:31:02.557	1.33228	1.33229			6
2025.12.09	01:31:02.868	1.33229	1.33230			6
2025.12.09	01:31:12.980	1.33230	1.33231			6
2025.12.09	01:31:13.287	1.33229	1.33230			6
2025.12.09	01:31:13.897	1.33230	1.33231			6
2025.12.09	01:31:23.115	1.33231	1.33232			6
2025.12.09	01:31:26.789	1.33232	1.33233			6
2025.12.09	01:31:28.012	1.33231	1.33232			6
2025.12.09	01:31:37.504	1.33232	1.33233			6
2025.12.09	01:31:38.732	1.33231	1.33232			6
2025.12.09	01:31:39.654	1.33232	1.33233			6
2025.12.09	01:31:49.749	1.33231	1.33232			6
2025.12.09	01:32:00.179	1.33231				2
2025.12.09	01:32:49.851	1.33229	1.33230			6
2025.12.09	01:32:53.823	1.33230	1.33231			6
2025.12.09	01:32:59.343	1.33229	1.33230			6
2025.12.09	01:33:00.261	1.33229				2
2025.12.09	01:33:32.229	1.33232	1.33233			6
2025.12.09	01:33:33.155	1.33233	1.33234			6
2025.12.09	01:33:35.290	1.33232	1.33233			6
2025.12.09	01:33:42.628	1.33233	1.33234			6
2025.12.09	01:33:42.935	1.33231	1.33232			6
2025.12.09	01:33:48.760	1.33230	1.33231			6
2025.12.09	01:33:49.676	1.33231	1.33232			6
2025.12.09	01:33:54.289	1.33230	1.33231			6
2025.12.09	01:34:00.110	1.33230				2
2025.12.09	01:34:23.097	1.33231	1.33232			6
2025.12.09	01:34:23.703	1.33232	1.33233			6
2025.12.09	01:34:24.015	1.33231	1.33232			6
2025.12.09	01:34:24.317	1.33232	1.33233			6
2025.12.09	01:34:46.114	1.33231	1.33232			6
2025.12.09	01:34:52.545	1.33232	1.33233			6
2025.12.09	01:34:55.909	1.33229	1.33230			6
2025.12.09	01:34:57.132	1.33230	1.33231			6
2025.12.09	01:35:00.206	1.33229	1.33230			6
2025.12.09	01:35:14.276	1.33228	1.33229			6
2025.12.09	01:35:22.848	1.33229	1.33230			6
2025.12.09	01:35:23.461	1.33228	1.33229			6
2025.12.09	01:35:26.840	1.33229	1.33230			6
2025.12.09	01:35:32.348	1.33228	1.33229			6
2025.12.09	01:35:39.685	1.33229	1.33230			6
2025.12.09	01:35:52.281	1.33222	1.33223			6
2025.12.09	01:35:52.586	1.33220	1.33221			6
2025.12.09	01:35:53.193	1.33218	1.33223			6
2025.12.09	01:36:00.302	1.33218				2
2025.12.09	01:36:04.344	1.33217	1.33222			6
2025.12.09	01:36:13.361		1.33221			4
2025.12.09	01:36:22.031	1.33216	1.33220			6
2025.12.09	01:36:24.205	1.33217				2
2025.12.09	01:36:35.110	1.33218				2
2025.12.09	01:36:36.033	1.33220	1.33222			6
2025.12.09	01:36:36.338	1.33219	1.33221			6
2025.12.09	01:36:36.658	1.33220	1.33222			6
2025.12.09	01:36:36.977	1.33219	1.33221			6
2025.12.09	01:36:37.293		1.33222			4
2025.12.09	01:36:40.383	1.33220				2
2025.12.09	01:36:48.096		1.33221			4
2025.12.09	01:36:49.945	1.33221	1.33222			6
2025.12.09	01:36:53.326	1.33220	1.33221			6
2025.12.09	01:36:54.563	1.33221	1.33222			6
2025.12.09	01:36:55.487	1.33220	1.33221			6
2025.12.09	01:36:59.158	1.33221	1.33222			6
2025.12.09	01:37:00.077	1.33221				2
2025.12.09	01:37:03.116	1.33222	1.33223			6
2025.12.09	01:37:15.700	1.33221	1.33222			6
2025.12.09	01:37:16.002	1.33220	1.33221			6
2025.12.09	01:37:17.543	1.33219	1.33220			6
2025.12.09	01:37:18.759	1.33218	1.33219			6
2025.12.09	01:37:19.684	1.33219	1.33220			6
2025.12.09	01:37:44.511	1.33218	1.33219			6
2025.12.09	01:37:49.716	1.33221	1.33222			6
2025.12.09	01:38:00.171	1.33221				2
2025.12.09	01:38:01.706	1.33220	1.33221			6
2025.12.09	01:38:06.931	1.33219	1.33220			6
2025.12.09	01:38:07.535	1.33218	1.33219			6
2025.12.09	01:38:21.948	1.33219	1.33220			6
2025.12.09	01:38:22.868	1.33218	1.33219			6
2025.12.09	01:38:23.477	1.33219	1.33220			6
2025.12.09	01:38:25.000	1.33218	1.33219			6
2025.12.09	01:38:35.105	1.33224	1.33225			6
2025.12.09	01:38:35.408	1.33225	1.33226			6
2025.12.09	01:38:36.330	1.33221	1.33228			6
2025.12.09	01:38:40.687	1.33222				2
2025.12.09	01:38:42.231	1.33221	1.33229			6
2025.12.09	01:38:50.304	1.33222				2
2025.12.09	01:39:00.205	1.33222				2
2025.12.09	01:39:01.755		1.33228			4
2025.12.09	01:39:03.001		1.33229			4
2025.12.09	01:39:03.314	1.33223				2
2025.12.09	01:39:03.925	1.33222	1.33228			6
2025.12.09	01:39:14.179		1.33227			4
2025.12.09	01:39:16.986	1.33223	1.33228			6
2025.12.09	01:39:20.405	1.33222	1.33227			6
2025.12.09	01:39:22.256	1.33223				2
2025.12.09	01:39:26.579	1.33222	1.33226			6
2025.12.09	01:39:26.889	1.33223	1.33227			6
2025.12.09	01:39:27.198	1.33224	1.33228			6
2025.12.09	01:39:28.454	1.33223	1.33227			6
2025.12.09	01:39:32.148	1.33224				2
2025.12.09	01:39:36.794	1.33226	1.33229			6
2025.12.09	01:39:37.733	1.33225	1.33228			6
2025.12.09	01:39:44.211	1.33226				2
2025.12.09	01:39:50.331	1.33227				2
2025.12.09	01:39:53.402	1.33226	1.33227			6
2025.12.09	01:39:54.014	1.33227	1.33228			6
2025.12.09	01:39:56.174	1.33228	1.33229			6
2025.12.09	01:39:59.873	1.33227	1.33228			6
2025.12.09	01:40:00.179	1.33227				2
2025.12.09	01:40:00.794	1.33228	1.33229			6
2025.12.09	01:40:10.330	1.33229	1.33230			6
2025.12.09	01:40:17.715	1.33228	1.33229			6
2025.12.09	01:40:25.102	1.33227	1.33228			6
2025.12.09	01:40:30.944	1.33228	1.33229			6
2025.12.09	01:40:31.251	1.33229	1.33230			6
2025.12.09	01:40:34.949	1.33228	1.33229			6
2025.12.09	01:40:37.396	1.33229	1.33230			6
2025.12.09	01:40:46.902	1.33230	1.33231			6
2025.12.09	01:40:47.823	1.33229	1.33230			6
2025.12.09	01:40:55.484	1.33228	1.33229			6
2025.12.09	01:41:00.081	1.33228				2
2025.12.09	01:41:06.825	1.33229	1.33230			6
2025.12.09	01:41:14.178	1.33228	1.33229			6
2025.12.09	01:41:14.483	1.33229	1.33230			6
2025.12.09	01:41:20.304	1.33228	1.33229			6
2025.12.09	01:41:20.920	1.33229	1.33230			6
2025.12.09	01:41:22.454	1.33228	1.33229			6
2025.12.09	01:41:23.067	1.33229	1.33230			6
2025.12.09	01:42:00.160	1.33229				2
2025.12.09	01:42:02.931	1.33230	1.33231			6
2025.12.09	01:42:04.143	1.33229	1.33230			6
2025.12.09	01:42:41.299	1.33230	1.33231			6
2025.12.09	01:42:57.226	1.33231	1.33232			6
2025.12.09	01:43:00.287	1.33231				2
2025.12.09	01:43:57.423		1.33232			4
2025.12.09	01:44:00.174	1.33231				2
2025.12.09	01:44:01.101	1.33230	1.33231			6
2025.12.09	01:44:01.715	1.33229	1.33230			6
2025.12.09	01:44:06.030	1.33230	1.33231			6
2025.12.09	01:44:06.334	1.33239	1.33240			6
2025.12.09	01:44:06.641	1.33238	1.33239			6
2025.12.09	01:44:06.955	1.33239	1.33240			6
2025.12.09	01:44:07.258	1.33237	1.33242			6
2025.12.09	01:44:07.881	1.33236				2
2025.12.09	01:44:08.811	1.33237				2
2025.12.09	01:44:09.115	1.33236				2
2025.12.09	01:44:19.020		1.33243			4
2025.12.09	01:44:19.326	1.33237				2
2025.12.09	01:44:33.859		1.33244			4
2025.12.09	01:44:34.178	1.33236				2
2025.12.09	01:44:34.803	1.33237	1.33243			6
2025.12.09	01:44:37.300	1.33247	1.33254			6
2025.12.09	01:44:47.551	1.33249				2
2025.12.09	01:44:48.194	1.33248				2
2025.12.09	01:44:48.515	1.33247				2
2025.12.09	01:45:00.000	1.33247				2
2025.12.09	01:45:01.568		1.33252			4
2025.12.09	01:45:01.871		1.33253			4
2025.12.09	01:45:06.852		1.33252			4
2025.12.09	01:45:07.477		1.33253			4
2025.12.09	01:45:09.366		1.33252			4
2025.12.09	01:45:11.856		1.33253			4
2025.12.09	01:45:12.169		1.33252			4
2025.12.09	01:45:12.791	1.33237	1.33244			6
2025.12.09	01:45:13.096	1.33238				2
2025.12.09	01:45:17.438	1.33237				2
2025.12.09	01:45:23.925		1.33243			4
2025.12.09	01:45:24.543	1.33236				2
2025.12.09	01:45:25.465	1.33237				2
2025.12.09	01:45:25.766		1.33242			4
2025.12.09	01:45:26.375		1.33243			4
2025.12.09	01:45:30.143		1.33242			4
2025.12.09	01:45:37.598		1.33243			4
2025.12.09	01:45:41.685	1.33236				2
2025.12.09	01:45:42.000	1.33237				2
2025.12.09	01:45:43.850	1.33236	1.33244			6
2025.12.09	01:45:45.393		1.33243			4
2025.12.09	01:45:50.011	1.33238				2
2025.12.09	01:45:50.628	1.33237	1.33244			6
2025.12.09	01:45:51.548		1.33243			4
2025.12.09	01:45:54.633		1.33244			4
2025.12.09	01:45:57.102	1.33238				2
2025.12.09	01:45:57.743		1.33243			4
2025.12.09	01:46:00.234	1.33238				2
2025.12.09	01:46:01.471		1.33244			4
2025.12.09	01:46:02.083		1.33243			4
2025.12.09	01:46:03.019	1.33243	1.33246			6
2025.12.09	01:46:03.325	1.33242	1.33248			6
2025.12.09	01:46:04.262		1.33249			4
2025.12.09	01:46:05.186	1.33243				2
2025.12.09	01:46:05.801	1.33237	1.33244			6
2025.12.09	01:46:09.505		1.33243			4
2025.12.09	01:46:23.975	1.33238	1.33244			6
2025.12.09	01:46:29.245		1.33243			4
2025.12.09	01:46:30.493	1.33239				2
2025.12.09	01:46:31.425	1.33238				2
2025.12.09	01:46:33.282	1.33239				2
2025.12.09	01:46:33.896		1.33244			4
2025.12.09	01:46:34.202		1.33243			4
2025.12.09	01:46:35.421	1.33238				2
2025.12.09	01:46:37.570	1.33239	1.33244			6
2025.12.09	01:46:42.154		1.33243			4
2025.12.09	01:46:56.247	1.33240				2
2025.12.09	01:47:00.231	1.33240				2
2025.12.09	01:47:06.354		1.33242			4
2025.12.09	01:47:07.589	1.33241	1.33243			6
2025.12.09	01:47:11.239	1.33240	1.33242			6
2025.12.09	01:47:11.850	1.33241	1.33243			6
2025.12.09	01:47:16.142		1.33242			4
2025.12.09	01:47:16.448	1.33245	1.33246			6
2025.12.09	01:47:16.765	1.33242	1.33243			6
2025.12.09	01:47:19.202	1.33241	1.33242			6
2025.12.09	01:47:27.168	1.33242	1.33243			6
2025.12.09	01:47:37.282	1.33243	1.33244			6
2025.12.09	01:47:50.149	1.33241	1.33242			6
2025.12.09	01:47:54.137	1.33240	1.33241			6
2025.12.09	01:47:55.046	1.33241	1.33242			6
2025.12.09	01:48:00.293	1.33241				2
2025.12.09	01:48:06.715	1.33240	1.33241			6
2025.12.09	01:48:28.508	1.33241	1.33242			6
2025.12.09	01:48:32.191	1.33242	1.33243			6
2025.12.09	01:48:50.541	1.33243	1.33244			6
2025.12.09	01:49:00.056	1.33243				2
2025.12.09	01:49:02.202	1.33242	1.33243			6
2025.12.09	01:49:25.499	1.33243	1.33244			6
2025.12.09	01:49:27.964	1.33245	1.33246			6
2025.12.09	01:49:28.267	1.33246	1.33247			6
2025.12.09	01:49:28.570	1.33245	1.33246			6
2025.12.09	01:49:34.086	1.33246	1.33247			6
2025.12.09	01:49:40.835	1.33247	1.33248			6
2025.12.09	01:49:46.344	1.33246	1.33247			6
2025.12.09	01:49:49.729	1.33244	1.33245			6
2025.12.09	01:50:00.160	1.33244				2
2025.12.09	01:50:01.385	1.33243	1.33244			6
2025.12.09	01:50:04.737	1.33244	1.33245			6
2025.12.09	01:50:07.810	1.33243	1.33244			6
2025.12.09	01:50:17.000	1.33242	1.33243			6
2025.12.09	01:50:21.604	1.33239	1.33240			6
2025.12.09	01:50:26.833	1.33238	1.33239			6
2025.12.09	01:50:27.135	1.33239	1.33240			6
2025.12.09	01:50:33.275	1.33238	1.33239			6
2025.12.09	01:50:33.577	1.33239	1.33240			6
2025.12.09	01:50:36.313	1.33238	1.33239			6
2025.12.09	01:51:00.276	1.33238				2
2025.12.09	01:51:32.866	1.33242	1.33243			6
2025.12.09	01:51:33.167	1.33243	1.33244			6
2025.12.09	01:51:36.232	1.33242	1.33243			6
2025.12.09	01:51:37.766	1.33243	1.33244			6
2025.12.09	01:51:40.512	1.33242	1.33243			6
2025.12.09	01:51:43.578	1.33243	1.33244			6
2025.12.09	01:51:50.316	1.33242	1.33243			6
2025.12.09	01:51:51.837	1.33243	1.33244			6
2025.12.09	01:52:00.105	1.33243				2
2025.12.09	01:52:01.636	1.33244	1.33245			6
2025.12.09	01:52:09.322	1.33246	1.33247			6
2025.12.09	01:52:09.626	1.33247	1.33248			6
2025.12.09	01:52:10.545	1.33248	1.33249			6
2025.12.09	01:52:30.794	1.33247	1.33248			6
2025.12.09	01:52:36.624	1.33248	1.33249			6
2025.12.09	01:53:00.210	1.33248				2
2025.12.09	01:53:17.361	1.33247	1.33248			6
2025.12.09	01:53:20.434	1.33248	1.33249			6
2025.12.09	01:53:40.080	1.33247	1.33248			6
2025.12.09	01:53:46.825	1.33248	1.33249			6
2025.12.09	01:54:00.012	1.33248				2
2025.12.09	01:54:02.459	1.33249	1.33250			6
2025.12.09	01:54:03.383	1.33250	1.33251			6
2025.12.09	01:54:06.141	1.33251	1.33252			6
2025.12.09	01:54:06.443	1.33250	1.33251			6
2025.12.09	01:54:18.397	1.33251	1.33252			6
2025.12.09	01:54:38.020	1.33250	1.33251			6
2025.12.09	01:54:39.559	1.33249	1.33250			6
2025.12.09	01:54:42.622	1.33250	1.33251			6
2025.12.09	01:54:44.149	1.33249	1.33250			6
2025.12.09	01:54:57.330	1.33250	1.33251			6
2025.12.09	01:54:57.645	1.33249	1.33250			6
2025.12.09	01:54:59.502	1.33250	1.33251			6
2025.12.09	01:55:00.119	1.33250				2
2025.12.09	01:55:01.037	1.33257	1.33258			6
2025.12.09	01:55:01.959	1.33258	1.33259			6
2025.12.09	01:55:02.272	1.33257	1.33263			6
2025.12.09	01:55:20.282		1.33262			4
2025.12.09	01:55:20.586		1.33261			4
2025.12.09	01:55:21.203		1.33262			4
2025.12.09	01:55:41.385	1.33258				2
2025.12.09	01:55:43.553	1.33257	1.33261			6
2025.12.09	01:55:52.334	1.33258				2
2025.12.09	01:55:56.697	1.33259	1.33262			6
2025.12.09	01:55:57.014	1.33258	1.33261			6
2025.12.09	01:56:00.139	1.33258				2
2025.12.09	01:56:01.091		1.33260			4
2025.12.09	01:56:10.310		1.33259			4
2025.12.09	01:56:16.429	1.33259	1.33260			6
2025.12.09	01:56:28.352	1.33260	1.33261			6
2025.12.09	01:56:32.026	1.33259	1.33260			6
2025.12.09	01:56:33.245	1.33258	1.33259			6
2025.12.09	01:56:34.458	1.33259	1.33260			6
2025.12.09	01:56:34.761	1.33261	1.33262			6
2025.12.09	01:56:36.607	1.33260	1.33261			6
2025.12.09	01:56:38.137	1.33259	1.33260			6
2025.12.09	01:56:39.055	1.33260	1.33261			6
2025.12.09	01:56:43.941	1.33259	1.33260			6
2025.12.09	01:56:48.550	1.33260	1.33261			6
2025.12.09	01:56:51.608	1.33259	1.33260			6
2025.12.09	01:56:53.451	1.33260	1.33261			6
2025.12.09	01:57:00.200	1.33260				2
2025.12.09	01:57:09.428	1.33259	1.33260			6
2025.12.09	01:57:12.476	1.33260	1.33261			6
2025.12.09	01:57:14.307	1.33259	1.33260			6
2025.12.09	01:57:14.616	1.33260	1.33261			6
2025.12.09	01:57:14.928	1.33259	1.33260			6
2025.12.09	01:57:30.556	1.33260	1.33261			6
2025.12.09	01:57:35.778	1.33259	1.33260			6
2025.12.09	01:57:36.697	1.33260	1.33261			6
2025.12.09	01:57:37.007	1.33259	1.33260			6
2025.12.09	01:57:43.457	1.33260	1.33261			6
2025.12.09	01:57:50.804	1.33259	1.33260			6
2025.12.09	01:57:51.721	1.33260	1.33261			6
2025.12.09	01:57:52.029	1.33259	1.33260			6
2025.12.09	01:57:52.643	1.33260	1.33261			6
2025.12.09	01:58:00.025	1.33260				2
2025.12.09	01:58:23.966	1.33259	1.33260			6
2025.12.09	01:58:24.269	1.33260	1.33261			6
2025.12.09	01:58:25.491	1.33259	1.33260			6
2025.12.09	01:58:26.407	1.33260	1.33261			6
2025.12.09	01:58:38.325	1.33259	1.33260			6
2025.12.09	01:58:47.830	1.33260	1.33261			6
2025.12.09	01:59:00.099	1.33260				2
2025.12.09	01:59:09.910	1.33259	1.33260			6
2025.12.09	01:59:12.973	1.33260	1.33261			6
2025.12.09	01:59:17.264	1.33259	1.33260			6
2025.12.09	01:59:17.569	1.33260	1.33261			6
2025.12.09	01:59:23.688	1.33259	1.33260			6
2025.12.09	01:59:25.221	1.33258	1.33259			6
2025.12.09	01:59:25.528	1.33259	1.33260			6
2025.12.09	01:59:30.450	1.33258	1.33259			6
2025.12.09	01:59:30.752	1.33259	1.33260			6
2025.12.09	01:59:31.366	1.33258	1.33259			6
2025.12.09	01:59:31.983	1.33259	1.33260			6
2025.12.09	01:59:39.037	1.33260	1.33261			6
2025.12.09	01:59:43.661	1.33259	1.33260			6
2025.12.09	01:59:45.500	1.33260	1.33261			6
2025.12.09	01:59:47.333	1.33261	1.33262			6
2025.12.09	01:59:47.939	1.33262	1.33263			6
2025.12.09	01:59:48.251	1.33263	1.33264			6
2025.12.09	01:59:48.557	1.33264	1.33265			6
2025.12.09	01:59:49.475	1.33265	1.33266			6
2025.12.09	01:59:51.618	1.33263	1.33264			6
2025.12.09	01:59:51.926	1.33264	1.33265			6
2025.12.09	01:59:52.534	1.33263	1.33264			6
2025.12.09	01:59:52.847	1.33264	1.33265			6
2025.12.09	01:59:54.100	1.33262	1.33263			6
2025.12.09	01:59:54.405	1.33260	1.33261			6
2025.12.09	01:59:55.346	1.33267	1.33271			6
2025.12.09	01:59:56.284		1.33272			4
2025.12.09	01:59:57.217		1.33273			4
2025.12.09	01:59:57.520		1.33274			4
2025.12.09	01:59:58.778		1.33273			4
2025.12.09	01:59:59.387		1.33272			4
2025.12.09	01:59:59.689		1.33274			4
2025.12.09	02:00:00.025	1.33267	1.33273			6
2025.12.09	02:00:00.345	1.33268	1.33272			6
2025.12.09	02:00:02.842	1.33267	1.33271			6
2025.12.09	02:00:03.780	1.33263	1.33267			6
2025.12.09	02:00:04.097	1.33262	1.33268			6
2025.12.09	02:00:04.409	1.33258	1.33264			6
2025.12.09	02:00:04.724	1.33259	1.33266			6
2025.12.09	02:00:05.043	1.33265	1.33271			6
2025.12.09	02:00:07.853		1.33272			4
2025.12.09	02:00:09.399	1.33267				2
2025.12.09	02:00:10.321	1.33268	1.33273			6
2025.12.09	02:00:10.628		1.33274			4
2025.12.09	02:00:11.887	1.33269				2
2025.12.09	02:00:12.188		1.33275			4
2025.12.09	02:00:12.503		1.33274			4
2025.12.09	02:00:16.220		1.33273			4
2025.12.09	02:00:23.356	1.33267	1.33271			6
2025.12.09	02:00:25.830		1.33269			4
2025.12.09	02:00:26.132		1.33268			4
2025.12.09	02:00:26.746	1.33266	1.33267			6
2025.12.09	02:00:27.375	1.33265				2
2025.12.09	02:00:29.247	1.33267	1.33269			6
2025.12.09	02:00:29.854		1.33268			4
2025.12.09	02:00:32.959	1.33266				2
2025.12.09	02:00:34.216	1.33267				2
2025.12.09	02:00:34.522	1.33276	1.33279			6
2025.12.09	02:00:34.830		1.33278			4
2025.12.09	02:00:35.134		1.33277			4
2025.12.09	02:00:36.069		1.33279			4
2025.12.09	02:00:36.689		1.33281			4
2025.12.09	02:00:36.992	1.33275				2
2025.12.09	02:00:37.305		1.33282			4
2025.12.09	02:00:38.236	1.33276				2
2025.12.09	02:00:39.478	1.33273	1.33280			6
2025.12.09	02:00:39.780	1.33275				2
2025.12.09	02:00:40.085		1.33281			4
2025.12.09	02:00:40.395	1.33276				2
2025.12.09	02:00:42.269	1.33275				2
2025.12.09	02:00:44.769	1.33276	1.33283			6
2025.12.09	02:00:46.016		1.33282			4
2025.12.09	02:00:47.580		1.33283			4
2025.12.09	02:00:50.363	1.33277				2
2025.12.09	02:00:52.553	1.33275	1.33281			6
2025.12.09	02:00:53.157	1.33276	1.33282			6
2025.12.09	02:00:54.096	1.33275	1.33281			6
2025.12.09	02:00:54.409		1.33282			4
2025.12.09	02:00:54.718	1.33276				2
2025.12.09	02:00:56.575		1.33281			4
2025.12.09	02:00:56.884	1.33275				2
2025.12.09	02:00:57.810		1.33282			4
2025.12.09	02:00:58.430		1.33281			4
2025.12.09	02:00:59.974	1.33276	1.33282			6
2025.12.09	02:01:00.283	1.33276				2
2025.12.09	02:01:00.597		1.33283			4
2025.12.09	02:01:02.482		1.33282			4
2025.12.09	02:01:07.165	1.33277	1.33283			6
2025.12.09	02:01:08.115		1.33282			4
2025.12.09	02:01:09.981	1.33266	1.33271			6
2025.12.09	02:01:10.593	1.33265	1.33270			6
2025.12.09	02:01:10.897	1.33260	1.33265			6
2025.12.09	02:01:11.200	1.33257	1.33264			6
2025.12.09	02:01:11.520	1.33259				2
2025.12.09	02:01:11.830	1.33258				2
2025.12.09	02:01:13.076	1.33259				2
2025.12.09	02:01:16.783	1.33261	1.33266			6
2025.12.09	02:01:17.089		1.33267			4
2025.12.09	02:01:19.872		1.33266			4
2025.12.09	02:01:20.809		1.33267			4
2025.12.09	02:01:21.119	1.33257	1.33263			6
2025.12.09	02:01:21.422	1.33258				2
2025.12.09	02:01:26.411	1.33265	1.33270			6
2025.12.09	02:01:27.022	1.33266				2
2025.12.09	02:01:27.648		1.33272			4
2025.12.09	02:01:27.959	1.33267				2
2025.12.09	02:01:28.580	1.33268	1.33274			6
2025.12.09	02:01:30.457		1.33273			4
2025.12.09	02:01:34.570		1.33274			4
2025.12.09	02:01:34.875		1.33273			4
2025.12.09	02:01:38.346	1.33267				2
2025.12.09	02:01:40.212		1.33272			4
2025.12.09	02:01:44.559	1.33266	1.33271			6
2025.12.09	02:01:45.493	1.33267	1.33272			6
2025.12.09	02:01:45.800	1.33266				2
2025.12.09	02:01:46.427	1.33268	1.33273			6
2025.12.09	02:01:49.875	1.33267				2
2025.12.09	02:01:50.512	1.33268				2
2025.12.09	02:01:55.152		1.33274			4
2025.12.09	02:01:55.463	1.33271	1.33277			6
2025.12.09	02:01:55.768		1.33276			4
2025.12.09	02:01:56.400	1.33270				2
2025.12.09	02:01:57.023	1.33268	1.33273			6
2025.12.09	02:02:00.134	1.33268				2
2025.12.09	02:02:00.440	1.33267				2
2025.12.09	02:02:01.061	1.33268	1.33274			6
2025.12.09	02:02:01.377		1.33273			4
2025.12.09	02:02:02.627	1.33269	1.33274			6
2025.12.09	02:02:02.935	1.33268				2
2025.12.09	02:02:03.556	1.33269				2
2025.12.09	02:02:04.794		1.33273			4
2025.12.09	02:02:05.718	1.33268				2
2025.12.09	02:02:07.274	1.33267	1.33272			6
2025.12.09	02:02:09.146	1.33268	1.33273			6
2025.12.09	02:02:18.421	1.33266	1.33270			6
2025.12.09	02:02:18.731		1.33271			4
2025.12.09	02:02:20.267	1.33267	1.33270			6
2025.12.09	02:02:20.570	1.33265				2
2025.12.09	02:02:20.878	1.33266				2
2025.12.09	02:02:22.738	1.33267				2
2025.12.09	02:02:23.043	1.33266				2
2025.12.09	02:02:23.349	1.33267				2
2025.12.09	02:02:23.656	1.33266				2
2025.12.09	02:02:24.896		1.33271			4
2025.12.09	02:02:29.195	1.33267				2
2025.12.09	02:02:30.113	1.33266	1.33270			6
2025.12.09	02:02:31.340	1.33268	1.33271			6
2025.12.09	02:02:31.644	1.33270	1.33273			6
2025.12.09	02:02:44.535	1.33267	1.33271			6
2025.12.09	02:02:44.837		1.33270			4
2025.12.09	02:02:45.754		1.33271			4
2025.12.09	02:02:47.286		1.33270			4
2025.12.09	02:02:53.700		1.33269			4
2025.12.09	02:02:57.074	1.33266				2
2025.12.09	02:03:00.150	1.33266				2
2025.12.09	02:03:01.066		1.33268			4
2025.12.09	02:03:01.371	1.33261	1.33263			6
2025.12.09	02:03:02.301	1.33260				2
2025.12.09	02:03:02.604	1.33259	1.33262			6
2025.12.09	02:03:05.047	1.33261	1.33264			6
2025.12.09	02:03:08.425	1.33262				2
2025.12.09	02:03:10.890		1.33265			4
2025.12.09	02:03:11.191	1.33263	1.33266			6
2025.12.09	02:03:12.114	1.33264	1.33267			6
2025.12.09	02:03:12.720	1.33263	1.33266			6
2025.12.09	02:03:15.166	1.33264				2
2025.12.09	02:03:16.704	1.33263	1.33265			6
2025.12.09	02:03:17.005	1.33262	1.33264			6
2025.12.09	02:03:18.228	1.33266	1.33267			6
2025.12.09	02:03:18.533	1.33267	1.33269			6
2025.12.09	02:03:19.141		1.33270			4
2025.12.09	02:03:19.445	1.33265	1.33268			6
2025.12.09	02:03:19.758	1.33264	1.33267			6
2025.12.09	02:03:24.640	1.33263	1.33266			6
2025.12.09	02:03:27.102	1.33261	1.33264			6
2025.12.09	02:03:27.409		1.33263			4
2025.12.09	02:03:28.323	1.33260				2
2025.12.09	02:03:29.250	1.33261				2
2025.12.09	02:03:30.179	1.33260	1.33262			6
2025.12.09	02:03:39.757	1.33261	1.33263			6
2025.12.09	02:03:41.904	1.33265	1.33267			6
2025.12.09	02:03:44.346	1.33266	1.33268			6
2025.12.09	02:03:47.704	1.33265	1.33267			6
2025.12.09	02:03:48.313	1.33267	1.33269			6
2025.12.09	02:03:49.239	1.33268	1.33270			6
2025.12.09	02:03:49.552	1.33267	1.33269			6
2025.12.09	02:03:49.856	1.33266	1.33268			6
2025.12.09	02:03:50.157	1.33267	1.33269			6
2025.12.09	02:03:50.773	1.33266	1.33268			6
2025.12.09	02:03:51.685	1.33267	1.33269			6
2025.12.09	02:03:52.603	1.33266	1.33268			6
2025.12.09	02:03:56.296	1.33267				2
2025.12.09	02:04:00.274	1.33266	1.33267			6
2025.12.09	02:04:08.283	1.33267	1.33268			6
2025.12.09	02:04:10.431	1.33266	1.33267			6
2025.12.09	02:04:11.346	1.33268	1.33269			6
2025.12.09	02:04:11.657	1.33269	1.33270			6
2025.12.09	02:04:16.561	1.33270	1.33271			6
2025.12.09	02:04:16.868	1.33269	1.33270			6
2025.12.09	02:04:17.792	1.33270	1.33271			6
2025.12.09	02:04:30.682	1.33269	1.33270			6
2025.12.09	02:04:30.989	1.33270	1.33271			6
2025.12.09	02:04:31.297	1.33271	1.33272			6
2025.12.09	02:04:31.599	1.33270	1.33271			6
2025.12.09	02:04:31.909	1.33271	1.33272			6
2025.12.09	02:04:32.216	1.33270	1.33271			6
2025.12.09	02:04:33.137	1.33271	1.33272			6
2025.12.09	02:04:34.370	1.33270	1.33271			6
2025.12.09	02:04:41.430	1.33269	1.33270			6
2025.12.09	02:04:42.350	1.33270	1.33271			6
2025.12.09	02:04:43.577	1.33269	1.33270			6
2025.12.09	02:04:44.193	1.33268	1.33269			6
2025.12.09	02:04:44.502	1.33269	1.33270			6
2025.12.09	02:04:46.023	1.33268	1.33269			6
2025.12.09	02:04:47.862	1.33267	1.33268			6
2025.12.09	02:04:48.779	1.33269	1.33270			6
2025.12.09	02:04:54.304	1.33270	1.33271			6
2025.12.09	02:05:00.129	1.33270				2
2025.12.09	02:05:04.738	1.33269	1.33270			6
2025.12.09	02:05:08.424	1.33267	1.33268			6
2025.12.09	02:05:08.727	1.33265	1.33266			6
2025.12.09	02:05:09.029	1.33264	1.33265			6
2025.12.09	02:05:09.336	1.33266	1.33267			6
2025.12.09	02:05:09.638	1.33265	1.33266			6
2025.12.09	02:05:10.251	1.33267	1.33268			6
2025.12.09	02:05:11.487	1.33266	1.33267			6
2025.12.09	02:05:12.101	1.33267	1.33268			6
2025.12.09	02:05:12.720	1.33266	1.33267			6
2025.12.09	02:05:13.950	1.33267	1.33268			6
2025.12.09	02:05:15.177	1.33268	1.33269			6
2025.12.09	02:05:15.790	1.33269	1.33270			6
2025.12.09	02:05:21.312	1.33268	1.33269			6
2025.12.09	02:05:21.925	1.33270	1.33271			6
2025.12.09	02:05:22.233	1.33271	1.33272			6
2025.12.09	02:05:22.538	1.33270	1.33271			6
2025.12.09	02:05:24.683	1.33269	1.33270			6
2025.12.09	02:05:25.299	1.33270	1.33271			6
2025.12.09	02:05:28.988	1.33269	1.33270			6
2025.12.09	02:05:32.961	1.33270	1.33271			6
2025.12.09	02:05:40.047	1.33271	1.33272			6
2025.12.09	02:05:40.356	1.33270	1.33271			6
2025.12.09	02:05:41.580	1.33271	1.33272			6
2025.12.09	02:05:44.648	1.33272	1.33273			6
2025.12.09	02:05:47.413	1.33273	1.33274			6
2025.12.09	02:06:00.003	1.33273				2
2025.12.09	02:06:00.618	1.33272	1.33273			6
2025.12.09	02:06:02.149	1.33273	1.33274			6
2025.12.09	02:06:03.676	1.33272	1.33273			6
2025.12.09	02:06:03.994	1.33273	1.33274			6
2025.12.09	02:06:11.064	1.33274	1.33275			6
2025.12.09	02:06:13.519	1.33272	1.33273			6
2025.12.09	02:06:13.832	1.33273	1.33274			6
2025.12.09	02:06:17.495	1.33266	1.33267			6
2025.12.09	02:06:17.800	1.33267	1.33268			6
2025.12.09	02:06:18.112	1.33268	1.33269			6
2025.12.09	02:06:19.038	1.33269	1.33270			6
2025.12.09	02:06:20.879	1.33268	1.33269			6
2025.12.09	02:06:21.796	1.33269	1.33270			6
2025.12.09	02:06:24.563	1.33267	1.33268			6
2025.12.09	02:06:27.312	1.33266	1.33267			6
2025.12.09	02:06:30.367	1.33267	1.33268			6
2025.12.09	02:06:35.576	1.33268	1.33269			6
2025.12.09	02:06:37.102	1.33265	1.33266			6
2025.12.09	02:06:37.405	1.33268	1.33269			6
2025.12.09	02:06:38.324	1.33267	1.33268			6
2025.12.09	02:06:38.942	1.33268	1.33269			6
2025.12.09	02:06:39.245	1.33269	1.33270			6
2025.12.09	02:06:42.006	1.33270	1.33271			6
2025.12.09	02:06:42.929	1.33269	1.33270			6
2025.12.09	02:06:44.151	1.33270	1.33271			6
2025.12.09	02:06:47.529	1.33269	1.33270			6
2025.12.09	02:06:48.442	1.33268	1.33269			6
2025.12.09	02:06:48.748	1.33267	1.33268			6
2025.12.09	02:06:50.896	1.33268	1.33269			6
2025.12.09	02:06:55.795	1.33267	1.33268			6
2025.12.09	02:06:56.401	1.33268	1.33269			6
2025.12.09	02:06:58.231	1.33267	1.33268			6
2025.12.09	02:06:58.843	1.33266	1.33267			6
2025.12.09	02:06:59.146	1.33267	1.33268			6
2025.12.09	02:07:00.071	1.33267				2
2025.12.09	02:07:06.827	1.33266	1.33267			6
2025.12.09	02:07:07.437	1.33267	1.33268			6
2025.12.09	02:07:08.962	1.33266	1.33267			6
2025.12.09	02:07:09.263	1.33267	1.33268			6
2025.12.09	02:07:13.254	1.33266	1.33267			6
2025.12.09	02:07:14.163	1.33267	1.33268			6
2025.12.09	02:07:24.008	1.33268	1.33269			6
2025.12.09	02:07:44.307	1.33265	1.33266			6
2025.12.09	02:07:44.612	1.33266	1.33267			6
2025.12.09	02:07:45.227	1.33265	1.33266			6
