<DATE>	<TIME>	<BID>	<ASK>	<LAST>	<VOLUME>	<FLAGS>
2025.07.09	00:03:30.663	1.35829	1.35934			6
2025.07.09	00:04:00.165	1.35829				2
2025.07.09	00:04:30.907		1.35934			4
2025.07.09	00:04:48.440	1.35869	1.35959			6
2025.07.09	00:05:00.059	1.35869				2
2025.07.09	00:05:28.710	1.35874				2
2025.07.09	00:05:29.324		1.35953			4
2025.07.09	00:05:29.628		1.35952			4
2025.07.09	00:05:35.523	1.35885	1.35968			6
2025.07.09	00:05:37.678	1.35882	1.35964			6
2025.07.09	00:05:38.912		1.35960			4
2025.07.09	00:06:00.151	1.35882				2
2025.07.09	00:06:06.306	1.35885				2
2025.07.09	00:06:19.547	1.35893	1.35965			6
2025.07.09	00:06:20.781	1.35895				2
2025.07.09	00:06:26.321		1.35969			4
2025.07.09	00:06:27.247		1.35967			4
2025.07.09	00:06:29.093		1.35985			4
2025.07.09	00:06:29.404	1.35823	1.35971			6
2025.07.09	00:06:30.625	1.35846				2
2025.07.09	00:06:36.485	1.35829	1.35962			6
2025.07.09	00:06:36.790	1.35837	1.35971			6
2025.07.09	00:06:37.710	1.35848				2
2025.07.09	00:06:45.400	1.35829	1.35962			6
2025.07.09	00:06:45.714	1.35837				2
2025.07.09	00:06:46.634	1.35848				2
2025.07.09	00:07:00.176	1.35848				2
2025.07.09	00:07:45.487		1.35962			4
2025.07.09	00:07:46.718	1.35850				2
2025.07.09	00:07:51.034	1.35829				2
2025.07.09	00:07:51.339	1.35833				2
2025.07.09	00:07:51.645	1.35836				2
2025.07.09	00:07:51.960	1.35837				2
2025.07.09	00:07:52.875	1.35839				2
2025.07.09	00:08:00.286	1.35839				2
2025.07.09	00:08:12.295	1.35844	1.35934			6
2025.07.09	00:08:12.601	1.35839	1.35962			6
2025.07.09	00:08:18.124	1.35844	1.35934			6
2025.07.09	00:08:18.736	1.35958	1.35989			6
2025.07.09	00:08:19.343	1.35839	1.35962			6
2025.07.09	00:09:00.275	1.35839				2
2025.07.09	00:09:19.386		1.35962			4
2025.07.09	00:10:00.054	1.35839				2
2025.07.09	00:10:19.488		1.35962			4
2025.07.09	00:11:00.187	1.35839				2
2025.07.09	00:11:19.612		1.35962			4
2025.07.09	00:12:00.275	1.35839				2
2025.07.09	00:12:19.688		1.35962			4
2025.07.09	00:13:00.075	1.35839				2
2025.07.09	00:13:19.781		1.35962			4
2025.07.09	00:13:46.615	1.35831				2
2025.07.09	00:13:47.856	1.35834				2
2025.07.09	00:14:00.226	1.35834				2
2025.07.09	00:14:19.986		1.35962			4
2025.07.09	00:15:00.160	1.35834				2
2025.07.09	00:15:20.186		1.35962			4
2025.07.09	00:16:58.514	1.35834	1.35962			6
2025.07.09	00:17:00.046	1.35834				2
2025.07.09	00:17:58.784		1.35962			4
2025.07.09	00:18:00.011	1.35834				2
2025.07.09	00:18:58.842		1.35962			4
2025.07.09	00:19:00.078	1.35834				2
2025.07.09	00:19:58.935		1.35962			4
2025.07.09	00:20:00.171	1.35834				2
2025.07.09	00:20:00.475	1.35799	1.35990			6
2025.07.09	00:20:29.616	1.35803				2
2025.07.09	00:20:35.466	1.35799				2
2025.07.09	00:20:38.599	1.35802				2
2025.07.09	00:20:44.761	1.35799				2
2025.07.09	00:21:01.809	1.35799	1.35990			6
2025.07.09	00:22:00.439	1.35799				2
2025.07.09	00:22:02.351		1.35990			4
2025.07.09	00:22:17.415	1.35827				2
2025.07.09	00:23:00.363	1.35827				2
2025.07.09	00:23:04.637		1.35990			4
2025.07.09	00:24:01.637	1.35827				2
2025.07.09	00:24:05.244		1.35990			4
2025.07.09	00:24:26.838		1.35996			4
2025.07.09	00:25:00.247	1.35827				2
2025.07.09	00:25:27.277		1.35996			4
2025.07.09	00:26:00.738	1.35827				2
2025.07.09	00:26:26.272		1.36000			4
2025.07.09	00:26:30.107		1.35999			4
2025.07.09	00:26:30.438		1.36001			4
2025.07.09	00:26:31.052		1.36002			4
2025.07.09	00:26:31.637		1.36001			4
2025.07.09	00:26:33.139		1.36002			4
2025.07.09	00:26:39.740		1.36001			4
2025.07.09	00:27:00.739	1.35827				2
2025.07.09	00:27:09.740		1.36000			4
2025.07.09	00:27:14.838		1.36001			4
2025.07.09	00:27:16.038		1.36000			4
2025.07.09	00:27:18.748		1.36001			4
2025.07.09	00:27:37.039		1.36000			4
2025.07.09	00:27:50.238		1.35999			4
2025.07.09	00:27:52.658		1.36000			4
2025.07.09	00:27:53.838		1.36001			4
2025.07.09	00:28:00.439	1.35827				2
2025.07.09	00:28:13.737		1.36000			4
2025.07.09	00:28:31.313	1.35875	1.35994			6
2025.07.09	00:28:34.561		1.35987			4
2025.07.09	00:28:45.139	1.35874	1.35983			6
2025.07.09	00:29:00.171	1.35874				2
2025.07.09	00:29:08.159		1.35976			4
2025.07.09	00:29:16.089		1.35983			4
2025.07.09	00:29:16.822		1.35976			4
2025.07.09	00:29:18.049		1.35983			4
2025.07.09	00:29:25.339		1.35974			4
2025.07.09	00:29:32.075		1.35983			4
2025.07.09	00:29:46.212		1.35971			4
2025.07.09	00:29:54.786		1.35983			4
2025.07.09	00:30:00.362	1.35874				2
2025.07.09	00:30:01.439		1.35968			4
2025.07.09	00:30:03.266		1.35983			4
2025.07.09	00:30:06.452	1.35866	1.35970			6
2025.07.09	00:30:07.449		1.35964			4
2025.07.09	00:30:08.369		1.35967			4
2025.07.09	00:30:08.683		1.35970			4
2025.07.09	00:30:09.419		1.35966			4
2025.07.09	00:30:10.028	1.35870	1.35987			6
2025.07.09	00:30:21.801	1.35830	1.35989			6
2025.07.09	00:30:22.119		1.35991			4
2025.07.09	00:30:26.488	1.35870	1.35989			6
2025.07.09	00:30:27.163		1.35990			4
2025.07.09	00:30:31.403		1.35989			4
2025.07.09	00:30:37.402		1.35990			4
2025.07.09	00:30:48.138		1.35989			4
2025.07.09	00:30:49.338		1.35990			4
2025.07.09	00:30:53.538		1.35989			4
2025.07.09	00:30:56.239		1.35990			4
2025.07.09	00:31:01.338	1.35870	1.35983			6
2025.07.09	00:31:04.176	1.35869	1.35974			6
2025.07.09	00:31:44.240	1.35870	1.35960			6
2025.07.09	00:32:00.405	1.35862	1.35950			6
2025.07.09	00:33:00.439	1.35862	1.35950			6
2025.07.09	00:34:23.618	1.35871	1.35977			6
2025.07.09	00:35:03.438	1.35871				2
2025.07.09	00:35:24.438		1.35977			4
2025.07.09	00:36:00.657	1.35871				2
2025.07.09	00:36:24.440		1.35977			4
2025.07.09	00:37:00.664	1.35871				2
2025.07.09	00:37:24.441		1.35977			4
2025.07.09	00:38:00.360	1.35871				2
2025.07.09	00:38:16.949		1.35976			4
2025.07.09	00:39:02.539	1.35871				2
2025.07.09	00:39:11.951		1.35977			4
2025.07.09	00:40:00.314	1.35871				2
2025.07.09	00:40:10.540	1.35861	1.35982			6
2025.07.09	00:40:17.705	1.35867	1.35977			6
2025.07.09	00:40:19.441		1.35975			4
2025.07.09	00:40:22.109		1.35973			4
2025.07.09	00:40:27.708		1.35976			4
2025.07.09	00:40:28.214	1.35866	1.35981			6
2025.07.09	00:40:28.534		1.35973			4
2025.07.09	00:40:29.185		1.35975			4
2025.07.09	00:40:30.439	1.35864	1.35972			6
2025.07.09	00:40:30.868	1.35866	1.35973			6
2025.07.09	00:40:35.837	1.35865	1.35978			6
2025.07.09	00:40:36.204	1.35866	1.35974			6
2025.07.09	00:40:37.945		1.35972			4
2025.07.09	00:40:41.005	1.35862	1.35969			6
2025.07.09	00:40:41.444	1.35866	1.35972			6
2025.07.09	00:40:43.445		1.35973			4
2025.07.09	00:40:47.538	1.35867				2
2025.07.09	00:40:47.849		1.35974			4
2025.07.09	00:40:51.378		1.35971			4
2025.07.09	00:40:51.739	1.35865	1.35969			6
2025.07.09	00:40:52.081	1.35862				2
2025.07.09	00:40:53.438	1.35867	1.35965			6
2025.07.09	00:40:53.784		1.35971			4
2025.07.09	00:40:56.444		1.35973			4
2025.07.09	00:40:57.449		1.35971			4
2025.07.09	00:40:57.783	1.35863	1.35966			6
2025.07.09	00:40:58.938	1.35866				2
2025.07.09	00:40:59.252	1.35857	1.35982			6
2025.07.09	00:40:59.688	1.35866	1.35966			6
2025.07.09	00:41:00.037	1.35862				2
2025.07.09	00:41:01.181	1.35864	1.35963			6
2025.07.09	00:41:01.911		1.35967			4
2025.07.09	00:41:02.256		1.35971			4
2025.07.09	00:41:03.212		1.35965			4
2025.07.09	00:41:04.440		1.35962			4
2025.07.09	00:41:05.232	1.35868	1.35959			6
2025.07.09	00:41:05.580	1.35865	1.35970			6
2025.07.09	00:41:05.972	1.35867	1.35963			6
2025.07.09	00:41:06.304	1.35863				2
2025.07.09	00:41:06.706	1.35865				2
2025.07.09	00:41:09.189	1.35868	1.35959			6
2025.07.09	00:41:09.535	1.35867	1.35970			6
2025.07.09	00:41:09.935		1.35964			4
2025.07.09	00:41:10.278		1.35971			4
2025.07.09	00:41:10.680		1.35967			4
2025.07.09	00:41:11.160	1.35864	1.35965			6
2025.07.09	00:41:12.309	1.35866	1.35962			6
2025.07.09	00:41:12.648	1.35862	1.35964			6
2025.07.09	00:41:14.441	1.35867	1.35960			6
2025.07.09	00:41:15.343	1.35866	1.35968			6
2025.07.09	00:41:15.676	1.35867				2
2025.07.09	00:41:20.244		1.35965			4
2025.07.09	00:41:20.590	1.35863	1.35962			6
2025.07.09	00:41:22.107	1.35865	1.35969			6
2025.07.09	00:41:22.418		1.35967			4
2025.07.09	00:41:22.783		1.35962			4
2025.07.09	00:41:24.162	1.35866	1.35959			6
2025.07.09	00:41:25.358		1.35956			4
2025.07.09	00:41:27.442		1.35970			4
2025.07.09	00:41:27.775	1.35864	1.35961			6
2025.07.09	00:41:28.543	1.35867	1.35960			6
2025.07.09	00:41:28.926		1.35957			4
2025.07.09	00:41:30.971		1.35960			4
2025.07.09	00:41:31.325	1.35866	1.35966			6
2025.07.09	00:41:31.960	1.35863	1.35961			6
2025.07.09	00:41:33.530	1.35865	1.35966			6
2025.07.09	00:41:35.439	1.35864	1.35965			6
2025.07.09	00:41:39.798	1.35865	1.35963			6
2025.07.09	00:41:40.166	1.35862				2
2025.07.09	00:41:47.535	1.35866	1.35957			6
2025.07.09	00:41:47.881	1.35864				2
2025.07.09	00:41:48.236	1.35863	1.35959			6
2025.07.09	00:41:48.577		1.35963			4
2025.07.09	00:41:56.892	1.35864	1.35964			6
2025.07.09	00:41:57.241		1.35965			4
2025.07.09	00:41:57.723		1.35961			4
2025.07.09	00:41:58.242	1.35859				2
2025.07.09	00:42:01.544	1.35865	1.35957			6
2025.07.09	00:42:01.878	1.35862	1.35958			6
2025.07.09	00:42:11.535	1.35865	1.35964			6
2025.07.09	00:42:21.542	1.35866				2
2025.07.09	00:42:41.556		1.35966			4
2025.07.09	00:42:41.928	1.35862				2
2025.07.09	00:42:42.289	1.35859				2
2025.07.09	00:42:43.281	1.35864	1.35960			6
2025.07.09	00:42:44.312	1.35867	1.35956			6
2025.07.09	00:42:45.447		1.35954			4
2025.07.09	00:42:45.767		1.35959			4
2025.07.09	00:42:46.452		1.35957			4
2025.07.09	00:42:55.118	1.35865	1.35964			6
2025.07.09	00:42:55.424	1.35866	1.35956			6
2025.07.09	00:42:56.456		1.35954			4
2025.07.09	00:42:56.761		1.35959			4
2025.07.09	00:42:57.190	1.35861	1.35960			6
2025.07.09	00:42:58.449	1.35866	1.35955			6
2025.07.09	00:42:59.451	1.35865	1.35963			6
2025.07.09	00:43:01.039	1.35865				2
2025.07.09	00:43:07.646		1.35964			4
2025.07.09	00:43:12.251		1.35967			4
2025.07.09	00:43:12.559	1.35862	1.35965			6
2025.07.09	00:43:13.476		1.35963			4
2025.07.09	00:43:37.180	1.35864				2
2025.07.09	00:44:01.801	1.35864				2
2025.07.09	00:44:15.980		1.35963			4
2025.07.09	00:44:19.870		1.35973			4
2025.07.09	00:44:20.212		1.35966			4
2025.07.09	00:44:20.696		1.35964			4
2025.07.09	00:44:31.542	1.35863	1.35967			6
2025.07.09	00:44:31.938		1.35965			4
2025.07.09	00:44:34.451		1.35962			4
2025.07.09	00:44:34.937		1.35965			4
2025.07.09	00:44:35.454	1.35865				2
2025.07.09	00:44:37.454		1.35961			4
2025.07.09	00:44:37.904		1.35965			4
2025.07.09	00:44:38.452		1.35969			4
2025.07.09	00:44:39.354		1.35971			4
2025.07.09	00:44:39.694		1.35969			4
2025.07.09	00:44:43.464		1.35968			4
2025.07.09	00:44:50.538	1.35864	1.35969			6
2025.07.09	00:45:00.273	1.35865	1.35975			6
2025.07.09	00:45:00.651	1.35864	1.35971			6
2025.07.09	00:45:02.457		1.35970			4
2025.07.09	00:45:03.152	1.35841	1.35989			6
2025.07.09	00:45:03.469		1.35988			4
2025.07.09	00:45:04.390		1.35987			4
2025.07.09	00:45:05.309		1.35988			4
2025.07.09	00:45:06.234		1.35986			4
2025.07.09	00:45:06.538	1.35858	1.35973			6
2025.07.09	00:45:06.920	1.35861	1.35967			6
2025.07.09	00:45:07.697	1.35863	1.35965			6
2025.07.09	00:45:10.428	1.35878	1.35959			6
2025.07.09	00:45:12.259	1.35876				2
2025.07.09	00:45:13.179	1.35877				2
2025.07.09	00:45:13.797	1.35878				2
2025.07.09	00:45:14.405	1.35876				2
2025.07.09	00:45:20.236	1.35882				2
2025.07.09	00:46:00.111	1.35882				2
2025.07.09	00:46:06.866	1.35881				2
2025.07.09	00:46:07.171	1.35872	1.35957			6
2025.07.09	00:46:07.473	1.35870	1.35960			6
2025.07.09	00:46:07.784	1.35871				2
2025.07.09	00:46:08.097		1.35957			4
2025.07.09	00:46:09.012	1.35872	1.35954			6
2025.07.09	00:46:10.242	1.35876	1.35953			6
2025.07.09	00:46:11.163		1.35954			4
2025.07.09	00:46:11.467	1.35873	1.35957			6
2025.07.09	00:46:14.236	1.35869				2
2025.07.09	00:46:14.543	1.35868				2
2025.07.09	00:46:16.389	1.35873				2
2025.07.09	00:46:17.317	1.35868	1.35950			6
2025.07.09	00:46:19.464	1.35874	1.35949			6
2025.07.09	00:46:20.386	1.35869	1.35950			6
2025.07.09	00:46:21.621	1.35868				2
2025.07.09	00:46:22.541	1.35870	1.35952			6
2025.07.09	00:46:24.396	1.35875	1.35951			6
2025.07.09	00:46:25.324	1.35871	1.35952			6
2025.07.09	00:46:26.255	1.35873	1.35951			6
2025.07.09	00:46:26.561	1.35875				2
2025.07.09	00:46:27.491	1.35871	1.35952			6
2025.07.09	00:46:28.405	1.35875	1.35951			6
2025.07.09	00:46:29.332	1.35871	1.35952			6
2025.07.09	00:46:30.264	1.35875	1.35951			6
2025.07.09	00:46:31.495	1.35871	1.35952			6
2025.07.09	00:46:32.413	1.35875	1.35951			6
2025.07.09	00:46:33.333	1.35865	1.35962			6
2025.07.09	00:46:37.318	1.35876	1.35951			6
2025.07.09	00:46:37.623		1.35954			4
2025.07.09	00:46:38.557	1.35873	1.35955			6
2025.07.09	00:46:38.864	1.35881	1.35940			6
2025.07.09	00:46:39.175	1.35876	1.35962			6
2025.07.09	00:46:39.789	1.35881	1.35954			6
2025.07.09	00:46:40.720	1.35865	1.35962			6
2025.07.09	00:46:41.025	1.35873	1.35958			6
2025.07.09	00:46:41.645	1.35874	1.35943			6
2025.07.09	00:46:41.946	1.35875	1.35959			6
2025.07.09	00:46:42.564		1.35957			4
2025.07.09	00:46:42.874	1.35876				2
2025.07.09	00:46:43.178		1.35958			4
2025.07.09	00:46:43.481	1.35874	1.35961			6
2025.07.09	00:46:43.790	1.35872				2
2025.07.09	00:46:45.937	1.35871				2
2025.07.09	00:46:46.242	1.35874				2
2025.07.09	00:46:46.857	1.35875	1.35944			6
2025.07.09	00:46:47.165	1.35881	1.35943			6
2025.07.09	00:46:47.473		1.35938			4
2025.07.09	00:46:47.782		1.35932			4
2025.07.09	00:46:49.014		1.35935			4
2025.07.09	00:46:49.936		1.35947			4
2025.07.09	00:46:54.550		1.35954			4
2025.07.09	00:46:54.858	1.35873	1.35958			6
2025.07.09	00:46:55.167	1.35871				2
2025.07.09	00:46:56.093	1.35874				2
2025.07.09	00:46:58.244		1.35959			4
2025.07.09	00:46:59.170	1.35876	1.35962			6
2025.07.09	00:46:59.475		1.35964			4
2025.07.09	00:47:00.093	1.35876				2
2025.07.09	00:47:00.402	1.35877	1.35948			6
2025.07.09	00:47:02.849	1.35818	1.35979			6
2025.07.09	00:47:03.469		1.35973			4
2025.07.09	00:47:03.771		1.35974			4
2025.07.09	00:47:04.075		1.35978			4
2025.07.09	00:47:05.000		1.35975			4
2025.07.09	00:47:05.304		1.35980			4
2025.07.09	00:47:05.609		1.35971			4
2025.07.09	00:47:06.533	1.35879	1.35938			6
2025.07.09	00:47:06.839		1.35937			4
2025.07.09	00:47:07.753	1.35876				2
2025.07.09	00:47:08.364	1.35871	1.35938			6
2025.07.09	00:47:10.821	1.35859	1.35953			6
2025.07.09	00:47:11.125	1.35857				2
2025.07.09	00:47:12.042		1.35954			4
2025.07.09	00:47:12.351	1.35861	1.35953			6
2025.07.09	00:47:13.888		1.35954			4
2025.07.09	00:47:15.102	1.35860	1.35955			6
2025.07.09	00:47:15.407	1.35863				2
2025.07.09	00:47:16.633	1.35864	1.35953			6
2025.07.09	00:47:18.782		1.35952			4
2025.07.09	00:47:19.093	1.35855				2
2025.07.09	00:47:20.011	1.35856				2
2025.07.09	00:47:21.243	1.35852	1.35951			6
2025.07.09	00:47:22.168		1.35952			4
2025.07.09	00:47:22.473	1.35856	1.35953			6
2025.07.09	00:47:23.404	1.35852	1.35952			6
2025.07.09	00:47:24.018	1.35850	1.35940			6
2025.07.09	00:47:24.935	1.35845				2
2025.07.09	00:47:25.243	1.35832	1.35943			6
2025.07.09	00:47:25.551		1.35942			4
2025.07.09	00:47:29.875	1.35834				2
2025.07.09	00:47:30.495		1.35943			4
2025.07.09	00:47:35.737		1.35944			4
2025.07.09	00:47:36.667		1.35943			4
2025.07.09	00:47:40.354	1.35840	1.35945			6
2025.07.09	00:47:41.273	1.35845	1.35948			6
2025.07.09	00:47:41.584		1.35949			4
2025.07.09	00:47:42.205	1.35851	1.35945			6
2025.07.09	00:47:42.510	1.35840				2
2025.07.09	00:47:43.429	1.35846	1.35950			6
2025.07.09	00:47:44.357	1.35847	1.35949			6
2025.07.09	00:47:45.283	1.35846	1.35948			6
2025.07.09	00:47:45.591	1.35844	1.35949			6
2025.07.09	00:47:46.208	1.35850	1.35950			6
2025.07.09	00:47:46.516	1.35847				2
2025.07.09	00:47:46.823		1.35951			4
2025.07.09	00:47:47.139	1.35850				2
2025.07.09	00:47:47.449	1.35848	1.35950			6
2025.07.09	00:47:48.365	1.35847	1.35951			6
2025.07.09	00:47:48.981	1.35846				2
2025.07.09	00:47:49.297	1.35845	1.35950			6
2025.07.09	00:47:49.603	1.35846				2
2025.07.09	00:47:50.214	1.35849	1.35951			6
2025.07.09	00:47:52.365	1.35853				2
2025.07.09	00:47:52.668	1.35849				2
2025.07.09	00:47:52.977	1.35847				2
2025.07.09	00:47:53.292	1.35849				2
2025.07.09	00:47:53.901	1.35853	1.35950			6
2025.07.09	00:47:54.206	1.35847				2
2025.07.09	00:47:54.514	1.35848	1.35951			6
2025.07.09	00:47:54.822	1.35847	1.35950			6
2025.07.09	00:47:55.133	1.35849				2
2025.07.09	00:47:55.744		1.35951			4
2025.07.09	00:47:57.282	1.35847				2
2025.07.09	00:47:58.202	1.35846				2
2025.07.09	00:47:58.508	1.35848				2
2025.07.09	00:47:59.430	1.35849				2
2025.07.09	00:48:00.040	1.35849				2
2025.07.09	00:48:00.345	1.35850				2
2025.07.09	00:48:01.272	1.35848	1.35950			6
2025.07.09	00:48:03.108		1.35951			4
2025.07.09	00:48:03.414	1.35847				2
2025.07.09	00:48:04.644	1.35844				2
2025.07.09	00:48:04.952		1.35950			4
2025.07.09	00:48:05.252	1.35846	1.35951			6
2025.07.09	00:48:05.565	1.35847				2
2025.07.09	00:48:06.482	1.35845				2
2025.07.09	00:48:07.407	1.35846	1.35950			6
2025.07.09	00:48:09.248	1.35848				2
2025.07.09	00:48:09.556	1.35846				2
2025.07.09	00:48:09.868	1.35848	1.35951			6
2025.07.09	00:48:10.175	1.35846				2
2025.07.09	00:48:10.480	1.35847				2
2025.07.09	00:48:11.410	1.35845				2
2025.07.09	00:48:11.713	1.35851				2
2025.07.09	00:48:12.020	1.35849				2
2025.07.09	00:48:12.328	1.35847				2
2025.07.09	00:48:12.943	1.35846				2
2025.07.09	00:48:13.251	1.35847				2
2025.07.09	00:48:13.562	1.35846				2
2025.07.09	00:48:13.874	1.35843				2
2025.07.09	00:48:14.177	1.35848				2
2025.07.09	00:48:14.483	1.35843				2
2025.07.09	00:48:14.793	1.35847				2
2025.07.09	00:48:15.100	1.35848				2
2025.07.09	00:48:15.403	1.35840				2
2025.07.09	00:48:16.328	1.35845				2
2025.07.09	00:48:17.249	1.35849				2
2025.07.09	00:48:17.552	1.35847				2
2025.07.09	00:48:18.481	1.35850				2
2025.07.09	00:48:21.562	1.35848				2
2025.07.09	00:48:22.479	1.35846				2
2025.07.09	00:48:22.791	1.35845				2
2025.07.09	00:48:23.412	1.35848				2
2025.07.09	00:48:23.717	1.35849				2
2025.07.09	00:48:24.336	1.35848				2
2025.07.09	00:48:24.644	1.35846				2
2025.07.09	00:48:25.263	1.35847				2
2025.07.09	00:48:25.567	1.35845				2
2025.07.09	00:48:38.210	1.35848				2
2025.07.09	00:48:39.761	1.35845				2
2025.07.09	00:48:40.066	1.35847				2
2025.07.09	00:48:41.291	1.35849	1.35947			6
2025.07.09	00:48:44.378	1.35847				2
2025.07.09	00:48:44.680	1.35851				2
2025.07.09	00:48:44.983	1.35847				2
2025.07.09	00:48:45.592	1.35848				2
2025.07.09	00:48:48.366	1.35847				2
2025.07.09	00:48:48.673	1.35849				2
2025.07.09	00:48:48.979	1.35848				2
2025.07.09	00:48:49.290	1.35846				2
2025.07.09	00:48:49.598	1.35847				2
2025.07.09	00:48:49.906	1.35850				2
2025.07.09	00:48:50.213	1.35847				2
2025.07.09	00:48:51.442	1.35848				2
2025.07.09	00:48:51.756	1.35847				2
2025.07.09	00:48:52.677	1.35849				2
2025.07.09	00:49:00.057	1.35849				2
2025.07.09	00:49:12.987	1.35846				2
2025.07.09	00:49:14.219	1.35849				2
2025.07.09	00:49:14.522	1.35847				2
2025.07.09	00:49:14.826	1.35848				2
2025.07.09	00:49:15.434	1.35847				2
2025.07.09	00:49:36.335		1.35950			4
2025.07.09	00:49:40.645	1.35848				2
2025.07.09	00:49:41.262	1.35849				2
2025.07.09	00:49:43.118	1.35844				2
2025.07.09	00:49:45.271	1.35847				2
2025.07.09	00:49:45.575	1.35844				2
2025.07.09	00:49:46.504	1.35847				2
2025.07.09	00:50:00.040	1.35847				2
2025.07.09	00:50:07.424	1.35848				2
2025.07.09	00:50:08.337	1.35846				2
2025.07.09	00:50:08.651	1.35848				2
2025.07.09	00:50:08.956	1.35846				2
2025.07.09	00:50:09.581	1.35848				2
2025.07.09	00:50:09.886	1.35846				2
2025.07.09	00:50:10.192	1.35847				2
2025.07.09	00:50:10.513	1.35849				2
2025.07.09	00:50:11.430	1.35850				2
2025.07.09	00:50:11.737	1.35849				2
2025.07.09	00:50:13.276	1.35850				2
2025.07.09	00:50:14.205	1.35852				2
2025.07.09	00:50:14.524	1.35850				2
2025.07.09	00:50:31.196		1.35951			4
2025.07.09	00:50:56.476	1.35852				2
2025.07.09	00:50:56.777	1.35850				2
2025.07.09	00:50:58.323	1.35845				2
2025.07.09	00:51:00.171	1.35845				2
2025.07.09	00:51:26.375		1.35948			4
2025.07.09	00:51:43.012	1.35847				2
2025.07.09	00:51:43.323	1.35845				2
2025.07.09	00:52:00.275	1.35845				2
2025.07.09	00:52:14.451	1.35847				2
2025.07.09	00:52:15.073	1.35853				2
2025.07.09	00:52:15.377	1.35850				2
2025.07.09	00:52:16.300	1.35853				2
2025.07.09	00:52:17.224	1.35854				2
2025.07.09	00:52:17.529	1.35852				2
2025.07.09	00:52:18.451	1.35854				2
2025.07.09	00:52:19.072	1.35852				2
2025.07.09	00:52:19.375	1.35854				2
2025.07.09	00:52:20.910	1.35853				2
2025.07.09	00:52:21.223		1.35957			4
2025.07.09	00:52:21.527	1.35855				2
2025.07.09	00:52:24.297	1.35857				2
2025.07.09	00:52:26.756	1.35855				2
2025.07.09	00:52:28.905	1.35857				2
2025.07.09	00:52:30.750	1.35855				2
2025.07.09	00:52:37.834	1.35854				2
2025.07.09	00:52:39.983	1.35855				2
2025.07.09	00:52:43.685	1.35854				2
2025.07.09	00:52:51.990	1.35855				2
2025.07.09	00:53:00.296	1.35855				2
2025.07.09	00:53:12.585		1.35956			4
2025.07.09	00:53:12.894	1.35854	1.35957			6
2025.07.09	00:53:13.500	1.35851	1.35956			6
2025.07.09	00:53:13.802		1.35954			4
2025.07.09	00:53:14.104		1.35956			4
2025.07.09	00:53:14.415		1.35954			4
2025.07.09	00:53:15.025		1.35951			4
2025.07.09	00:53:16.254		1.35949			4
2025.07.09	00:53:21.172	1.35848				2
2025.07.09	00:53:24.247	1.35851				2
2025.07.09	00:53:29.475	1.35843	1.35950			6
2025.07.09	00:53:29.778	1.35851	1.35951			6
2025.07.09	00:53:30.395		1.35952			4
2025.07.09	00:53:30.707		1.35954			4
2025.07.09	00:53:31.008	1.35849	1.35959			6
2025.07.09	00:53:31.317	1.35851	1.35956			6
2025.07.09	00:53:31.620		1.35949			4
2025.07.09	00:53:32.855		1.35955			4
2025.07.09	00:53:33.164	1.35849	1.35949			6
2025.07.09	00:53:33.471	1.35847				2
2025.07.09	00:53:33.777	1.35850				2
2025.07.09	00:53:34.704	1.35843				2
2025.07.09	00:53:35.926	1.35850				2
2025.07.09	00:53:44.247	1.35851				2
2025.07.09	00:54:00.269	1.35851				2
2025.07.09	00:54:10.111	1.35850				2
2025.07.09	00:54:12.259	1.35851				2
2025.07.09	00:54:16.256	1.35850				2
2025.07.09	00:54:28.272		1.35952			4
2025.07.09	00:54:33.203	1.35851	1.35953			6
2025.07.09	00:54:34.753	1.35850				2
2025.07.09	00:54:35.059	1.35848				2
2025.07.09	00:54:35.365	1.35851				2
2025.07.09	00:54:36.287		1.35951			4
2025.07.09	00:54:37.512	1.35850	1.35953			6
2025.07.09	00:54:40.599	1.35843				2
2025.07.09	00:54:40.902	1.35850				2
2025.07.09	00:55:00.299	1.35850				2
2025.07.09	00:55:01.532	1.35844				2
2025.07.09	00:55:08.925	1.35845				2
2025.07.09	00:55:09.847	1.35844				2
2025.07.09	00:55:10.466	1.35847				2
2025.07.09	00:55:11.391	1.35848				2
2025.07.09	00:55:13.243	1.35849				2
2025.07.09	00:55:14.170		1.35950			4
2025.07.09	00:55:14.479	1.35843	1.35953			6
2025.07.09	00:55:16.018	1.35844				2
2025.07.09	00:55:16.935	1.35847	1.35950			6
2025.07.09	00:55:17.251		1.35955			4
2025.07.09	00:55:17.552	1.35846	1.35952			6
2025.07.09	00:55:18.176	1.35849	1.35949			6
2025.07.09	00:55:18.478	1.35846				2
2025.07.09	00:55:19.089	1.35847				2
2025.07.09	00:55:22.491		1.35950			4
2025.07.09	00:55:26.491	1.35846	1.35953			6
2025.07.09	00:55:26.803	1.35848	1.35954			6
2025.07.09	00:55:27.112		1.35956			4
2025.07.09	00:55:27.731		1.35951			4
2025.07.09	00:55:28.037		1.35949			4
2025.07.09	00:55:28.962	1.35844	1.35957			6
2025.07.09	00:55:29.578	1.35846	1.35952			6
2025.07.09	00:55:29.885	1.35848	1.35955			6
2025.07.09	00:55:31.119		1.35951			4
2025.07.09	00:55:31.429	1.35846	1.35955			6
2025.07.09	00:55:32.045	1.35847				2
2025.07.09	00:55:32.352	1.35845	1.35951			6
2025.07.09	00:55:32.973		1.35947			4
2025.07.09	00:55:33.289	1.35849	1.35949			6
2025.07.09	00:55:33.598	1.35846	1.35955			6
2025.07.09	00:55:35.124	1.35843	1.35950			6
2025.07.09	00:55:35.427	1.35844	1.35954			6
2025.07.09	00:55:36.046		1.35950			4
2025.07.09	00:55:36.353	1.35847				2
2025.07.09	00:55:39.126	1.35848	1.35944			6
2025.07.09	00:55:49.287		1.35945			4
2025.07.09	00:55:56.978	1.35845	1.35955			6
2025.07.09	00:55:57.585	1.35849	1.35951			6
2025.07.09	00:55:58.825		1.35955			4
2025.07.09	00:55:59.443		1.35953			4
2025.07.09	00:56:00.065	1.35849				2
2025.07.09	00:56:00.373		1.35950			4
2025.07.09	00:56:00.981	1.35848	1.35958			6
2025.07.09	00:56:01.287	1.35850	1.35945			6
2025.07.09	00:56:01.913	1.35847	1.35953			6
2025.07.09	00:56:02.214		1.35947			4
2025.07.09	00:56:02.525	1.35849	1.35953			6
2025.07.09	00:56:03.137		1.35951			4
2025.07.09	00:56:04.378		1.35952			4
2025.07.09	00:56:04.684		1.35954			4
2025.07.09	00:56:04.990		1.35955			4
2025.07.09	00:56:05.300		1.35952			4
2025.07.09	00:56:06.217	1.35845	1.35955			6
2025.07.09	00:56:06.526		1.35947			4
2025.07.09	00:56:06.835	1.35847				2
2025.07.09	00:56:12.386	1.35843	1.35951			6
2025.07.09	00:56:13.315	1.35845				2
2025.07.09	00:56:13.631	1.35847				2
2025.07.09	00:56:14.244		1.35949			4
2025.07.09	00:56:14.545	1.35850	1.35945			6
2025.07.09	00:56:14.851	1.35847	1.35956			6
2025.07.09	00:56:15.471	1.35849	1.35952			6
2025.07.09	00:56:17.327	1.35843	1.35953			6
2025.07.09	00:56:17.636		1.35955			4
2025.07.09	00:56:18.256	1.35847				2
2025.07.09	00:56:18.558	1.35843	1.35953			6
2025.07.09	00:56:18.868	1.35847	1.35948			6
2025.07.09	00:56:19.170	1.35848	1.35955			6
2025.07.09	00:56:19.484	1.35842	1.35952			6
2025.07.09	00:56:20.412	1.35848	1.35950			6
2025.07.09	00:56:21.026		1.35953			4
2025.07.09	00:56:21.642		1.35951			4
2025.07.09	00:56:22.270	1.35846				2
2025.07.09	00:56:22.578	1.35848	1.35955			6
2025.07.09	00:56:23.498	1.35843	1.35956			6
2025.07.09	00:56:24.428		1.35951			4
2025.07.09	00:56:24.734		1.35954			4
2025.07.09	00:56:25.042		1.35949			4
2025.07.09	00:56:25.349	1.35842	1.35953			6
2025.07.09	00:56:25.657	1.35846	1.35952			6
2025.07.09	00:56:27.499	1.35848				2
2025.07.09	00:56:29.346	1.35847	1.35948			6
2025.07.09	00:56:29.653	1.35842	1.35950			6
2025.07.09	00:56:30.269	1.35844				2
2025.07.09	00:56:30.583	1.35847	1.35948			6
2025.07.09	00:56:30.886	1.35848	1.35956			6
2025.07.09	00:56:31.506	1.35843	1.35954			6
2025.07.09	00:56:32.738		1.35950			4
2025.07.09	00:56:33.045		1.35952			4
2025.07.09	00:56:33.357	1.35845	1.35957			6
2025.07.09	00:56:33.974	1.35849	1.35953			6
2025.07.09	00:56:34.283	1.35850	1.35946			6
2025.07.09	00:56:34.586	1.35848	1.35955			6
2025.07.09	00:56:35.507	1.35849	1.35953			6
2025.07.09	00:56:36.127	1.35850	1.35945			6
2025.07.09	00:56:37.971	1.35849	1.35949			6
2025.07.09	00:56:49.363	1.35850	1.35947			6
2025.07.09	00:56:49.668	1.35849	1.35954			6
2025.07.09	00:56:49.976	1.35848	1.35952			6
2025.07.09	00:56:50.286	1.35847	1.35951			6
2025.07.09	00:56:50.593		1.35956			4
2025.07.09	00:56:50.903	1.35846	1.35951			6
2025.07.09	00:56:51.211		1.35955			4
2025.07.09	00:56:54.610		1.35952			4
2025.07.09	00:56:54.916	1.35844				2
2025.07.09	00:56:55.220		1.35950			4
2025.07.09	00:56:55.528		1.35952			4
2025.07.09	00:56:56.757	1.35845	1.35950			6
2025.07.09	00:56:57.069	1.35849	1.35943			6
2025.07.09	00:56:57.370	1.35850	1.35946			6
2025.07.09	00:56:57.683	1.35848	1.35950			6
2025.07.09	00:56:57.986	1.35844				2
2025.07.09	00:56:58.293	1.35846				2
2025.07.09	00:56:59.217	1.35848				2
2025.07.09	00:56:59.518	1.35846				2
2025.07.09	00:56:59.833	1.35842	1.35953			6
2025.07.09	00:57:00.139	1.35842	1.35950			6
2025.07.09	00:57:00.445		1.35948			4
2025.07.09	00:57:01.371	1.35848	1.35945			6
2025.07.09	00:57:02.298	1.35847	1.35943			6
2025.07.09	00:57:02.599	1.35848	1.35950			6
2025.07.09	00:57:03.524		1.35944			4
2025.07.09	00:57:03.834		1.35942			4
2025.07.09	00:57:04.137	1.35847	1.35951			6
2025.07.09	00:57:05.057	1.35849	1.35955			6
2025.07.09	00:57:05.370	1.35845	1.35951			6
2025.07.09	00:57:06.301	1.35844	1.35949			6
2025.07.09	00:57:06.609		1.35951			4
2025.07.09	00:57:06.912	1.35845	1.35947			6
2025.07.09	00:57:08.133	1.35844	1.35954			6
2025.07.09	00:57:08.443	1.35847	1.35952			6
2025.07.09	00:57:09.053	1.35849	1.35956			6
2025.07.09	00:57:09.358	1.35846	1.35957			6
2025.07.09	00:57:09.666		1.35950			4
2025.07.09	00:57:09.974		1.35948			4
2025.07.09	00:57:11.510		1.35956			4
2025.07.09	00:57:11.815		1.35953			4
2025.07.09	00:57:12.122		1.35949			4
2025.07.09	00:57:12.432		1.35952			4
2025.07.09	00:57:13.044	1.35844				2
2025.07.09	00:57:13.971	1.35847	1.35950			6
2025.07.09	00:57:14.586		1.35947			4
2025.07.09	00:57:14.887		1.35955			4
2025.07.09	00:57:15.199		1.35949			4
2025.07.09	00:57:15.501	1.35843	1.35951			6
2025.07.09	00:57:16.431	1.35849	1.35950			6
2025.07.09	00:57:17.049	1.35846	1.35951			6
2025.07.09	00:57:17.358		1.35955			4
2025.07.09	00:57:17.976	1.35848	1.35943			6
2025.07.09	00:57:18.280	1.35845	1.35951			6
2025.07.09	00:57:18.584		1.35953			4
2025.07.09	00:57:19.200	1.35843				2
2025.07.09	00:57:19.507	1.35845	1.35949			6
2025.07.09	00:57:19.814		1.35947			4
2025.07.09	00:57:21.042	1.35851	1.35938			6
2025.07.09	00:57:21.351	1.35854	1.35944			6
2025.07.09	00:57:21.664	1.35855	1.35940			6
2025.07.09	00:57:21.969		1.35948			4
2025.07.09	00:57:22.283	1.35853	1.35941			6
2025.07.09	00:57:23.214	1.35855	1.35946			6
2025.07.09	00:57:24.435	1.35849				2
2025.07.09	00:57:25.979	1.35850	1.35944			6
2025.07.09	00:57:26.283		1.35940			4
2025.07.09	00:57:27.205	1.35855	1.35939			6
2025.07.09	00:57:27.818	1.35850	1.35937			6
2025.07.09	00:57:28.131		1.35940			4
2025.07.09	00:57:29.354	1.35854	1.35939			6
2025.07.09	00:58:00.251	1.35854				2
2025.07.09	00:58:05.478		1.35944			4
2025.07.09	00:58:06.093		1.35941			4
2025.07.09	00:58:14.683	1.35855	1.35946			6
2025.07.09	00:58:54.350	1.35843	1.35944			6
2025.07.09	00:58:55.267		1.35941			4
2025.07.09	00:58:55.567		1.35939			4
2025.07.09	00:58:59.880		1.35941			4
2025.07.09	00:59:00.182	1.35843				2
2025.07.09	00:59:14.630		1.35942			4
2025.07.09	00:59:16.780		1.35943			4
2025.07.09	00:59:18.315		1.35942			4
2025.07.09	00:59:18.619		1.35941			4
2025.07.09	00:59:20.465		1.35940			4
2025.07.09	00:59:21.386		1.35941			4
2025.07.09	00:59:22.925		1.35940			4
2025.07.09	00:59:26.913		1.35941			4
2025.07.09	00:59:28.759		1.35940			4
2025.07.09	00:59:29.062	1.35821	1.35935			6
2025.07.09	00:59:41.681	1.35826	1.35898			6
2025.07.09	00:59:41.987	1.35827				2
2025.07.09	00:59:44.442	1.35821	1.35935			6
2025.07.09	00:59:46.603	1.35823	1.35900			6
2025.07.09	00:59:46.907	1.35821	1.35935			6
2025.07.09	00:59:49.070	1.35829	1.35903			6
2025.07.09	00:59:49.375	1.35821	1.35935			6
2025.07.09	00:59:49.683	1.35825	1.35905			6
2025.07.09	00:59:49.984	1.35830	1.35900			6
2025.07.09	00:59:50.291	1.35821	1.35935			6
2025.07.09	00:59:51.519		1.35907			4
2025.07.09	00:59:51.821	1.35828	1.35897			6
2025.07.09	00:59:52.128	1.35831	1.35898			6
2025.07.09	00:59:52.434	1.35821	1.35935			6
2025.07.09	00:59:52.752	1.35828	1.35917			6
2025.07.09	00:59:53.360	1.35821	1.35935			6
2025.07.09	00:59:53.675	1.35826	1.35923			6
2025.07.09	00:59:53.979	1.35821	1.35935			6
2025.07.09	00:59:57.036		1.35922			4
2025.07.09	00:59:57.340		1.35935			4
2025.07.09	01:00:00.098	1.35821				2
2025.07.09	01:00:00.402	1.35808	1.35941			6
2025.07.09	01:00:00.724	1.35810				2
2025.07.09	01:00:01.027	1.35814	1.35950			6
2025.07.09	01:00:01.333	1.35818				2
2025.07.09	01:00:01.640	1.35820				2
2025.07.09	01:00:01.958	1.35833	1.35922			6
2025.07.09	01:00:02.270	1.35820	1.35951			6
2025.07.09	01:00:02.894	1.35834	1.35928			6
2025.07.09	01:00:03.197	1.35836	1.35926			6
2025.07.09	01:00:03.500	1.35808	1.35948			6
2025.07.09	01:00:03.818	1.35836	1.35917			6
2025.07.09	01:00:04.120	1.35837				2
2025.07.09	01:00:04.424	1.35792	1.35932			6
2025.07.09	01:00:04.729	1.35833	1.35917			6
2025.07.09	01:00:05.353	1.35836				2
2025.07.09	01:00:05.656	1.35840	1.35920			6
2025.07.09	01:00:05.962	1.35842	1.35918			6
2025.07.09	01:00:06.272	1.35833	1.35916			6
2025.07.09	01:00:06.887	1.35800	1.35940			6
2025.07.09	01:00:07.192	1.35861	1.35919			6
2025.07.09	01:00:07.497	1.35885	1.35923			6
2025.07.09	01:00:07.819	1.35883	1.35922			6
2025.07.09	01:00:08.125	1.35884	1.35925			6
2025.07.09	01:00:08.436	1.35861	1.35919			6
2025.07.09	01:00:08.740		1.35921			4
2025.07.09	01:00:09.353		1.35922			4
2025.07.09	01:00:09.654		1.35938			4
2025.07.09	01:00:09.961		1.35921			4
2025.07.09	01:00:10.266		1.35924			4
2025.07.09	01:00:10.578		1.35936			4
2025.07.09	01:00:10.881		1.35938			4
2025.07.09	01:00:12.420	1.35893	1.35903			6
2025.07.09	01:00:15.181	1.35898				2
2025.07.09	01:00:15.486	1.35904	1.35914			6
2025.07.09	01:00:24.359		1.35912			4
2025.07.09	01:00:32.012	1.35903	1.35904			6
2025.07.09	01:00:37.501	1.35913	1.35921			6
2025.07.09	01:00:44.219	1.35914	1.35915			6
2025.07.09	01:00:44.523	1.35913	1.35914			6
2025.07.09	01:00:59.260	1.35914	1.35915			6
2025.07.09	01:01:00.174	1.35916	1.35917			6
2025.07.09	01:01:01.393	1.35917	1.35918			6
2025.07.09	01:01:01.694	1.35916	1.35917			6
2025.07.09	01:01:02.300	1.35915	1.35916			6
2025.07.09	01:01:03.514	1.35916	1.35917			6
2025.07.09	01:01:19.400	1.35917	1.35918			6
2025.07.09	01:01:20.319		1.35919			4
2025.07.09	01:01:23.361		1.35918			4
2025.07.09	01:01:31.904	1.35914	1.35917			6
2025.07.09	01:01:32.208		1.35916			4
2025.07.09	01:01:33.124		1.35915			4
2025.07.09	01:01:36.798		1.35916			4
2025.07.09	01:01:43.198		1.35915			4
2025.07.09	01:01:44.109		1.35916			4
2025.07.09	01:01:45.325	1.35915	1.35918			6
2025.07.09	01:01:50.228	1.35914	1.35916			6
2025.07.09	01:01:56.303		1.35915			4
2025.07.09	01:01:59.980		1.35917			4
2025.07.09	01:02:00.287	1.35914				2
2025.07.09	01:02:00.595		1.35915			4
2025.07.09	01:02:00.899		1.35917			4
2025.07.09	01:02:02.429		1.35916			4
2025.07.09	01:02:03.348		1.35917			4
2025.07.09	01:02:03.651	1.35915	1.35918			6
2025.07.09	01:02:06.394	1.35913	1.35916			6
2025.07.09	01:02:06.703	1.35917	1.35920			6
2025.07.09	01:02:08.854	1.35910	1.35913			6
2025.07.09	01:02:10.381	1.35909	1.35915			6
2025.07.09	01:02:11.292	1.35910				2
2025.07.09	01:02:13.121		1.35914			4
2025.07.09	01:02:17.108		1.35913			4
2025.07.09	01:02:21.390	1.35911	1.35914			6
2025.07.09	01:02:29.350	1.35909	1.35912			6
2025.07.09	01:02:29.970	1.35910	1.35913			6
2025.07.09	01:02:34.261	1.35909	1.35912			6
2025.07.09	01:02:44.337	1.35910	1.35913			6
2025.07.09	01:02:45.255	1.35909	1.35912			6
2025.07.09	01:02:50.450	1.35910	1.35913			6
2025.07.09	01:02:52.290	1.35909	1.35912			6
2025.07.09	01:02:52.596	1.35910	1.35913			6
2025.07.09	01:02:58.712	1.35909	1.35912			6
2025.07.09	01:03:00.250	1.35909				2
2025.07.09	01:03:05.766	1.35910	1.35913			6
2025.07.09	01:03:06.069	1.35909	1.35912			6
2025.07.09	01:03:10.347	1.35910	1.35913			6
2025.07.09	01:03:10.649	1.35909	1.35912			6
2025.07.09	01:03:11.259	1.35910	1.35913			6
2025.07.09	01:03:14.622	1.35907	1.35910			6
2025.07.09	01:03:15.232		1.35911			4
2025.07.09	01:03:16.164		1.35910			4
2025.07.09	01:03:18.323	1.35908	1.35911			6
2025.07.09	01:03:26.285	1.35907	1.35910			6
2025.07.09	01:03:29.341	1.35909	1.35912			6
2025.07.09	01:03:29.645	1.35907	1.35910			6
2025.07.09	01:03:30.259	1.35908	1.35911			6
2025.07.09	01:03:37.278	1.35907	1.35910			6
2025.07.09	01:03:53.433	1.35908	1.35911			6
2025.07.09	01:03:54.661	1.35907	1.35910			6
2025.07.09	01:03:57.408		1.35909			4
2025.07.09	01:03:57.709		1.35910			4
2025.07.09	01:03:58.314	1.35905	1.35908			6
2025.07.09	01:03:59.221	1.35906	1.35910			6
2025.07.09	01:03:59.826	1.35905	1.35909			6
2025.07.09	01:04:00.131	1.35905				2
2025.07.09	01:04:00.434	1.35906	1.35910			6
2025.07.09	01:04:01.352	1.35905				2
2025.07.09	01:04:04.413		1.35909			4
2025.07.09	01:04:07.168	1.35906				2
2025.07.09	01:04:07.470	1.35905	1.35908			6
2025.07.09	01:04:12.641	1.35906	1.35909			6
2025.07.09	01:04:20.299	1.35907	1.35910			6
2025.07.09	01:04:23.048	1.35905	1.35908			6
2025.07.09	01:04:24.282	1.35904	1.35909			6
2025.07.09	01:04:25.197	1.35905				2
2025.07.09	01:04:27.034	1.35898	1.35902			6
2025.07.09	01:04:27.340	1.35899				2
2025.07.09	01:04:28.258	1.35896	1.35907			6
2025.07.09	01:04:32.244		1.35906			4
2025.07.09	01:04:34.385		1.35905			4
2025.07.09	01:04:36.221	1.35897	1.35904			6
2025.07.09	01:04:37.144		1.35903			4
2025.07.09	01:04:38.068	1.35896	1.35902			6
2025.07.09	01:04:39.291		1.35901			4
2025.07.09	01:04:40.214	1.35897				2
2025.07.09	01:04:43.275		1.35900			4
2025.07.09	01:04:43.576	1.35898	1.35901			6
2025.07.09	01:04:44.190	1.35899	1.35902			6
2025.07.09	01:04:53.953	1.35898	1.35901			6
2025.07.09	01:05:00.047	1.35898				2
2025.07.09	01:05:00.651	1.35897	1.35900			6
2025.07.09	01:05:04.023	1.35898	1.35901			6
2025.07.09	01:05:30.019	1.35897	1.35900			6
2025.07.09	01:05:31.230	1.35898	1.35901			6
2025.07.09	01:05:31.533	1.35897	1.35900			6
2025.07.09	01:05:41.330	1.35898	1.35901			6
2025.07.09	01:05:45.297	1.35897	1.35900			6
2025.07.09	01:06:00.294	1.35897				2
2025.07.09	01:06:01.833	1.35898	1.35901			6
2025.07.09	01:06:03.673	1.35897	1.35900			6
2025.07.09	01:06:05.216	1.35896	1.35901			6
2025.07.09	01:06:06.143		1.35900			4
2025.07.09	01:06:09.228	1.35897				2
2025.07.09	01:06:32.998	1.35898	1.35901			6
2025.07.09	01:06:40.433	1.35897	1.35900			6
2025.07.09	01:06:41.365	1.35898	1.35901			6
2025.07.09	01:06:43.225	1.35900	1.35903			6
2025.07.09	01:06:44.153	1.35896	1.35907			6
2025.07.09	01:06:49.098	1.35897	1.35906			6
2025.07.09	01:06:50.342		1.35905			4
2025.07.09	01:06:51.274	1.35898				2
2025.07.09	01:06:52.196		1.35904			4
2025.07.09	01:06:52.506	1.35897	1.35903			6
2025.07.09	01:06:53.116	1.35898				2
2025.07.09	01:06:53.419	1.35897	1.35902			6
2025.07.09	01:06:54.350		1.35906			4
2025.07.09	01:06:55.268		1.35905			4
2025.07.09	01:06:57.115		1.35904			4
2025.07.09	01:06:57.427	1.35899				2
2025.07.09	01:06:58.355		1.35903			4
2025.07.09	01:07:00.213	1.35899	1.35902			6
2025.07.09	01:07:02.370	1.35898				2
2025.07.09	01:07:04.234	1.35899				2
2025.07.09	01:07:05.762	1.35900	1.35903			6
2025.07.09	01:07:06.989	1.35899	1.35902			6
2025.07.09	01:07:07.291	1.35898	1.35903			6
2025.07.09	01:07:08.202	1.35896	1.35905			6
2025.07.09	01:07:09.135		1.35904			4
2025.07.09	01:07:10.381	1.35897	1.35903			6
2025.07.09	01:07:11.310	1.35898				2
2025.07.09	01:07:12.235	1.35899				2
2025.07.09	01:07:14.095		1.35902			4
2025.07.09	01:07:15.321	1.35898				2
2025.07.09	01:07:16.236	1.35899				2
2025.07.09	01:07:17.152	1.35898	1.35901			6
2025.07.09	01:07:17.459	1.35899	1.35902			6
2025.07.09	01:07:21.716	1.35908	1.35911			6
2025.07.09	01:07:23.241	1.35907	1.35915			6
2025.07.09	01:07:24.795	1.35908				2
2025.07.09	01:07:26.656	1.35907	1.35916			6
2025.07.09	01:07:27.894	1.35908				2
2025.07.09	01:07:28.201		1.35915			4
2025.07.09	01:07:29.132		1.35914			4
2025.07.09	01:07:31.303		1.35913			4
2025.07.09	01:07:33.161		1.35912			4
2025.07.09	01:07:37.175	1.35909				2
2025.07.09	01:07:47.564	1.35908	1.35911			6
2025.07.09	01:07:49.380	1.35909	1.35912			6
2025.07.09	01:07:53.375	1.35916	1.35917			6
2025.07.09	01:07:53.682		1.35918			4
2025.07.09	01:07:54.297		1.35922			4
2025.07.09	01:07:56.153		1.35920			4
2025.07.09	01:08:00.177	1.35916				2
2025.07.09	01:08:01.397		1.35919			4
2025.07.09	01:08:10.205	1.35917	1.35920			6
2025.07.09	01:08:12.342	1.35916	1.35919			6
2025.07.09	01:08:16.311		1.35918			4
2025.07.09	01:08:18.751		1.35919			4
2025.07.09	01:08:21.193		1.35918			4
2025.07.09	01:08:23.630		1.35919			4
2025.07.09	01:08:26.357		1.35918			4
2025.07.09	01:08:36.102	1.35917	1.35920			6
2025.07.09	01:08:40.667	1.35916	1.35919			6
2025.07.09	01:08:41.283	1.35917	1.35920			6
2025.07.09	01:08:51.341		1.35919			4
2025.07.09	01:08:57.416	1.35922	1.35925			6
2025.07.09	01:08:58.023	1.35923	1.35926			6
2025.07.09	01:08:58.336	1.35921	1.35930			6
2025.07.09	01:09:00.204	1.35921				2
2025.07.09	01:09:03.614	1.35924				2
2025.07.09	01:09:05.157		1.35929			4
2025.07.09	01:09:06.399		1.35930			4
2025.07.09	01:09:08.253		1.35929			4
2025.07.09	01:09:09.181		1.35928			4
2025.07.09	01:09:12.276		1.35927			4
2025.07.09	01:09:13.504	1.35925	1.35928			6
2025.07.09	01:09:14.727	1.35926	1.35929			6
2025.07.09	01:09:23.247	1.35925	1.35928			6
2025.07.09	01:09:42.437	1.35924	1.35927			6
2025.07.09	01:09:55.609	1.35925	1.35928			6
2025.07.09	01:09:57.121	1.35926	1.35929			6
2025.07.09	01:10:00.169	1.35922	1.35923			6
2025.07.09	01:10:00.478	1.35919	1.35922			6
2025.07.09	01:10:01.394	1.35918	1.35923			6
2025.07.09	01:10:01.707		1.35928			4
2025.07.09	01:10:02.016	1.35919				2
2025.07.09	01:10:02.939		1.35926			4
2025.07.09	01:10:03.244		1.35927			4
2025.07.09	01:10:07.271		1.35926			4
2025.07.09	01:10:10.038	1.35918				2
2025.07.09	01:10:10.341		1.35925			4
2025.07.09	01:10:11.267		1.35924			4
2025.07.09	01:10:11.574		1.35925			4
2025.07.09	01:10:12.193		1.35922			4
2025.07.09	01:10:13.426		1.35921			4
2025.07.09	01:10:14.352		1.35922			4
2025.07.09	01:10:15.282		1.35921			4
2025.07.09	01:10:16.520		1.35922			4
2025.07.09	01:10:16.822		1.35921			4
2025.07.09	01:10:17.129	1.35920	1.35923			6
2025.07.09	01:10:18.359	1.35918	1.35922			6
2025.07.09	01:10:19.289	1.35919	1.35923			6
2025.07.09	01:10:19.598	1.35918	1.35922			6
2025.07.09	01:10:20.208	1.35920	1.35923			6
2025.07.09	01:10:28.416	1.35919	1.35922			6
2025.07.09	01:10:29.325	1.35918	1.35921			6
2025.07.09	01:10:48.247	1.35919	1.35922			6
2025.07.09	01:10:50.401	1.35920	1.35923			6
2025.07.09	01:10:51.015	1.35919	1.35922			6
2025.07.09	01:10:51.319	1.35920	1.35923			6
2025.07.09	01:11:00.151	1.35919	1.35922			6
2025.07.09	01:11:02.579		1.35921			4
2025.07.09	01:11:02.880		1.35922			4
2025.07.09	01:11:12.340	1.35920	1.35923			6
2025.07.09	01:11:14.166	1.35918	1.35921			6
2025.07.09	01:11:27.154	1.35916	1.35918			6
2025.07.09	01:11:27.463	1.35910	1.35913			6
2025.07.09	01:11:28.402	1.35909	1.35918			6
2025.07.09	01:11:29.328		1.35917			4
2025.07.09	01:11:35.199		1.35916			4
2025.07.09	01:11:37.363		1.35915			4
2025.07.09	01:11:39.232		1.35914			4
2025.07.09	01:11:40.159	1.35910				2
2025.07.09	01:11:40.467	1.35909	1.35913			6
2025.07.09	01:11:42.306		1.35912			4
2025.07.09	01:11:53.255	1.35910	1.35913			6
2025.07.09	01:11:55.072	1.35909	1.35912			6
2025.07.09	01:11:57.198	1.35910	1.35913			6
2025.07.09	01:12:00.246	1.35910				2
2025.07.09	01:12:11.840	1.35909	1.35912			6
2025.07.09	01:12:12.145	1.35910	1.35913			6
2025.07.09	01:12:19.805	1.35909	1.35912			6
2025.07.09	01:12:34.237	1.35908	1.35910			6
2025.07.09	01:12:35.168	1.35907				2
2025.07.09	01:13:00.201	1.35907				2
2025.07.09	01:13:04.532	1.35909	1.35911			6
2025.07.09	01:13:04.839	1.35910	1.35913			6
2025.07.09	01:13:05.154	1.35909	1.35915			6
2025.07.09	01:13:05.769		1.35914			4
2025.07.09	01:13:06.080		1.35913			4
2025.07.09	01:13:07.622		1.35915			4
2025.07.09	01:13:08.242		1.35914			4
2025.07.09	01:13:08.549		1.35915			4
2025.07.09	01:13:10.404		1.35914			4
2025.07.09	01:13:12.261	1.35910	1.35915			6
2025.07.09	01:13:13.189	1.35909	1.35914			6
2025.07.09	01:13:13.811	1.35914	1.35919			6
2025.07.09	01:13:14.118	1.35911	1.35922			6
2025.07.09	01:13:19.380	1.35912				2
2025.07.09	01:13:20.311		1.35921			4
2025.07.09	01:13:21.241	1.35913				2
2025.07.09	01:13:22.164		1.35920			4
2025.07.09	01:13:23.404	1.35914	1.35919			6
2025.07.09	01:13:25.252	1.35915				2
2025.07.09	01:13:26.171		1.35918			4
2025.07.09	01:13:28.008	1.35914	1.35917			6
2025.07.09	01:13:28.620	1.35915	1.35918			6
2025.07.09	01:13:31.046	1.35919	1.35921			6
2025.07.09	01:13:31.653	1.35917	1.35920			6
2025.07.09	01:13:31.962	1.35915	1.35918			6
2025.07.09	01:13:32.265		1.35919			4
2025.07.09	01:13:32.581	1.35913	1.35917			6
2025.07.09	01:13:32.887	1.35911	1.35915			6
2025.07.09	01:13:33.195	1.35910	1.35919			6
2025.07.09	01:13:37.182		1.35918			4
2025.07.09	01:13:39.336		1.35917			4
2025.07.09	01:13:40.263	1.35911				2
2025.07.09	01:13:41.176		1.35916			4
2025.07.09	01:13:41.797	1.35910	1.35915			6
2025.07.09	01:13:43.029	1.35911	1.35916			6
2025.07.09	01:13:43.332		1.35917			4
2025.07.09	01:13:44.256		1.35916			4
2025.07.09	01:13:44.860	1.35910	1.35915			6
2025.07.09	01:13:45.170	1.35911				2
2025.07.09	01:13:45.472	1.35912	1.35916			6
2025.07.09	01:13:46.391	1.35913	1.35917			6
2025.07.09	01:13:49.116		1.35916			4
2025.07.09	01:13:50.637	1.35910	1.35913			6
2025.07.09	01:13:50.942	1.35912	1.35915			6
2025.07.09	01:13:51.245	1.35913	1.35916			6
2025.07.09	01:13:51.860	1.35914	1.35917			6
2025.07.09	01:13:52.161	1.35913	1.35918			6
2025.07.09	01:13:52.462	1.35910	1.35914			6
2025.07.09	01:13:53.385		1.35918			4
2025.07.09	01:13:53.698		1.35917			4
2025.07.09	01:13:54.007	1.35909				2
2025.07.09	01:13:54.320		1.35916			4
2025.07.09	01:13:54.625	1.35907	1.35913			6
2025.07.09	01:13:56.169		1.35912			4
2025.07.09	01:13:57.409	1.35906				2
2025.07.09	01:13:59.267		1.35911			4
2025.07.09	01:14:00.192	1.35907				2
2025.07.09	01:14:01.111		1.35910			4
2025.07.09	01:14:05.677	1.35905	1.35908			6
2025.07.09	01:14:09.671	1.35906	1.35909			6
2025.07.09	01:14:35.674	1.35908	1.35911			6
2025.07.09	01:14:45.451	1.35907	1.35910			6
2025.07.09	01:15:00.147	1.35907				2
2025.07.09	01:15:03.207	1.35908	1.35911			6
2025.07.09	01:15:03.513	1.35907	1.35910			6
2025.07.09	01:15:11.770	1.35908	1.35911			6
2025.07.09	01:15:12.077	1.35907	1.35910			6
2025.07.09	01:15:13.004	1.35908	1.35911			6
2025.07.09	01:15:23.211	1.35907	1.35910			6
2025.07.09	01:15:24.137	1.35909	1.35912			6
2025.07.09	01:15:25.370	1.35906	1.35914			6
2025.07.09	01:15:25.677		1.35915			4
2025.07.09	01:15:26.608		1.35916			4
2025.07.09	01:15:27.226		1.35915			4
2025.07.09	01:15:28.155		1.35916			4
2025.07.09	01:15:29.387		1.35915			4
2025.07.09	01:15:29.692	1.35907	1.35916			6
2025.07.09	01:15:30.312	1.35908	1.35915			6
2025.07.09	01:15:32.170		1.35914			4
2025.07.09	01:15:33.401	1.35909				2
2025.07.09	01:15:34.327		1.35913			4
2025.07.09	01:15:35.256	1.35908	1.35912			6
2025.07.09	01:15:36.186		1.35914			4
2025.07.09	01:15:37.117		1.35915			4
2025.07.09	01:15:38.348		1.35914			4
2025.07.09	01:15:39.293	1.35909				2
2025.07.09	01:15:40.224		1.35913			4
2025.07.09	01:15:42.077	1.35908	1.35912			6
2025.07.09	01:15:42.389	1.35909				2
2025.07.09	01:15:43.324	1.35908	1.35913			6
2025.07.09	01:15:44.240		1.35912			4
2025.07.09	01:15:45.174	1.35909				2
2025.07.09	01:15:46.706	1.35910	1.35913			6
2025.07.09	01:15:47.017	1.35909	1.35912			6
2025.07.09	01:15:47.321	1.35908	1.35913			6
2025.07.09	01:15:48.248	1.35907	1.35914			6
2025.07.09	01:15:49.181	1.35908	1.35913			6
2025.07.09	01:15:50.104		1.35912			4
2025.07.09	01:15:52.274	1.35909				2
2025.07.09	01:16:00.185	1.35909				2
2025.07.09	01:16:07.154	1.35908	1.35911			6
2025.07.09	01:16:08.381	1.35909	1.35912			6
2025.07.09	01:16:09.293	1.35908	1.35913			6
2025.07.09	01:16:10.208	1.35909				2
2025.07.09	01:16:11.136		1.35912			4
2025.07.09	01:16:12.362	1.35908				2
2025.07.09	01:16:13.280	1.35914	1.35917			6
2025.07.09	01:16:13.583	1.35915	1.35918			6
2025.07.09	01:16:13.893	1.35917	1.35920			6
2025.07.09	01:16:14.198	1.35915	1.35922			6
2025.07.09	01:16:15.430		1.35923			4
2025.07.09	01:16:21.281		1.35922			4
2025.07.09	01:16:23.133		1.35921			4
2025.07.09	01:16:25.291		1.35920			4
2025.07.09	01:16:26.226	1.35916	1.35921			6
2025.07.09	01:16:27.156		1.35920			4
2025.07.09	01:16:28.084		1.35918			4
2025.07.09	01:16:29.317	1.35917				2
2025.07.09	01:16:31.162	1.35916				2
2025.07.09	01:16:35.437	1.35918	1.35921			6
2025.07.09	01:16:37.579	1.35916	1.35919			6
2025.07.09	01:16:39.116		1.35920			4
2025.07.09	01:16:39.417		1.35919			4
2025.07.09	01:16:40.026		1.35920			4
2025.07.09	01:16:40.326		1.35919			4
2025.07.09	01:16:41.234	1.35917	1.35920			6
2025.07.09	01:16:42.457	1.35916	1.35919			6
2025.07.09	01:16:42.762	1.35917	1.35920			6
2025.07.09	01:16:43.380	1.35916	1.35919			6
2025.07.09	01:16:44.608	1.35918	1.35921			6
2025.07.09	01:16:44.913	1.35919	1.35922			6
2025.07.09	01:16:45.532	1.35917	1.35920			6
2025.07.09	01:16:47.061	1.35918	1.35921			6
2025.07.09	01:16:47.666	1.35917	1.35920			6
2025.07.09	01:16:48.572	1.35916	1.35919			6
2025.07.09	01:16:48.874	1.35917	1.35920			6
2025.07.09	01:16:49.177	1.35916	1.35919			6
2025.07.09	01:16:50.086	1.35918	1.35921			6
2025.07.09	01:16:51.003	1.35919	1.35922			6
2025.07.09	01:16:54.665	1.35916	1.35919			6
2025.07.09	01:16:55.273		1.35921			4
2025.07.09	01:16:55.575		1.35922			4
2025.07.09	01:16:55.878		1.35921			4
2025.07.09	01:16:56.491	1.35914				2
2025.07.09	01:16:57.426		1.35918			4
2025.07.09	01:16:58.350	1.35915				2
2025.07.09	01:17:00.201	1.35916				2
2025.07.09	01:17:00.821	1.35915				2
2025.07.09	01:17:01.128	1.35916				2
2025.07.09	01:17:03.570	1.35917				2
2025.07.09	01:17:04.486	1.35916	1.35919			6
2025.07.09	01:17:06.935	1.35917	1.35920			6
2025.07.09	01:17:07.862	1.35916	1.35919			6
2025.07.09	01:17:09.384	1.35915				2
2025.07.09	01:17:10.305	1.35916				2
2025.07.09	01:17:12.765	1.35917	1.35920			6
2025.07.09	01:17:15.819	1.35916	1.35919			6
2025.07.09	01:17:18.265	1.35917	1.35920			6
2025.07.09	01:17:18.566	1.35916	1.35919			6
2025.07.09	01:17:18.867	1.35917	1.35920			6
2025.07.09	01:17:19.168	1.35919	1.35922			6
2025.07.09	01:17:19.782	1.35918	1.35921			6
2025.07.09	01:17:20.392	1.35916	1.35925			6
2025.07.09	01:17:20.710		1.35924			4
2025.07.09	01:17:21.017		1.35923			4
2025.07.09	01:17:22.259		1.35925			4
2025.07.09	01:17:23.188		1.35926			4
2025.07.09	01:17:23.810		1.35925			4
2025.07.09	01:17:25.346	1.35917	1.35924			6
2025.07.09	01:17:26.268	1.35918	1.35923			6
2025.07.09	01:17:27.198	1.35919				2
2025.07.09	01:17:27.506	1.35917	1.35921			6
2025.07.09	01:17:28.135	1.35915	1.35923			6
2025.07.09	01:17:29.382		1.35922			4
2025.07.09	01:17:30.308	1.35916	1.35921			6
2025.07.09	01:17:31.235	1.35919	1.35922			6
2025.07.09	01:17:32.152	1.35918	1.35923			6
2025.07.09	01:17:33.391		1.35922			4
2025.07.09	01:17:34.311	1.35919				2
2025.07.09	01:17:36.137	1.35920	1.35923			6
2025.07.09	01:17:36.443	1.35921	1.35924			6
2025.07.09	01:17:37.366	1.35920				2
2025.07.09	01:17:38.285	1.35921				2
2025.07.09	01:17:41.331	1.35920	1.35923			6
2025.07.09	01:17:50.190	1.35921	1.35924			6
2025.07.09	01:17:59.676	1.35920	1.35923			6
2025.07.09	01:18:00.290	1.35920				2
2025.07.09	01:18:07.908	1.35921	1.35924			6
2025.07.09	01:18:12.204	1.35920	1.35923			6
2025.07.09	01:18:17.065	1.35919	1.35922			6
2025.07.09	01:18:17.374	1.35921	1.35924			6
2025.07.09	01:18:18.884	1.35922	1.35925			6
2025.07.09	01:18:19.812	1.35921	1.35924			6
2025.07.09	01:18:21.339	1.35922	1.35925			6
2025.07.09	01:18:26.570	1.35921	1.35924			6
2025.07.09	01:18:29.346	1.35922	1.35925			6
2025.07.09	01:18:40.746	1.35921	1.35924			6
2025.07.09	01:18:42.596	1.35920	1.35923			6
2025.07.09	01:18:48.191	1.35921	1.35924			6
2025.07.09	01:18:49.113		1.35925			4
2025.07.09	01:18:50.346		1.35924			4
2025.07.09	01:18:51.275	1.35920	1.35923			6
2025.07.09	01:18:52.202		1.35924			4
2025.07.09	01:18:54.367		1.35923			4
2025.07.09	01:18:54.673	1.35921	1.35924			6
2025.07.09	01:18:55.292	1.35920				2
2025.07.09	01:18:56.220	1.35921				2
2025.07.09	01:19:00.266	1.35921				2
2025.07.09	01:19:04.608	1.35922	1.35925			6
2025.07.09	01:19:04.922	1.35921	1.35924			6
2025.07.09	01:19:06.464	1.35922	1.35925			6
2025.07.09	01:19:07.698	1.35921	1.35924			6
2025.07.09	01:19:08.311	1.35919	1.35925			6
2025.07.09	01:19:09.239	1.35920				2
2025.07.09	01:19:10.171		1.35924			4
2025.07.09	01:19:12.331	1.35921				2
2025.07.09	01:19:16.362	1.35922	1.35925			6
2025.07.09	01:19:17.288	1.35921				2
2025.07.09	01:19:18.217	1.35922				2
2025.07.09	01:19:18.526	1.35921	1.35924			6
2025.07.09	01:19:19.144	1.35919	1.35926			6
2025.07.09	01:19:20.379		1.35925			4
2025.07.09	01:19:21.310	1.35920	1.35924			6
2025.07.09	01:19:23.160	1.35921				2
2025.07.09	01:19:24.703	1.35922	1.35925			6
2025.07.09	01:19:25.319	1.35921	1.35926			6
2025.07.09	01:19:25.933	1.35920	1.35925			6
2025.07.09	01:19:26.238	1.35918	1.35927			6
2025.07.09	01:19:32.121		1.35926			4
2025.07.09	01:19:33.351	1.35919	1.35925			6
2025.07.09	01:19:34.276	1.35920	1.35924			6
2025.07.09	01:19:35.194	1.35921				2
2025.07.09	01:19:36.110		1.35925			4
2025.07.09	01:19:37.337	1.35922				2
2025.07.09	01:19:40.394	1.35921	1.35924			6
2025.07.09	01:19:42.239	1.35920				2
2025.07.09	01:19:43.171	1.35921				2
2025.07.09	01:19:59.688	1.35922	1.35925			6
2025.07.09	01:20:00.299	1.35921	1.35924			6
2025.07.09	01:20:04.573	1.35922	1.35925			6
2025.07.09	01:20:04.875	1.35921	1.35924			6
2025.07.09	01:20:06.099	1.35922	1.35925			6
2025.07.09	01:20:06.707	1.35921	1.35924			6
2025.07.09	01:20:08.227	1.35919	1.35928			6
2025.07.09	01:20:09.772	1.35916	1.35925			6
2025.07.09	01:20:10.701		1.35924			4
2025.07.09	01:20:13.791		1.35923			4
2025.07.09	01:20:14.421		1.35924			4
2025.07.09	01:20:15.037		1.35923			4
2025.07.09	01:20:17.822		1.35924			4
2025.07.09	01:20:18.133		1.35923			4
2025.07.09	01:20:19.375		1.35922			4
2025.07.09	01:20:20.303		1.35921			4
2025.07.09	01:20:22.154		1.35920			4
2025.07.09	01:20:23.386	1.35917				2
2025.07.09	01:20:24.311	1.35916	1.35921			6
2025.07.09	01:20:25.227		1.35922			4
2025.07.09	01:20:26.154		1.35921			4
2025.07.09	01:20:26.470		1.35922			4
2025.07.09	01:20:26.774		1.35921			4
2025.07.09	01:20:27.392		1.35923			4
2025.07.09	01:20:29.247	1.35919	1.35927			6
2025.07.09	01:20:30.185		1.35928			4
2025.07.09	01:20:37.293		1.35926			4
2025.07.09	01:20:39.162		1.35925			4
2025.07.09	01:20:40.393	1.35920				2
2025.07.09	01:20:41.321		1.35924			4
2025.07.09	01:20:43.151	1.35921				2
2025.07.09	01:20:43.752	1.35922	1.35925			6
2025.07.09	01:20:45.573	1.35923	1.35926			6
2025.07.09	01:20:46.182	1.35922	1.35925			6
2025.07.09	01:20:49.861	1.35921	1.35924			6
2025.07.09	01:20:53.517	1.35922	1.35925			6
2025.07.09	01:20:55.030	1.35921	1.35924			6
2025.07.09	01:20:55.334	1.35922	1.35925			6
2025.07.09	01:20:55.647	1.35920	1.35923			6
2025.07.09	01:20:56.261	1.35921	1.35924			6
2025.07.09	01:20:57.177	1.35920	1.35923			6
2025.07.09	01:20:57.484	1.35921	1.35924			6
2025.07.09	01:21:00.239	1.35921				2
2025.07.09	01:21:08.183	1.35922	1.35925			6
2025.07.09	01:21:10.922	1.35921	1.35924			6
2025.07.09	01:21:12.151	1.35922	1.35925			6
2025.07.09	01:21:12.458	1.35921	1.35924			6
2025.07.09	01:21:28.301	1.35922	1.35925			6
2025.07.09	01:21:28.602	1.35921	1.35924			6
2025.07.09	01:21:29.208	1.35922	1.35925			6
2025.07.09	01:21:34.987	1.35921	1.35924			6
2025.07.09	01:21:38.970	1.35920	1.35923			6
2025.07.09	01:21:40.804	1.35921	1.35924			6
2025.07.09	01:21:44.766	1.35922				2
2025.07.09	01:21:45.684	1.35921				2
2025.07.09	01:21:48.138	1.35922				2
2025.07.09	01:21:48.439	1.35920	1.35923			6
2025.07.09	01:21:49.043	1.35921	1.35924			6
2025.07.09	01:21:49.953	1.35923				2
2025.07.09	01:21:50.257	1.35925	1.35929			6
2025.07.09	01:21:51.175		1.35933			4
2025.07.09	01:21:54.874	1.35926	1.35934			6
2025.07.09	01:21:56.420	1.35925	1.35933			6
2025.07.09	01:21:59.215	1.35926				2
2025.07.09	01:21:59.828		1.35934			4
2025.07.09	01:22:00.138	1.35927	1.35933			6
2025.07.09	01:22:01.066	1.35926	1.35932			6
2025.07.09	01:22:01.381	1.35927				2
2025.07.09	01:22:03.232	1.35928				2
2025.07.09	01:22:04.159	1.35927	1.35931			6
2025.07.09	01:22:04.775	1.35928	1.35932			6
2025.07.09	01:22:05.080	1.35921	1.35925			6
2025.07.09	01:22:05.394	1.35920	1.35924			6
2025.07.09	01:22:06.318	1.35918	1.35927			6
2025.07.09	01:22:08.483	1.35919	1.35928			6
2025.07.09	01:22:12.199		1.35927			4
2025.07.09	01:22:14.356	1.35920	1.35926			6
2025.07.09	01:22:14.967	1.35919	1.35925			6
2025.07.09	01:22:15.280		1.35924			4
2025.07.09	01:22:17.116	1.35920				2
2025.07.09	01:22:19.262		1.35923			4
2025.07.09	01:22:20.180	1.35922	1.35925			6
2025.07.09	01:22:20.485	1.35921	1.35924			6
2025.07.09	01:22:20.786	1.35922	1.35925			6
2025.07.09	01:22:21.093		1.35926			4
2025.07.09	01:22:22.330		1.35925			4
2025.07.09	01:22:25.086	1.35926	1.35929			6
2025.07.09	01:22:26.003		1.35928			4
2025.07.09	01:22:26.307	1.35924				2
2025.07.09	01:22:27.231	1.35925				2
2025.07.09	01:22:29.396	1.35926				2
2025.07.09	01:22:31.845	1.35927				2
2025.07.09	01:22:32.145	1.35926				2
2025.07.09	01:22:34.265		1.35929			4
2025.07.09	01:22:38.840		1.35928			4
2025.07.09	01:22:41.898	1.35925				2
2025.07.09	01:22:47.380	1.35926				2
2025.07.09	01:23:00.216	1.35926				2
2025.07.09	01:23:04.488	1.35925				2
2025.07.09	01:23:05.404	1.35926				2
2025.07.09	01:23:10.590	1.35925				2
2025.07.09	01:23:19.181	1.35926				2
2025.07.09	01:23:21.017	1.35925				2
2025.07.09	01:23:21.937	1.35926				2
2025.07.09	01:23:33.230	1.35925				2
2025.07.09	01:23:33.531	1.35924	1.35927			6
2025.07.09	01:23:34.142		1.35928			4
2025.07.09	01:23:34.454	1.35922	1.35926			6
2025.07.09	01:23:35.380		1.35927			4
2025.07.09	01:23:37.239		1.35926			4
2025.07.09	01:23:39.101		1.35925			4
2025.07.09	01:23:39.705	1.35921	1.35924			6
2025.07.09	01:23:40.012	1.35922	1.35925			6
2025.07.09	01:23:43.067	1.35920	1.35922			6
2025.07.09	01:23:43.371	1.35915	1.35920			6
2025.07.09	01:23:44.289		1.35922			4
2025.07.09	01:23:44.594		1.35919			4
2025.07.09	01:23:54.184	1.35916				2
2025.07.09	01:23:56.341	1.35917				2
2025.07.09	01:24:00.296	1.35917				2
2025.07.09	01:24:03.324	1.35916				2
2025.07.09	01:24:03.627	1.35917				2
2025.07.09	01:24:10.053	1.35916				2
2025.07.09	01:24:11.271	1.35917				2
2025.07.09	01:24:24.069	1.35916				2
2025.07.09	01:24:24.381	1.35917				2
2025.07.09	01:24:24.682	1.35916				2
2025.07.09	01:24:24.987	1.35917				2
2025.07.09	01:24:25.591	1.35916				2
2025.07.09	01:24:25.892	1.35917				2
2025.07.09	01:24:33.485	1.35916				2
2025.07.09	01:24:34.691	1.35917				2
2025.07.09	01:24:44.781		1.35919			4
2025.07.09	01:24:57.418	1.35916				2
2025.07.09	01:24:58.040	1.35917				2
2025.07.09	01:24:59.280	1.35916				2
2025.07.09	01:25:00.207	1.35917				2
2025.07.09	01:25:13.820	1.35916				2
2025.07.09	01:25:45.057		1.35919			4
2025.07.09	01:25:58.052	1.35918	1.35921			6
2025.07.09	01:25:58.360	1.35921	1.35924			6
2025.07.09	01:25:58.663	1.35920	1.35923			6
2025.07.09	01:25:59.287		1.35928			4
2025.07.09	01:26:00.210	1.35920				2
2025.07.09	01:26:00.835	1.35919				2
2025.07.09	01:26:01.453	1.35920	1.35929			6
2025.07.09	01:26:02.702	1.35919				2
2025.07.09	01:26:04.252		1.35928			4
2025.07.09	01:26:04.560		1.35929			4
2025.07.09	01:26:04.874	1.35920				2
2025.07.09	01:26:06.109		1.35928			4
2025.07.09	01:26:07.964		1.35929			4
2025.07.09	01:26:08.273		1.35927			4
2025.07.09	01:26:09.199		1.35926			4
2025.07.09	01:26:10.131	1.35921				2
2025.07.09	01:26:12.283		1.35925			4
2025.07.09	01:26:14.118	1.35922				2
2025.07.09	01:26:17.478	1.35921	1.35924			6
2025.07.09	01:26:22.393	1.35922	1.35925			6
2025.07.09	01:26:37.932	1.35921	1.35924			6
2025.07.09	01:26:44.007	1.35920	1.35923			6
2025.07.09	01:26:47.058	1.35921	1.35924			6
2025.07.09	01:26:48.581	1.35922	1.35925			6
2025.07.09	01:26:49.193	1.35921	1.35924			6
2025.07.09	01:26:49.495	1.35922	1.35925			6
2025.07.09	01:26:55.042	1.35918	1.35921			6
2025.07.09	01:26:55.347	1.35917	1.35920			6
2025.07.09	01:26:55.651	1.35918	1.35921			6
2025.07.09	01:26:56.263	1.35916	1.35923			6
2025.07.09	01:27:00.291	1.35916				2
2025.07.09	01:27:06.133		1.35922			4
2025.07.09	01:27:07.376	1.35917				2
2025.07.09	01:27:08.307		1.35921			4
2025.07.09	01:27:10.163	1.35918				2
2025.07.09	01:27:13.527	1.35917	1.35920			6
2025.07.09	01:27:16.898	1.35918	1.35921			6
2025.07.09	01:27:22.996	1.35917	1.35920			6
2025.07.09	01:27:28.195	1.35918	1.35921			6
2025.07.09	01:27:35.823	1.35919	1.35922			6
2025.07.09	01:27:36.124		1.35925			4
2025.07.09	01:27:36.736	1.35918	1.35924			6
2025.07.09	01:27:37.040	1.35919	1.35925			6
2025.07.09	01:27:37.355		1.35924			4
2025.07.09	01:27:39.216	1.35920				2
2025.07.09	01:27:40.140		1.35923			4
2025.07.09	01:27:40.747	1.35921	1.35924			6
2025.07.09	01:27:41.352	1.35920	1.35923			6
2025.07.09	01:27:42.267	1.35919				2
2025.07.09	01:27:43.205	1.35920				2
2025.07.09	01:27:52.357	1.35921	1.35924			6
2025.07.09	01:27:55.693	1.35922	1.35925			6
2025.07.09	01:27:56.300	1.35921	1.35924			6
2025.07.09	01:28:00.277	1.35921				2
2025.07.09	01:28:00.883	1.35922				2
2025.07.09	01:28:01.193	1.35921				2
2025.07.09	01:28:11.316	1.35922	1.35925			6
2025.07.09	01:28:11.624	1.35921	1.35924			6
2025.07.09	01:28:12.555	1.35922	1.35925			6
2025.07.09	01:28:13.174	1.35923	1.35928			6
2025.07.09	01:28:14.103	1.35925				2
2025.07.09	01:28:26.125	1.35926				2
2025.07.09	01:28:27.359	1.35925				2
2025.07.09	01:28:28.286	1.35926				2
2025.07.09	01:29:00.096	1.35926				2
2025.07.09	01:29:10.494		1.35929			4
2025.07.09	01:29:10.799	1.35927	1.35930			6
2025.07.09	01:29:12.025		1.35929			4
2025.07.09	01:29:12.632		1.35928			4
2025.07.09	01:29:16.924	1.35926				2
2025.07.09	01:29:19.671	1.35927				2
2025.07.09	01:29:20.581		1.35930			4
2025.07.09	01:29:29.484	1.35926	1.35929			6
2025.07.09	01:30:00.111	1.35926				2
2025.07.09	01:30:01.035	1.35928	1.35931			6
2025.07.09	01:30:02.283	1.35927	1.35934			6
2025.07.09	01:30:03.206	1.35924	1.35936			6
2025.07.09	01:30:05.370		1.35935			4
2025.07.09	01:30:06.296	1.35923				2
2025.07.09	01:30:06.904	1.35927	1.35934			6
2025.07.09	01:30:08.768		1.35935			4
2025.07.09	01:30:10.623	1.35931	1.35938			6
2025.07.09	01:30:10.930	1.35934	1.35940			6
2025.07.09	01:30:11.237	1.35935	1.35942			6
2025.07.09	01:30:11.544	1.35936				2
2025.07.09	01:30:13.397	1.35937				2
2025.07.09	01:30:18.033	1.35936				2
2025.07.09	01:30:21.110		1.35941			4
2025.07.09	01:30:21.417	1.35940	1.35946			6
2025.07.09	01:30:21.726	1.35941				2
2025.07.09	01:30:22.337		1.35947			4
2025.07.09	01:30:23.265		1.35946			4
2025.07.09	01:30:26.958	1.35939	1.35945			6
2025.07.09	01:30:27.261		1.35944			4
2025.07.09	01:30:28.181	1.35940	1.35945			6
2025.07.09	01:30:29.096	1.35941	1.35946			6
2025.07.09	01:30:30.327		1.35945			4
2025.07.09	01:30:30.631	1.35940	1.35944			6
2025.07.09	01:30:31.867	1.35941	1.35945			6
2025.07.09	01:30:32.174		1.35944			4
2025.07.09	01:30:33.386	1.35942	1.35945			6
2025.07.09	01:30:34.296	1.35941	1.35944			6
2025.07.09	01:30:36.431		1.35943			4
2025.07.09	01:30:38.247		1.35944			4
2025.07.09	01:30:38.858	1.35940	1.35943			6
2025.07.09	01:30:39.158	1.35939	1.35942			6
2025.07.09	01:30:41.906	1.35940	1.35943			6
2025.07.09	01:30:44.663	1.35941	1.35944			6
2025.07.09	01:30:48.925	1.35940	1.35943			6
2025.07.09	01:30:49.841	1.35941	1.35944			6
2025.07.09	01:30:50.456	1.35942	1.35945			6
2025.07.09	01:30:53.487	1.35941	1.35944			6
2025.07.09	01:30:53.793	1.35942	1.35945			6
2025.07.09	01:30:54.101	1.35941	1.35944			6
2025.07.09	01:31:00.212	1.35941				2
2025.07.09	01:31:00.816	1.35942	1.35945			6
2025.07.09	01:31:01.120	1.35941	1.35944			6
2025.07.09	01:31:05.684	1.35936	1.35939			6
2025.07.09	01:31:05.987	1.35935	1.35938			6
2025.07.09	01:31:06.296		1.35942			4
2025.07.09	01:31:08.147		1.35941			4
2025.07.09	01:31:10.290		1.35940			4
2025.07.09	01:31:11.217		1.35939			4
2025.07.09	01:31:14.289		1.35938			4
2025.07.09	01:32:00.138	1.35935				2
2025.07.09	01:32:14.518		1.35938			4
2025.07.09	01:32:27.142	1.35936	1.35939			6
2025.07.09	01:32:28.370		1.35940			4
2025.07.09	01:32:30.223		1.35938			4
2025.07.09	01:32:30.538	1.35937	1.35940			6
2025.07.09	01:32:31.159		1.35941			4
2025.07.09	01:32:36.398		1.35940			4
2025.07.09	01:32:42.254		1.35939			4
2025.07.09	01:32:42.563		1.35940			4
2025.07.09	01:32:56.120	1.35938	1.35941			6
2025.07.09	01:32:57.354	1.35937	1.35944			6
2025.07.09	01:32:59.202		1.35943			4
2025.07.09	01:33:00.117	1.35938	1.35944			6
2025.07.09	01:33:01.357	1.35937				2
2025.07.09	01:33:02.282		1.35943			4
2025.07.09	01:33:02.593	1.35938	1.35944			6
2025.07.09	01:33:04.133	1.35940				2
2025.07.09	01:33:04.450		1.35945			4
2025.07.09	01:33:05.381		1.35944			4
2025.07.09	01:33:07.231	1.35941				2
2025.07.09	01:33:12.761	1.35945	1.35946			6
2025.07.09	01:33:13.065		1.35947			4
2025.07.09	01:33:13.386		1.35948			4
2025.07.09	01:33:14.318		1.35951			4
2025.07.09	01:33:22.634	1.35946				2
2025.07.09	01:33:23.243		1.35950			4
2025.07.09	01:33:24.170	1.35941	1.35947			6
2025.07.09	01:33:24.483	1.35940	1.35946			6
2025.07.09	01:33:25.413		1.35947			4
2025.07.09	01:33:30.341		1.35946			4
2025.07.09	01:33:31.889	1.35937	1.35943			6
2025.07.09	01:33:32.198	1.35938				2
2025.07.09	01:33:32.503	1.35937	1.35942			6
2025.07.09	01:33:33.124		1.35943			4
2025.07.09	01:33:33.750		1.35942			4
2025.07.09	01:33:37.139		1.35940			4
2025.07.09	01:33:37.441		1.35941			4
2025.07.09	01:33:38.371		1.35940			4
2025.07.09	01:33:38.672	1.35938	1.35942			6
2025.07.09	01:33:40.195	1.35937				2
2025.07.09	01:33:42.361	1.35938				2
2025.07.09	01:33:43.274		1.35941			4
2025.07.09	01:33:46.640	1.35939	1.35942			6
2025.07.09	01:34:00.077	1.35939				2
2025.07.09	01:34:08.631	1.35938	1.35941			6
2025.07.09	01:34:12.908	1.35939	1.35942			6
2025.07.09	01:34:20.239	1.35940	1.35943			6
2025.07.09	01:34:21.767	1.35945	1.35947			6
2025.07.09	01:34:28.220	1.35944				2
2025.07.09	01:34:42.651	1.35945				2
2025.07.09	01:34:43.570	1.35946	1.35949			6
2025.07.09	01:34:49.366		1.35948			4
2025.07.09	01:34:59.411	1.35945	1.35947			6
2025.07.09	01:35:00.023	1.35945				2
2025.07.09	01:35:15.300	1.35944	1.35946			6
2025.07.09	01:35:15.601		1.35947			4
2025.07.09	01:35:16.212	1.35945				2
2025.07.09	01:35:23.554		1.35946			4
2025.07.09	01:35:24.771	1.35943	1.35944			6
2025.07.09	01:35:25.077	1.35940	1.35943			6
2025.07.09	01:35:26.307		1.35947			4
2025.07.09	01:35:29.393		1.35946			4
2025.07.09	01:35:30.625	1.35937	1.35944			6
2025.07.09	01:35:33.393	1.35938	1.35943			6
2025.07.09	01:35:35.238		1.35942			4
2025.07.09	01:35:36.176	1.35939				2
2025.07.09	01:35:39.244	1.35938	1.35941			6
2025.07.09	01:35:39.544	1.35939	1.35942			6
2025.07.09	01:35:48.368	1.35940	1.35943			6
2025.07.09	01:35:49.898	1.35941	1.35944			6
2025.07.09	01:35:56.937	1.35939	1.35942			6
2025.07.09	01:35:58.152	1.35937	1.35944			6
2025.07.09	01:36:00.317	1.35937				2
2025.07.09	01:36:01.240	1.35938	1.35943			6
2025.07.09	01:36:02.165	1.35939				2
2025.07.09	01:36:03.096		1.35942			4
2025.07.09	01:36:13.481	1.35938	1.35941			6
2025.07.09	01:36:21.728	1.35935	1.35938			6
2025.07.09	01:36:22.344	1.35934				2
2025.07.09	01:36:23.574		1.35940			4
2025.07.09	01:36:30.379		1.35939			4
2025.07.09	01:36:31.304		1.35938			4
2025.07.09	01:36:31.923		1.35939			4
2025.07.09	01:36:33.157		1.35938			4
2025.07.09	01:36:34.080	1.35935	1.35939			6
2025.07.09	01:36:34.386	1.35936				2
2025.07.09	01:36:35.296	1.35935	1.35940			6
2025.07.09	01:36:35.901	1.35936	1.35941			6
2025.07.09	01:36:36.206	1.35937				2
2025.07.09	01:36:37.132		1.35940			4
2025.07.09	01:36:38.367	1.35936				2
2025.07.09	01:36:39.298		1.35939			4
2025.07.09	01:36:45.402	1.35940	1.35943			6
2025.07.09	01:36:46.312	1.35939	1.35948			6
2025.07.09	01:36:50.614	1.35940				2
2025.07.09	01:36:51.226		1.35947			4
2025.07.09	01:36:52.147		1.35946			4
2025.07.09	01:36:52.770	1.35937	1.35943			6
2025.07.09	01:36:53.377		1.35944			4
2025.07.09	01:36:53.998	1.35938				2
2025.07.09	01:36:54.304		1.35946			4
2025.07.09	01:36:58.322		1.35945			4
2025.07.09	01:36:59.246		1.35944			4
2025.07.09	01:37:00.181	1.35939				2
2025.07.09	01:37:01.111		1.35943			4
2025.07.09	01:37:02.339	1.35938	1.35941			6
2025.07.09	01:37:02.646		1.35940			4
2025.07.09	01:37:02.953	1.35937				2
2025.07.09	01:37:03.261	1.35938	1.35943			6
2025.07.09	01:37:04.176	1.35936	1.35942			6
2025.07.09	01:37:05.400		1.35941			4
2025.07.09	01:37:06.317	1.35937				2
2025.07.09	01:37:08.149		1.35940			4
2025.07.09	01:37:09.370	1.35936	1.35939			6
2025.07.09	01:37:10.605	1.35937	1.35940			6
2025.07.09	01:37:10.908	1.35936	1.35939			6
2025.07.09	01:38:00.079	1.35936				2
2025.07.09	01:38:03.418	1.35937	1.35940			6
2025.07.09	01:38:03.719	1.35936	1.35939			6
2025.07.09	01:38:19.581	1.35935	1.35938			6
2025.07.09	01:38:25.380	1.35936	1.35939			6
2025.07.09	01:38:26.290		1.35940			4
2025.07.09	01:38:28.136		1.35939			4
2025.07.09	01:38:29.984	1.35935	1.35938			6
2025.07.09	01:38:31.225		1.35939			4
2025.07.09	01:38:34.324	1.35936	1.35940			6
2025.07.09	01:38:35.252	1.35935	1.35941			6
2025.07.09	01:38:35.556		1.35940			4
2025.07.09	01:38:36.172	1.35936	1.35942			6
2025.07.09	01:38:37.092		1.35941			4
2025.07.09	01:38:38.022	1.35935				2
2025.07.09	01:38:38.342		1.35940			4
2025.07.09	01:38:40.196		1.35939			4
2025.07.09	01:38:43.275		1.35938			4
2025.07.09	01:38:47.243	1.35936	1.35939			6
2025.07.09	01:38:48.169		1.35940			4
2025.07.09	01:38:49.087	1.35935				2
2025.07.09	01:38:49.399	1.35936				2
2025.07.09	01:38:50.317		1.35939			4
2025.07.09	01:38:54.265	1.35935	1.35938			6
2025.07.09	01:38:55.177	1.35936	1.35940			6
2025.07.09	01:38:56.724	1.35935				2
2025.07.09	01:38:58.270		1.35939			4
2025.07.09	01:38:58.879	1.35936	1.35940			6
2025.07.09	01:39:00.114	1.35936				2
2025.07.09	01:39:01.351	1.35935	1.35938			6
2025.07.09	01:39:01.657	1.35936	1.35939			6
2025.07.09	01:39:02.258	1.35935	1.35942			6
2025.07.09	01:39:04.103	1.35936				2
2025.07.09	01:39:06.263		1.35941			4
2025.07.09	01:39:08.118		1.35940			4
2025.07.09	01:39:09.349		1.35939			4
2025.07.09	01:39:18.200	1.35935	1.35938			6
2025.07.09	01:39:19.121		1.35939			4
2025.07.09	01:39:20.354	1.35936				2
2025.07.09	01:39:21.271	1.35935				2
2025.07.09	01:39:22.187	1.35936				2
2025.07.09	01:39:22.491	1.35938	1.35940			6
2025.07.09	01:39:23.104		1.35943			4
2025.07.09	01:39:24.325		1.35942			4
2025.07.09	01:39:25.250		1.35941			4
2025.07.09	01:39:26.181		1.35940			4
2025.07.09	01:39:26.793	1.35936				2
2025.07.09	01:39:27.110	1.35937				2
2025.07.09	01:39:35.358	1.35936	1.35939			6
2025.07.09	01:40:00.096	1.35936				2
2025.07.09	01:40:00.401	1.35937	1.35940			6
2025.07.09	01:40:03.143	1.35936	1.35939			6
2025.07.09	01:40:43.383	1.35937	1.35940			6
2025.07.09	01:40:43.997	1.35936	1.35939			6
2025.07.09	01:40:48.320		1.35941			4
2025.07.09	01:40:49.245		1.35940			4
2025.07.09	01:40:52.340		1.35939			4
2025.07.09	01:40:54.190		1.35940			4
2025.07.09	01:40:56.351		1.35939			4
2025.07.09	01:41:00.049	1.35936				2
2025.07.09	01:41:00.360		1.35941			4
2025.07.09	01:41:00.674	1.35935				2
2025.07.09	01:41:02.305		1.35940			4
2025.07.09	01:41:03.222	1.35936				2
2025.07.09	01:41:04.151		1.35939			4
2025.07.09	01:41:13.105	1.35935	1.35940			6
2025.07.09	01:41:14.342		1.35939			4
2025.07.09	01:41:15.270	1.35936				2
2025.07.09	01:41:17.123	1.35935	1.35942			6
2025.07.09	01:41:19.281		1.35941			4
2025.07.09	01:41:20.199		1.35942			4
2025.07.09	01:41:22.361	1.35936				2
2025.07.09	01:41:23.283		1.35941			4
2025.07.09	01:41:24.211	1.35935	1.35942			6
2025.07.09	01:41:30.104		1.35941			4
2025.07.09	01:41:31.343		1.35940			4
2025.07.09	01:41:31.960	1.35936				2
2025.07.09	01:41:32.274	1.35939	1.35943			6
2025.07.09	01:41:33.197	1.35938	1.35945			6
2025.07.09	01:41:43.392	1.35939				2
2025.07.09	01:41:44.325		1.35944			4
2025.07.09	01:41:46.169	1.35940				2
2025.07.09	01:41:48.297	1.35943	1.35946			6
2025.07.09	01:41:48.598	1.35942	1.35945			6
2025.07.09	01:41:49.205	1.35940	1.35947			6
2025.07.09	01:41:50.132	1.35941				2
2025.07.09	01:41:51.372	1.35942				2
2025.07.09	01:41:52.304	1.35941	1.35946			6
2025.07.09	01:41:53.227		1.35947			4
2025.07.09	01:41:54.154		1.35946			4
2025.07.09	01:41:56.314	1.35942				2
2025.07.09	01:41:58.144	1.35943				2
2025.07.09	01:42:00.279	1.35942	1.35945			6
2025.07.09	01:42:01.199		1.35946			4
2025.07.09	01:42:02.121		1.35945			4
2025.07.09	01:42:03.033	1.35943	1.35946			6
2025.07.09	01:42:04.245		1.35947			4
2025.07.09	01:42:05.151		1.35946			4
2025.07.09	01:42:07.889	1.35942	1.35945			6
2025.07.09	01:42:08.503	1.35943	1.35946			6
2025.07.09	01:42:09.410	1.35942	1.35945			6
2025.07.09	01:42:25.879	1.35943	1.35946			6
2025.07.09	01:42:28.935	1.35941	1.35944			6
2025.07.09	01:42:30.160	1.35940	1.35947			6
2025.07.09	01:42:32.338		1.35946			4
2025.07.09	01:42:33.268	1.35941				2
2025.07.09	01:42:34.193	1.35940	1.35947			6
2025.07.09	01:42:34.805		1.35946			4
2025.07.09	01:42:35.124		1.35945			4
2025.07.09	01:42:36.353		1.35947			4
2025.07.09	01:42:38.209		1.35946			4
2025.07.09	01:42:38.821		1.35947			4
2025.07.09	01:42:39.135		1.35946			4
2025.07.09	01:42:41.287	1.35941	1.35945			6
2025.07.09	01:42:43.140		1.35944			4
2025.07.09	01:42:44.667	1.35942	1.35945			6
2025.07.09	01:42:52.589	1.35941	1.35944			6
2025.07.09	01:42:53.211	1.35942	1.35945			6
2025.07.09	01:42:54.439	1.35941	1.35944			6
2025.07.09	01:42:55.357	1.35940				2
2025.07.09	01:42:56.279	1.35941				2
2025.07.09	01:42:59.348	1.35938	1.35941			6
2025.07.09	01:42:59.650	1.35935	1.35938			6
2025.07.09	01:42:59.955	1.35932	1.35935			6
2025.07.09	01:43:00.264	1.35932	1.35939			6
2025.07.09	01:43:08.275		1.35938			4
2025.07.09	01:43:09.210		1.35937			4
2025.07.09	01:43:10.439		1.35936			4
2025.07.09	01:43:11.045		1.35937			4
2025.07.09	01:43:12.275		1.35938			4
2025.07.09	01:43:14.135	1.35933				2
2025.07.09	01:43:14.452	1.35932	1.35937			6
2025.07.09	01:43:15.381	1.35933				2
2025.07.09	01:43:17.232	1.35934				2
2025.07.09	01:43:21.819	1.35933	1.35936			6
2025.07.09	01:43:27.320	1.35934	1.35937			6
2025.07.09	01:43:28.257	1.35933	1.35936			6
2025.07.09	01:43:33.467	1.35934	1.35937			6
2025.07.09	01:43:34.677	1.35933	1.35936			6
2025.07.09	01:43:39.565	1.35932	1.35935			6
2025.07.09	01:43:44.450	1.35936	1.35939			6
2025.07.09	01:43:44.755	1.35935	1.35938			6
2025.07.09	01:43:45.360		1.35940			4
2025.07.09	01:43:45.662	1.35934	1.35939			6
2025.07.09	01:43:47.198		1.35938			4
2025.07.09	01:43:49.363	1.35935				2
2025.07.09	01:43:49.975	1.35934	1.35937			6
2025.07.09	01:43:51.210	1.35935	1.35938			6
2025.07.09	01:43:55.792	1.35936	1.35939			6
2025.07.09	01:44:00.074	1.35936				2
2025.07.09	01:44:00.381	1.35935	1.35938			6
2025.07.09	01:44:14.132	1.35931	1.35934			6
2025.07.09	01:44:14.436	1.35930	1.35933			6
2025.07.09	01:44:15.359	1.35927	1.35934			6
2025.07.09	01:44:23.384		1.35933			4
2025.07.09	01:44:24.303		1.35932			4
2025.07.09	01:44:26.170		1.35931			4
2025.07.09	01:44:27.398	1.35928				2
2025.07.09	01:44:48.161	1.35927	1.35930			6
2025.07.09	01:44:48.466	1.35928	1.35931			6
2025.07.09	01:45:00.053	1.35928				2
2025.07.09	01:45:07.385	1.35927	1.35930			6
2025.07.09	01:45:16.288	1.35931	1.35934			6
2025.07.09	01:45:16.593	1.35932	1.35935			6
2025.07.09	01:45:17.202	1.35931	1.35939			6
2025.07.09	01:45:23.366		1.35938			4
2025.07.09	01:45:25.214		1.35937			4
2025.07.09	01:45:27.365	1.35932				2
2025.07.09	01:45:28.289		1.35936			4
2025.07.09	01:45:29.524		1.35935			4
2025.07.09	01:45:29.826	1.35931				2
2025.07.09	01:45:32.311	1.35932	1.35937			6
2025.07.09	01:45:34.164		1.35935			4
2025.07.09	01:45:37.805		1.35937			4
2025.07.09	01:45:39.357	1.35933	1.35938			6
2025.07.09	01:45:39.665		1.35936			4
2025.07.09	01:45:40.590	1.35932	1.35935			6
2025.07.09	01:45:50.052	1.35931	1.35934			6
2025.07.09	01:45:50.358	1.35932	1.35935			6
2025.07.09	01:46:00.118	1.35932				2
2025.07.09	01:46:07.740	1.35931	1.35934			6
2025.07.09	01:46:12.615	1.35932	1.35935			6
2025.07.09	01:46:14.441	1.35931	1.35934			6
2025.07.09	01:46:15.982	1.35932	1.35935			6
2025.07.09	01:46:43.317	1.35931	1.35934			6
2025.07.09	01:46:52.593	1.35932	1.35935			6
2025.07.09	01:46:54.753	1.35931	1.35934			6
2025.07.09	01:46:56.287	1.35932	1.35935			6
2025.07.09	01:47:00.304	1.35932				2
2025.07.09	01:47:07.692	1.35931	1.35934			6
2025.07.09	01:47:08.622	1.35932	1.35935			6
2025.07.09	01:47:10.171	1.35931	1.35936			6
2025.07.09	01:47:10.792	1.35930				2
2025.07.09	01:47:11.404	1.35931				2
2025.07.09	01:47:12.333	1.35930				2
2025.07.09	01:47:13.262	1.35931				2
2025.07.09	01:47:14.199		1.35935			4
2025.07.09	01:47:16.052	1.35932	1.35936			6
2025.07.09	01:47:16.985	1.35931	1.35935			6
2025.07.09	01:47:17.293	1.35930	1.35937			6
2025.07.09	01:47:17.908		1.35936			4
2025.07.09	01:47:21.313	1.35931				2
2025.07.09	01:47:21.621	1.35930				2
2025.07.09	01:47:21.926	1.35931				2
2025.07.09	01:47:22.245	1.35930				2
2025.07.09	01:47:22.546		1.35937			4
2025.07.09	01:47:23.473		1.35936			4
2025.07.09	01:47:24.707		1.35937			4
2025.07.09	01:47:26.867		1.35936			4
2025.07.09	01:47:28.714	1.35929				2
2025.07.09	01:47:30.566		1.35937			4
2025.07.09	01:47:32.726	1.35930				2
2025.07.09	01:47:33.342	1.35931				2
2025.07.09	01:47:34.279	1.35930	1.35936			6
2025.07.09	01:47:34.587	1.35929	1.35937			6
2025.07.09	01:47:35.206	1.35930				2
2025.07.09	01:47:36.133	1.35931				2
2025.07.09	01:47:37.373	1.35932				2
2025.07.09	01:47:38.294		1.35936			4
2025.07.09	01:47:39.214	1.35933				2
2025.07.09	01:47:41.355	1.35932	1.35935			6
2025.07.09	01:47:42.266	1.35931	1.35936			6
2025.07.09	01:47:43.201		1.35935			4
2025.07.09	01:47:44.121	1.35932				2
2025.07.09	01:47:45.034	1.35933	1.35936			6
2025.07.09	01:47:45.338	1.35932	1.35935			6
2025.07.09	01:47:54.767	1.35933	1.35936			6
2025.07.09	01:47:55.077	1.35932	1.35935			6
2025.07.09	01:47:57.827	1.35933	1.35936			6
2025.07.09	01:47:58.128	1.35932	1.35935			6
2025.07.09	01:47:58.431	1.35933	1.35936			6
2025.07.09	01:47:58.736	1.35932	1.35935			6
2025.07.09	01:47:59.350	1.35933	1.35936			6
2025.07.09	01:47:59.655	1.35932	1.35935			6
2025.07.09	01:48:00.279	1.35932				2
2025.07.09	01:48:00.896	1.35933	1.35936			6
2025.07.09	01:48:01.203	1.35929	1.35937			6
2025.07.09	01:48:05.206	1.35930				2
2025.07.09	01:48:06.136	1.35932				2
2025.07.09	01:48:06.758	1.35931	1.35936			6
2025.07.09	01:48:07.376	1.35929	1.35937			6
2025.07.09	01:48:08.297	1.35930				2
2025.07.09	01:48:12.307	1.35931				2
2025.07.09	01:48:13.236	1.35932	1.35936			6
2025.07.09	01:48:14.152	1.35933				2
2025.07.09	01:48:16.579	1.35932	1.35935			6
2025.07.09	01:48:16.882	1.35933	1.35936			6
2025.07.09	01:48:17.184	1.35931	1.35937			6
2025.07.09	01:48:18.104	1.35929				2
2025.07.09	01:48:20.263	1.35930	1.35936			6
2025.07.09	01:48:24.281	1.35931	1.35935			6
2025.07.09	01:48:25.198		1.35934			4
2025.07.09	01:48:26.114	1.35932	1.35935			6
2025.07.09	01:48:32.854	1.35931	1.35934			6
2025.07.09	01:48:56.968	1.35932	1.35935			6
2025.07.09	01:48:58.176	1.35931	1.35934			6
2025.07.09	01:48:58.785	1.35932	1.35935			6
2025.07.09	01:49:00.009	1.35932				2
2025.07.09	01:49:10.690	1.35933	1.35936			6
2025.07.09	01:49:11.004	1.35932	1.35935			6
2025.07.09	01:49:11.925	1.35933	1.35936			6
2025.07.09	01:49:12.233	1.35929	1.35937			6
2025.07.09	01:49:12.549	1.35930				2
2025.07.09	01:49:12.853	1.35929				2
2025.07.09	01:49:13.158	1.35930				2
2025.07.09	01:49:13.467	1.35931				2
2025.07.09	01:49:14.401	1.35929				2
2025.07.09	01:49:17.171	1.35930				2
2025.07.09	01:49:18.098	1.35931				2
2025.07.09	01:49:20.262	1.35932				2
2025.07.09	01:49:21.191		1.35936			4
2025.07.09	01:49:22.117	1.35933				2
2025.07.09	01:49:27.045	1.35932	1.35935			6
2025.07.09	01:49:27.345	1.35929	1.35937			6
2025.07.09	01:49:28.277	1.35930				2
2025.07.09	01:49:29.207	1.35931	1.35936			6
2025.07.09	01:49:30.132		1.35935			4
2025.07.09	01:49:32.295	1.35932				2
2025.07.09	01:49:38.381	1.35931	1.35934			6
2025.07.09	01:49:44.178	1.35932	1.35935			6
2025.07.09	01:49:45.099	1.35929	1.35937			6
2025.07.09	01:49:48.185	1.35930				2
2025.07.09	01:49:49.113	1.35931	1.35936			6
2025.07.09	01:49:50.347		1.35935			4
2025.07.09	01:49:51.275	1.35932				2
2025.07.09	01:49:51.883	1.35931	1.35934			6
2025.07.09	01:49:52.197		1.35935			4
2025.07.09	01:49:53.116		1.35934			4
2025.07.09	01:49:57.378	1.35932	1.35935			6
2025.07.09	01:49:58.296	1.35929	1.35937			6
2025.07.09	01:50:00.151	1.35931	1.35936			6
2025.07.09	01:50:00.462		1.35937			4
2025.07.09	01:50:02.331	1.35932	1.35936			6
2025.07.09	01:50:03.258		1.35935			4
2025.07.09	01:50:07.845	1.35933	1.35936			6
2025.07.09	01:50:14.260	1.35932	1.35935			6
2025.07.09	01:50:14.875	1.35931	1.35934			6
2025.07.09	01:50:15.177		1.35937			4
2025.07.09	01:50:21.946	1.35930				2
2025.07.09	01:50:22.254	1.35931				2
2025.07.09	01:50:25.024	1.35930				2
2025.07.09	01:50:29.950	1.35931				2
2025.07.09	01:50:30.252		1.35936			4
2025.07.09	01:50:31.481		1.35937			4
2025.07.09	01:50:31.790		1.35936			4
2025.07.09	01:50:33.020	1.35930				2
2025.07.09	01:50:33.323	1.35931				2
2025.07.09	01:50:34.248		1.35935			4
2025.07.09	01:50:35.169	1.35932				2
2025.07.09	01:50:37.288	1.35931				2
2025.07.09	01:50:38.218	1.35932				2
2025.07.09	01:50:44.010	1.35931	1.35934			6
2025.07.09	01:50:44.316	1.35932	1.35935			6
2025.07.09	01:50:44.620	1.35931	1.35934			6
2025.07.09	01:50:46.451	1.35932	1.35935			6
2025.07.09	01:50:46.755	1.35931	1.35934			6
2025.07.09	01:50:49.212	1.35932	1.35935			6
2025.07.09	01:50:50.124	1.35931				2
2025.07.09	01:50:51.335	1.35929	1.35936			6
2025.07.09	01:50:55.939	1.35927	1.35932			6
2025.07.09	01:51:00.258	1.35927				2
2025.07.09	01:51:07.362	1.35926				2
2025.07.09	01:51:08.289	1.35927				2
2025.07.09	01:51:08.599	1.35926				2
2025.07.09	01:51:11.380	1.35927	1.35931			6
2025.07.09	01:51:11.684	1.35926				2
2025.07.09	01:51:13.214	1.35927				2
2025.07.09	01:51:16.287	1.35928				2
2025.07.09	01:51:22.409	1.35927	1.35930			6
2025.07.09	01:51:59.634		1.35929			4
2025.07.09	01:52:00.238	1.35927				2
2025.07.09	01:52:01.152		1.35930			4
2025.07.09	01:52:02.385		1.35929			4
2025.07.09	01:52:08.175		1.35930			4
2025.07.09	01:52:09.094		1.35931			4
2025.07.09	01:52:11.249		1.35930			4
2025.07.09	01:52:13.384		1.35929			4
2025.07.09	01:52:14.302		1.35931			4
2025.07.09	01:52:15.225		1.35930			4
2025.07.09	01:52:17.384		1.35929			4
2025.07.09	01:52:29.606		1.35930			4
2025.07.09	01:52:31.139		1.35931			4
2025.07.09	01:52:32.368		1.35930			4
2025.07.09	01:52:36.026		1.35929			4
2025.07.09	01:52:37.258		1.35931			4
2025.07.09	01:52:39.398		1.35930			4
2025.07.09	01:52:41.239		1.35929			4
2025.07.09	01:52:43.389		1.35930			4
2025.07.09	01:52:44.304		1.35929			4
2025.07.09	01:52:45.221		1.35930			4
2025.07.09	01:52:45.835		1.35931			4
2025.07.09	01:52:46.142		1.35930			4
2025.07.09	01:52:46.453		1.35929			4
2025.07.09	01:52:46.757	1.35926				2
2025.07.09	01:52:53.134	1.35927	1.35930			6
2025.07.09	01:52:54.342	1.35926	1.35932			6
2025.07.09	01:52:54.956		1.35931			4
2025.07.09	01:52:55.266		1.35930			4
2025.07.09	01:52:56.186		1.35933			4
2025.07.09	01:53:00.196	1.35926	1.35932			6
2025.07.09	01:53:00.502		1.35933			4
2025.07.09	01:53:02.336		1.35932			4
2025.07.09	01:53:03.267	1.35927	1.35931			6
2025.07.09	01:53:04.187		1.35930			4
2025.07.09	01:53:29.824	1.35928				2
2025.07.09	01:53:31.359	1.35927				2
2025.07.09	01:53:49.967	1.35934	1.35936			6
2025.07.09	01:53:50.272		1.35939			4
2025.07.09	01:53:50.897	1.35929	1.35934			6
2025.07.09	01:53:51.203	1.35927	1.35933			6
2025.07.09	01:53:53.372	1.35928	1.35934			6
2025.07.09	01:53:53.987	1.35933	1.35938			6
2025.07.09	01:53:54.302		1.35939			4
2025.07.09	01:54:00.155	1.35933				2
2025.07.09	01:54:03.377		1.35938			4
2025.07.09	01:54:05.213	1.35934				2
2025.07.09	01:54:05.822	1.35932	1.35935			6
2025.07.09	01:54:06.129		1.35936			4
2025.07.09	01:54:06.745	1.35931				2
2025.07.09	01:54:08.269		1.35935			4
2025.07.09	01:54:08.574	1.35932	1.35936			6
2025.07.09	01:54:10.719	1.35931	1.35935			6
2025.07.09	01:54:11.339	1.35932				2
2025.07.09	01:54:18.376	1.35930	1.35933			6
2025.07.09	01:54:18.680	1.35927	1.35930			6
2025.07.09	01:54:18.986	1.35928	1.35931			6
2025.07.09	01:54:19.297	1.35927	1.35933			6
2025.07.09	01:54:19.603		1.35932			4
2025.07.09	01:54:19.906		1.35933			4
2025.07.09	01:54:21.141		1.35932			4
2025.07.09	01:54:23.281		1.35931			4
2025.07.09	01:54:25.739	1.35926	1.35930			6
2025.07.09	01:54:26.357		1.35929			4
2025.07.09	01:54:26.962	1.35927	1.35930			6
2025.07.09	01:54:27.267		1.35931			4
2025.07.09	01:54:28.182		1.35930			4
2025.07.09	01:54:36.686	1.35928	1.35931			6
2025.07.09	01:54:37.596	1.35927	1.35930			6
2025.07.09	01:55:00.201	1.35927				2
2025.07.09	01:55:00.511	1.35928	1.35931			6
2025.07.09	01:55:21.633	1.35927	1.35930			6
2025.07.09	01:55:21.934	1.35928	1.35931			6
2025.07.09	01:56:00.130	1.35928				2
2025.07.09	01:56:00.439	1.35926	1.35929			6
2025.07.09	01:56:01.367		1.35930			4
2025.07.09	01:56:03.832	1.35927	1.35931			6
2025.07.09	01:56:04.149		1.35932			4
2025.07.09	01:56:07.225		1.35931			4
2025.07.09	01:56:13.072		1.35930			4
2025.07.09	01:56:30.931	1.35928	1.35931			6
2025.07.09	01:56:32.162	1.35927	1.35933			6
2025.07.09	01:56:36.158		1.35931			4
2025.07.09	01:56:37.393		1.35933			4
2025.07.09	01:56:41.401		1.35932			4
2025.07.09	01:56:43.240		1.35931			4
2025.07.09	01:56:45.397		1.35930			4
2025.07.09	01:56:56.116	1.35929				2
2025.07.09	01:56:56.422		1.35931			4
2025.07.09	01:56:57.331	1.35928	1.35932			6
2025.07.09	01:56:59.190		1.35931			4
2025.07.09	01:57:00.111	1.35928				2
2025.07.09	01:57:12.898	1.35936	1.35937			6
2025.07.09	01:57:13.201	1.35937	1.35940			6
2025.07.09	01:57:13.510	1.35932	1.35935			6
2025.07.09	01:57:13.817	1.35931	1.35934			6
2025.07.09	01:57:14.132		1.35938			4
2025.07.09	01:57:20.283		1.35937			4
2025.07.09	01:57:22.130		1.35936			4
2025.07.09	01:57:23.054		1.35937			4
2025.07.09	01:57:24.303		1.35936			4
2025.07.09	01:57:25.227		1.35935			4
2025.07.09	01:57:26.454		1.35934			4
2025.07.09	01:57:26.759	1.35930				2
2025.07.09	01:57:29.217	1.35931				2
2025.07.09	01:57:37.792	1.35930	1.35933			6
2025.07.09	01:57:41.135	1.35931	1.35934			6
2025.07.09	01:57:41.441	1.35930	1.35933			6
2025.07.09	01:57:41.746	1.35931	1.35934			6
2025.07.09	01:57:42.974	1.35932	1.35935			6
2025.07.09	01:57:48.484	1.35931	1.35934			6
2025.07.09	01:57:50.018	1.35932	1.35935			6
2025.07.09	01:57:56.103	1.35933	1.35936			6
2025.07.09	01:57:56.409	1.35932	1.35935			6
2025.07.09	01:57:58.231	1.35931	1.35934			6
2025.07.09	01:57:58.533	1.35932	1.35935			6
2025.07.09	01:58:00.057	1.35932				2
2025.07.09	01:58:08.003	1.35933	1.35936			6
2025.07.09	01:58:21.142	1.35932	1.35935			6
2025.07.09	01:58:31.357	1.35933	1.35936			6
2025.07.09	01:58:31.673	1.35932	1.35935			6
2025.07.09	01:58:44.402	1.35933	1.35936			6
2025.07.09	01:58:45.016	1.35932	1.35935			6
2025.07.09	01:58:54.330		1.35934			4
2025.07.09	01:58:56.489		1.35935			4
2025.07.09	01:58:57.115		1.35936			4
2025.07.09	01:58:58.353		1.35935			4
2025.07.09	01:59:00.206	1.35932				2
2025.07.09	01:59:03.612	1.35933	1.35936			6
2025.07.09	01:59:03.925	1.35931	1.35934			6
2025.07.09	01:59:05.166		1.35935			4
2025.07.09	01:59:09.199		1.35934			4
2025.07.09	01:59:15.381	1.35932	1.35935			6
2025.07.09	01:59:19.110	1.35931	1.35934			6
2025.07.09	01:59:28.732		1.35933			4
2025.07.09	01:59:29.356		1.35934			4
2025.07.09	01:59:30.283		1.35933			4
2025.07.09	01:59:33.699		1.35934			4
2025.07.09	01:59:35.255	1.35932	1.35935			6
2025.07.09	01:59:36.505	1.35931				2
2025.07.09	01:59:37.749	1.35932	1.35936			6
2025.07.09	01:59:38.363	1.35931	1.35934			6
2025.07.09	01:59:38.985	1.35932				2
2025.07.09	01:59:39.292		1.35936			4
2025.07.09	01:59:40.221		1.35935			4
2025.07.09	01:59:43.327		1.35934			4
2025.07.09	01:59:43.639	1.35931				2
2025.07.09	01:59:45.198		1.35935			4
2025.07.09	01:59:45.819		1.35934			4
2025.07.09	01:59:46.124	1.35928				2
2025.07.09	01:59:48.928	1.35931	1.35937			6
2025.07.09	01:59:49.235		1.35938			4
2025.07.09	01:59:58.223		1.35937			4
2025.07.09	01:59:58.839	1.35928	1.35934			6
2025.07.09	02:00:00.082	1.35932				2
2025.07.09	02:00:00.388	1.35931	1.35938			6
2025.07.09	02:00:00.691	1.35932	1.35937			6
2025.07.09	02:00:00.999	1.35931				2
2025.07.09	02:00:06.267		1.35938			4
2025.07.09	02:00:07.500	1.35930				2
2025.07.09	02:00:08.442	1.35929	1.35936			6
2025.07.09	02:00:10.287	1.35930				2
2025.07.09	02:00:15.261		1.35935			4
2025.07.09	02:00:17.128		1.35934			4
2025.07.09	02:00:18.350	1.35931				2
2025.07.09	02:00:22.297	1.35932	1.35935			6
2025.07.09	02:00:26.588	1.35931	1.35934			6
2025.07.09	02:00:26.898	1.35930	1.35933			6
2025.07.09	02:00:27.206	1.35931	1.35934			6
2025.07.09	02:00:29.340	1.35932	1.35935			6
2025.07.09	02:00:29.645	1.35931	1.35934			6
2025.07.09	02:00:29.954	1.35932	1.35935			6
2025.07.09	02:00:31.810	1.35931	1.35934			6
2025.07.09	02:00:32.125	1.35932	1.35935			6
2025.07.09	02:00:35.806	1.35931	1.35934			6
2025.07.09	02:00:36.725	1.35932	1.35935			6
2025.07.09	02:00:37.037	1.35931	1.35934			6
2025.07.09	02:00:37.342	1.35932	1.35935			6
2025.07.09	02:00:40.390	1.35931	1.35934			6
2025.07.09	02:00:41.306	1.35930	1.35933			6
2025.07.09	02:00:41.617	1.35931	1.35934			6
2025.07.09	02:01:00.226	1.35926	1.35929			6
2025.07.09	02:01:01.135	1.35925	1.35930			6
2025.07.09	02:01:01.459		1.35928			4
2025.07.09	02:01:10.136		1.35927			4
2025.07.09	02:01:10.444	1.35918	1.35922			6
2025.07.09	02:01:11.360		1.35923			4
2025.07.09	02:01:11.674		1.35922			4
2025.07.09	02:01:21.246		1.35921			4
2025.07.09	02:01:24.322		1.35920			4
2025.07.09	02:01:24.939		1.35921			4
2025.07.09	02:01:31.312		1.35920			4
2025.07.09	02:01:35.607		1.35921			4
2025.07.09	02:01:36.216		1.35920			4
2025.07.09	02:01:36.525	1.35919	1.35922			6
2025.07.09	02:01:37.751	1.35920				2
2025.07.09	02:01:40.811		1.35923			4
2025.07.09	02:01:41.428	1.35918	1.35921			6
2025.07.09	02:01:41.731	1.35921	1.35924			6
2025.07.09	02:01:42.040	1.35920	1.35923			6
2025.07.09	02:01:42.977	1.35921	1.35924			6
2025.07.09	02:01:43.287	1.35920	1.35923			6
2025.07.09	02:01:43.892	1.35921	1.35924			6
2025.07.09	02:01:47.558	1.35920	1.35923			6
2025.07.09	02:01:47.859	1.35919	1.35922			6
2025.07.09	02:01:52.725		1.35921			4
2025.07.09	02:01:53.028		1.35922			4
2025.07.09	02:01:54.562	1.35920	1.35923			6
2025.07.09	02:01:54.873	1.35919	1.35922			6
2025.07.09	02:01:55.173	1.35920	1.35923			6
2025.07.09	02:01:55.781	1.35919	1.35922			6
2025.07.09	02:01:56.705	1.35920	1.35923			6
2025.07.09	02:01:57.310		1.35922			4
2025.07.09	02:01:57.614		1.35923			4
2025.07.09	02:01:58.218		1.35922			4
2025.07.09	02:01:59.747		1.35923			4
2025.07.09	02:02:00.055	1.35920				2
2025.07.09	02:02:01.584	1.35921	1.35924			6
2025.07.09	02:02:15.307	1.35924	1.35927			6
2025.07.09	02:02:16.220	1.35923				2
2025.07.09	02:02:17.150	1.35924				2
2025.07.09	02:02:19.591	1.35923	1.35926			6
2025.07.09	02:02:19.899	1.35924	1.35927			6
2025.07.09	02:02:20.207	1.35923	1.35926			6
2025.07.09	02:02:21.124	1.35924	1.35927			6
2025.07.09	02:02:23.569	1.35923	1.35926			6
2025.07.09	02:02:26.907	1.35928	1.35930			6
2025.07.09	02:02:27.210	1.35923	1.35926			6
2025.07.09	02:02:27.521	1.35924	1.35927			6
2025.07.09	02:02:34.257	1.35923	1.35926			6
2025.07.09	02:02:34.568	1.35924	1.35927			6
2025.07.09	02:02:34.871	1.35922	1.35925			6
2025.07.09	02:02:35.177	1.35923	1.35926			6
2025.07.09	02:02:55.423	1.35925				2
2025.07.09	02:02:55.726	1.35926	1.35927			6
2025.07.09	02:02:57.270	1.35925				2
2025.07.09	02:02:57.576	1.35926				2
2025.07.09	02:02:57.883	1.35925				2
2025.07.09	02:02:59.733	1.35926				2
2025.07.09	02:03:00.040	1.35925				2
2025.07.09	02:03:00.951	1.35926				2
2025.07.09	02:03:01.257	1.35925				2
2025.07.09	02:03:01.880	1.35926				2
2025.07.09	02:03:02.796	1.35930	1.35936			6
2025.07.09	02:03:14.126	1.35931				2
2025.07.09	02:03:16.276		1.35935			4
2025.07.09	02:03:18.108	1.35932				2
2025.07.09	02:03:46.489	1.35933	1.35936			6
2025.07.09	02:04:00.153	1.35933				2
2025.07.09	02:04:46.610		1.35936			4
2025.07.09	02:05:00.211	1.35933				2
2025.07.09	02:05:14.083		1.35935			4
2025.07.09	02:05:15.939	1.35928	1.35931			6
2025.07.09	02:05:16.247	1.35926				2
2025.07.09	02:05:16.870		1.35930			4
2025.07.09	02:05:24.886	1.35922	1.35927			6
2025.07.09	02:05:25.188		1.35926			4
2025.07.09	02:05:27.334	1.35921				2
2025.07.09	02:05:34.134	1.35922				2
2025.07.09	02:05:37.205	1.35923				2
2025.07.09	02:06:00.163	1.35923				2
2025.07.09	02:06:00.768	1.35924	1.35927			6
2025.07.09	02:06:02.908	1.35923	1.35926			6
2025.07.09	02:06:03.523	1.35926	1.35929			6
2025.07.09	02:06:03.826	1.35925	1.35928			6
2025.07.09	02:06:04.741	1.35924	1.35927			6
2025.07.09	02:06:06.272	1.35925	1.35928			6
2025.07.09	02:06:06.879	1.35924	1.35927			6
2025.07.09	02:06:18.455	1.35926	1.35928			6
2025.07.09	02:06:18.762	1.35927	1.35930			6
2025.07.09	02:06:20.284	1.35926	1.35931			6
2025.07.09	02:06:21.200	1.35927				2
2025.07.09	02:06:23.356		1.35930			4
2025.07.09	02:06:42.942	1.35928	1.35931			6
2025.07.09	02:06:43.257	1.35925	1.35928			6
2025.07.09	02:06:44.180	1.35924				2
2025.07.09	02:06:48.201		1.35927			4
2025.07.09	02:06:59.247	1.35922	1.35925			6
2025.07.09	02:07:00.176	1.35923	1.35926			6
2025.07.09	02:07:01.107	1.35922	1.35927			6
2025.07.09	02:07:02.343	1.35923				2
2025.07.09	02:07:03.273		1.35926			4
2025.07.09	02:07:59.663	1.35918	1.35921			6
2025.07.09	02:08:00.285	1.35918				2
2025.07.09	02:08:01.215		1.35923			4
2025.07.09	02:08:11.117		1.35922			4
2025.07.09	02:08:13.276		1.35921			4
2025.07.09	02:08:27.058	1.35919	1.35922			6
2025.07.09	02:08:28.581	1.35918	1.35921			6
2025.07.09	02:08:34.392	1.35919	1.35922			6
2025.07.09	02:08:34.700	1.35918	1.35921			6
2025.07.09	02:08:37.761	1.35917	1.35920			6
2025.07.09	02:08:38.063		1.35919			4
2025.07.09	02:09:00.175	1.35917				2
2025.07.09	02:09:03.915	1.35918	1.35921			6
2025.07.09	02:09:05.158		1.35923			4
2025.07.09	02:09:07.331		1.35922			4
2025.07.09	02:09:09.189	1.35919				2
2025.07.09	02:09:36.681	1.35918	1.35921			6
2025.07.09	02:09:40.685	1.35919	1.35922			6
2025.07.09	02:09:41.004	1.35918	1.35921			6
2025.07.09	02:09:41.927	1.35919	1.35922			6
2025.07.09	02:09:42.541	1.35918	1.35921			6
2025.07.09	02:09:43.159		1.35922			4
2025.07.09	02:09:44.391		1.35921			4
2025.07.09	02:09:45.015	1.35919	1.35922			6
2025.07.09	02:09:45.324	1.35918				2
2025.07.09	02:09:46.249		1.35923			4
2025.07.09	02:09:49.343		1.35922			4
2025.07.09	02:09:49.663	1.35922	1.35926			6
2025.07.09	02:09:50.288		1.35927			4
2025.07.09	02:09:59.278	1.35923				2
2025.07.09	02:10:00.207	1.35923				2
2025.07.09	02:10:02.371	1.35925	1.35929			6
2025.07.09	02:10:03.312		1.35930			4
2025.07.09	02:10:05.153	1.35926				2
2025.07.09	02:10:07.312		1.35929			4
2025.07.09	02:10:07.916	1.35925	1.35928			6
2025.07.09	02:10:08.224	1.35922				2
2025.07.09	02:10:13.127		1.35927			4
2025.07.09	02:10:14.370	1.35923				2
2025.07.09	02:10:16.199		1.35926			4
2025.07.09	02:10:17.425	1.35924	1.35927			6
2025.07.09	02:10:32.946	1.35923	1.35926			6
2025.07.09	02:10:33.248	1.35924	1.35927			6
2025.07.09	02:10:37.214	1.35925	1.35928			6
2025.07.09	02:10:37.515	1.35924	1.35927			6
2025.07.09	02:10:42.692	1.35923	1.35926			6
2025.07.09	02:10:44.834	1.35924	1.35927			6
2025.07.09	02:10:46.668	1.35923	1.35926			6
2025.07.09	02:10:46.975	1.35924	1.35927			6
2025.07.09	02:10:47.884	1.35919	1.35922			6
2025.07.09	02:10:48.190		1.35923			4
2025.07.09	02:11:00.238	1.35919				2
2025.07.09	02:11:01.149		1.35922			4
2025.07.09	02:11:02.678		1.35921			4
2025.07.09	02:11:03.293		1.35922			4
2025.07.09	02:11:39.320	1.35929	1.35931			6
2025.07.09	02:11:39.622	1.35928	1.35930			6
2025.07.09	02:11:40.231		1.35932			4
2025.07.09	02:11:52.280		1.35931			4
2025.07.09	02:11:55.940		1.35930			4
2025.07.09	02:11:58.686	1.35927				2
2025.07.09	02:12:00.223	1.35927				2
2025.07.09	02:12:02.363	1.35925	1.35928			6
2025.07.09	02:12:06.928		1.35927			4
2025.07.09	02:12:07.233		1.35928			4
2025.07.09	02:12:08.753	1.35926	1.35929			6
2025.07.09	02:12:09.671	1.35927	1.35930			6
2025.07.09	02:12:14.551	1.35925	1.35928			6
2025.07.09	02:12:21.281	1.35927	1.35930			6
2025.07.09	02:12:26.764	1.35926	1.35929			6
2025.07.09	02:12:27.987	1.35927	1.35930			6
2025.07.09	02:12:29.819	1.35928	1.35931			6
2025.07.09	02:12:32.871	1.35929				2
2025.07.09	02:12:39.914	1.35928				2
2025.07.09	02:12:41.424	1.35929				2
2025.07.09	02:12:42.963	1.35928				2
2025.07.09	02:12:57.678	1.35927	1.35930			6
2025.07.09	02:12:58.619		1.35929			4
2025.07.09	02:12:58.924		1.35930			4
2025.07.09	02:13:00.162	1.35927				2
2025.07.09	02:13:01.404		1.35929			4
2025.07.09	02:13:02.331		1.35930			4
2025.07.09	02:13:06.683		1.35929			4
2025.07.09	02:13:09.784	1.35928	1.35931			6
2025.07.09	02:13:15.363	1.35927	1.35930			6
2025.07.09	02:13:15.987		1.35929			4
2025.07.09	02:13:16.904		1.35930			4
2025.07.09	02:13:31.147		1.35929			4
2025.07.09	02:13:31.770		1.35928			4
2025.07.09	02:13:35.157		1.35929			4
2025.07.09	02:13:42.233		1.35928			4
2025.07.09	02:13:46.539		1.35929			4
2025.07.09	02:13:47.458		1.35928			4
2025.07.09	02:13:49.621	1.35926				2
2025.07.09	02:13:58.264	1.35927	1.35929			6
2025.07.09	02:13:59.187		1.35928			4
2025.07.09	02:13:59.492		1.35929			4
2025.07.09	02:14:00.113	1.35927				2
2025.07.09	02:14:03.525		1.35928			4
2025.07.09	02:14:03.826		1.35930			4
2025.07.09	02:14:21.087		1.35929			4
2025.07.09	02:14:24.156		1.35930			4
2025.07.09	02:14:27.211	1.35930	1.35933			6
2025.07.09	02:14:27.525	1.35929	1.35932			6
2025.07.09	02:14:28.134	1.35927				2
2025.07.09	02:14:34.272	1.35928				2
2025.07.09	02:14:36.126	1.35927				2
2025.07.09	02:14:36.433	1.35928				2
2025.07.09	02:14:41.354	1.35929				2
2025.07.09	02:14:43.795	1.35928	1.35931			6
2025.07.09	02:14:48.989	1.35929	1.35932			6
2025.07.09	02:14:53.588	1.35928	1.35931			6
2025.07.09	02:14:53.901		1.35930			4
2025.07.09	02:14:54.212	1.35927				2
2025.07.09	02:14:54.515	1.35926				2
2025.07.09	02:14:56.358	1.35927				2
2025.07.09	02:14:58.220	1.35928	1.35931			6
2025.07.09	02:14:59.144	1.35926				2
2025.07.09	02:15:00.058	1.35926				2
2025.07.09	02:15:03.130	1.35927				2
2025.07.09	02:15:05.277	1.35928				2
2025.07.09	02:15:26.595	1.35929				2
2025.07.09	02:15:32.474	1.35928				2
2025.07.09	02:15:52.571		1.35930			4
2025.07.09	02:16:00.304	1.35927				2
2025.07.09	02:16:07.117		1.35929			4
2025.07.09	02:16:07.425		1.35930			4
2025.07.09	02:16:07.733		1.35928			4
2025.07.09	02:16:08.043	1.35920	1.35923			6
2025.07.09	02:16:08.347		1.35924			4
2025.07.09	02:16:12.989	1.35921	1.35926			6
2025.07.09	02:16:13.298		1.35927			4
2025.07.09	02:16:18.246	1.35922				2
2025.07.09	02:16:18.864	1.35921				2
2025.07.09	02:16:19.168	1.35922				2
2025.07.09	02:16:19.486	1.35923				2
2025.07.09	02:16:20.405	1.35922				2
2025.07.09	02:16:21.323	1.35923				2
2025.07.09	02:16:23.179	1.35922	1.35926			6
2025.07.09	02:16:24.105	1.35923				2
2025.07.09	02:16:33.587	1.35924	1.35927			6
2025.07.09	02:16:50.057	1.35923	1.35926			6
2025.07.09	02:17:00.089	1.35923				2
2025.07.09	02:17:10.565	1.35924	1.35927			6
2025.07.09	02:18:00.016	1.35924				2
2025.07.09	02:18:10.841		1.35927			4
2025.07.09	02:18:11.149	1.35925				2
2025.07.09	02:18:12.089	1.35924				2
2025.07.09	02:18:22.613	1.35928	1.35931			6
2025.07.09	02:18:23.220	1.35929	1.35932			6
2025.07.09	02:18:23.533	1.35928	1.35931			6
2025.07.09	02:18:23.840	1.35929	1.35932			6
2025.07.09	02:18:24.144	1.35927				2
2025.07.09	02:18:32.807	1.35928				2
2025.07.09	02:18:35.277	1.35929				2
2025.07.09	02:18:39.308	1.35930				2
2025.07.09	02:18:51.504	1.35933	1.35934			6
2025.07.09	02:18:58.624	1.35931	1.35932			6
2025.07.09	02:18:58.925	1.35929	1.35931			6
2025.07.09	02:18:59.248		1.35930			4
