<DATE>	<TIME>	<BID>	<ASK>	<LAST>	<VOLUME>	<FLAGS>
2025.03.13	00:00:00.204	1.29564	1.29756			6
2025.03.13	00:00:00.550	1.29536	1.29728			6
2025.03.13	00:00:00.853	1.29539	1.29723			6
2025.03.13	00:01:00.103	1.29539				2
2025.03.13	00:01:01.016		1.29723			4
2025.03.13	00:02:00.104	1.29539				2
2025.03.13	00:02:00.409		1.29724			4
2025.03.13	00:03:00.083	1.29539				2
2025.03.13	00:03:00.695		1.29724			4
2025.03.13	00:03:26.519	1.29560	1.29667			6
2025.03.13	00:03:39.325		1.29661			4
2025.03.13	00:03:41.751		1.29659			4
2025.03.13	00:03:44.480		1.29658			4
2025.03.13	00:03:47.537		1.29656			4
2025.03.13	00:03:49.672	1.29561	1.29635			6
2025.03.13	00:03:49.972		1.29634			4
2025.03.13	00:04:00.003	1.29561				2
2025.03.13	00:04:03.055	1.29560	1.29632			6
2025.03.13	00:04:05.497	1.29548	1.29662			6
2025.03.13	00:04:19.524	1.29551	1.29684			6
2025.03.13	00:04:20.789		1.29679			4
2025.03.13	00:05:00.161	1.29551				2
2025.03.13	00:05:01.698	1.29563				2
2025.03.13	00:05:03.528	1.29552	1.29675			6
2025.03.13	00:05:06.901	1.29566	1.29679			6
2025.03.13	00:05:11.746	1.29551	1.29677			6
2025.03.13	00:05:13.594		1.29679			4
2025.03.13	00:05:15.126	1.29552				2
2025.03.13	00:05:18.517	1.29562				2
2025.03.13	00:05:20.675		1.29678			4
2025.03.13	00:05:31.705	1.29567				2
2025.03.13	00:05:34.152	1.29566				2
2025.03.13	00:05:43.337	1.29573				2
2025.03.13	00:05:53.957	1.29555				2
2025.03.13	00:05:54.259	1.29588				2
2025.03.13	00:06:00.055	1.29588				2
2025.03.13	00:06:00.364	1.29584				2
2025.03.13	00:06:01.269	1.29575				2
2025.03.13	00:06:01.573	1.29585				2
2025.03.13	00:06:14.642		1.29687			4
2025.03.13	00:06:15.559		1.29679			4
2025.03.13	00:06:24.381	1.29590	1.29680			6
2025.03.13	00:06:49.288	1.29589	1.29679			6
2025.03.13	00:06:58.134	1.29597	1.29666			6
2025.03.13	00:07:01.972	1.29597				2
2025.03.13	00:07:02.286	1.29600	1.29685			6
2025.03.13	00:07:03.244	1.29601				2
2025.03.13	00:07:06.921	1.29602				2
2025.03.13	00:07:29.925	1.29619	1.29680			6
2025.03.13	00:07:37.371	1.29614				2
2025.03.13	00:07:44.934	1.29615				2
2025.03.13	00:07:51.397	1.29609	1.29688			6
2025.03.13	00:07:51.711	1.29612				2
2025.03.13	00:07:52.320	1.29602				2
2025.03.13	00:07:52.940	1.29601				2
2025.03.13	00:07:58.160	1.29602				2
2025.03.13	00:08:00.000	1.29602				2
2025.03.13	00:08:11.643	1.29603				2
2025.03.13	00:08:44.725	1.29604				2
2025.03.13	00:08:51.493		1.29688			4
2025.03.13	00:09:00.095	1.29604				2
2025.03.13	00:09:27.731	1.29603				2
2025.03.13	00:09:38.483		1.29692			4
2025.03.13	00:09:49.535	1.29604				2
2025.03.13	00:10:00.278	1.29604				2
2025.03.13	00:10:06.419	1.29603				2
2025.03.13	00:10:09.182	1.29604				2
2025.03.13	00:10:12.242		1.29694			4
2025.03.13	00:10:20.968	1.29606	1.29696			6
2025.03.13	00:10:21.887	1.29604	1.29694			6
2025.03.13	00:10:28.376	1.29605	1.29695			6
2025.03.13	00:10:28.991	1.29604	1.29694			6
2025.03.13	00:11:00.093	1.29604				2
2025.03.13	00:11:12.702	1.29596	1.29686			6
2025.03.13	00:11:48.726	1.29595	1.29685			6
2025.03.13	00:11:52.121		1.29690			4
2025.03.13	00:11:52.944		1.29683			4
2025.03.13	00:12:00.016	1.29595				2
2025.03.13	00:12:09.249	1.29598	1.29696			6
2025.03.13	00:12:12.323		1.29701			4
2025.03.13	00:12:16.325		1.29695			4
2025.03.13	00:12:18.168	1.29597	1.29693			6
2025.03.13	00:12:20.634		1.29686			4
2025.03.13	00:12:24.634		1.29687			4
2025.03.13	00:12:24.950	1.29602	1.29691			6
2025.03.13	00:12:42.831		1.29690			4
2025.03.13	00:12:58.541		1.29689			4
2025.03.13	00:13:00.080	1.29602				2
2025.03.13	00:13:17.925		1.29688			4
2025.03.13	00:13:40.043		1.29687			4
2025.03.13	00:14:00.076	1.29602				2
2025.03.13	00:14:05.608		1.29686			4
2025.03.13	00:14:23.750		1.29690			4
2025.03.13	00:14:24.676		1.29687			4
2025.03.13	00:14:28.993		1.29686			4
2025.03.13	00:14:44.398		1.29685			4
2025.03.13	00:14:59.174		1.29684			4
2025.03.13	00:15:00.093	1.29602				2
2025.03.13	00:15:02.560		1.29682			4
2025.03.13	00:15:02.865		1.29683			4
2025.03.13	00:15:03.170		1.29682			4
2025.03.13	00:15:05.320		1.29686			4
2025.03.13	00:15:05.630		1.29683			4
2025.03.13	00:15:07.169		1.29681			4
2025.03.13	00:16:18.925	1.29602	1.29683			6
2025.03.13	00:16:20.459		1.29680			4
2025.03.13	00:16:20.766		1.29681			4
2025.03.13	00:16:21.077		1.29682			4
2025.03.13	00:16:23.226	1.29624				2
2025.03.13	00:16:30.918		1.29681			4
2025.03.13	00:16:36.145		1.29685			4
2025.03.13	00:16:37.070		1.29683			4
2025.03.13	00:16:38.075		1.29682			4
2025.03.13	00:16:38.693		1.29681			4
2025.03.13	00:16:50.401		1.29680			4
2025.03.13	00:16:51.325		1.29681			4
2025.03.13	00:16:59.028		1.29680			4
2025.03.13	00:16:59.950		1.29681			4
2025.03.13	00:17:00.256	1.29624				2
2025.03.13	00:17:10.683		1.29680			4
2025.03.13	00:17:11.327		1.29681			4
2025.03.13	00:17:12.552		1.29680			4
2025.03.13	00:17:13.168		1.29681			4
2025.03.13	00:17:16.541		1.29682			4
2025.03.13	00:17:16.855		1.29697			4
2025.03.13	00:17:17.161		1.29698			4
2025.03.13	00:17:17.473		1.29685			4
2025.03.13	00:17:18.083		1.29682			4
2025.03.13	00:17:25.504	1.29604	1.29664			6
2025.03.13	00:18:00.380	1.29604				2
2025.03.13	00:18:25.721		1.29663			4
2025.03.13	00:19:00.317	1.29604				2
2025.03.13	00:19:23.359	1.29610				2
2025.03.13	00:19:30.319		1.29663			4
2025.03.13	00:20:00.541	1.29610				2
2025.03.13	00:20:30.545		1.29663			4
2025.03.13	00:20:47.786		1.29664			4
2025.03.13	00:20:50.181		1.29665			4
2025.03.13	00:21:00.542	1.29610				2
2025.03.13	00:21:50.387		1.29664			4
2025.03.13	00:22:00.440	1.29610				2
2025.03.13	00:22:03.103	1.29609				2
2025.03.13	00:22:50.543		1.29664			4
2025.03.13	00:23:00.541	1.29609				2
2025.03.13	00:23:51.648		1.29664			4
2025.03.13	00:24:00.480	1.29609				2
2025.03.13	00:24:59.984		1.29664			4
2025.03.13	00:25:00.541	1.29609				2
2025.03.13	00:26:00.296	1.29609	1.29664			6
2025.03.13	00:26:55.891		1.29662			4
2025.03.13	00:27:02.480	1.29609				2
2025.03.13	00:28:01.881	1.29609	1.29662			6
2025.03.13	00:29:02.281	1.29609	1.29662			6
2025.03.13	00:29:32.319	1.29613	1.29664			6
2025.03.13	00:30:07.711	1.29613				2
2025.03.13	00:30:32.369		1.29664			4
2025.03.13	00:30:47.516	1.29629	1.29693			6
2025.03.13	00:30:48.345		1.29694			4
2025.03.13	00:31:00.056	1.29629				2
2025.03.13	00:31:04.077		1.29693			4
2025.03.13	00:31:09.307		1.29694			4
2025.03.13	00:31:17.625		1.29693			4
2025.03.13	00:31:17.932		1.29692			4
2025.03.13	00:31:32.729	1.29645	1.29694			6
2025.03.13	00:31:33.031		1.29695			4
2025.03.13	00:31:36.120		1.29694			4
2025.03.13	00:31:38.281		1.29695			4
2025.03.13	00:31:43.527		1.29697			4
2025.03.13	00:31:44.446		1.29698			4
2025.03.13	00:31:49.993		1.29696			4
2025.03.13	00:31:51.540		1.29695			4
2025.03.13	00:31:52.462		1.29696			4
2025.03.13	00:31:54.623		1.29695			4
2025.03.13	00:31:57.397		1.29694			4
2025.03.13	00:32:00.171	1.29645	1.29693			6
2025.03.13	00:32:02.329		1.29694			4
2025.03.13	00:32:02.943		1.29693			4
2025.03.13	00:32:04.487		1.29694			4
2025.03.13	00:32:05.416		1.29693			4
2025.03.13	00:32:09.431	1.29647	1.29695			6
2025.03.13	00:32:15.288		1.29692			4
2025.03.13	00:32:31.320		1.29691			4
2025.03.13	00:32:33.485		1.29692			4
2025.03.13	00:32:36.567		1.29693			4
2025.03.13	00:32:39.646		1.29694			4
2025.03.13	00:32:55.970		1.29697			4
2025.03.13	00:33:00.283	1.29647				2
2025.03.13	00:33:07.049		1.29695			4
2025.03.13	00:33:07.659		1.29694			4
2025.03.13	00:33:13.512		1.29693			4
2025.03.13	00:33:16.593		1.29694			4
2025.03.13	00:33:36.282		1.29692			4
2025.03.13	00:33:46.131	1.29634				2
2025.03.13	00:33:46.442		1.29693			4
2025.03.13	00:33:57.524		1.29694			4
2025.03.13	00:34:00.298	1.29634				2
2025.03.13	00:34:07.369		1.29691			4
2025.03.13	00:34:09.523		1.29693			4
2025.03.13	00:34:25.844	1.29621				2
2025.03.13	00:34:26.769	1.29630	1.29702			6
2025.03.13	00:34:27.071		1.29698			4
2025.03.13	00:34:32.612		1.29700			4
2025.03.13	00:34:35.387		1.29701			4
2025.03.13	00:34:43.074	1.29631	1.29702			6
2025.03.13	00:34:43.382		1.29699			4
2025.03.13	00:34:46.762		1.29698			4
2025.03.13	00:34:58.453		1.29699			4
2025.03.13	00:35:00.297	1.29631				2
2025.03.13	00:35:07.997		1.29701			4
2025.03.13	00:35:08.610	1.29640				2
2025.03.13	00:35:09.226		1.29702			4
2025.03.13	00:35:09.840	1.29623	1.29700			6
2025.03.13	00:35:10.148	1.29622	1.29701			6
2025.03.13	00:35:10.456		1.29700			4
2025.03.13	00:35:11.696	1.29623				2
2025.03.13	00:35:11.999	1.29618				2
2025.03.13	00:35:12.305		1.29697			4
2025.03.13	00:35:12.921	1.29617				2
2025.03.13	00:35:13.231		1.29696			4
2025.03.13	00:35:15.700		1.29695			4
2025.03.13	00:35:17.233	1.29613	1.29693			6
2025.03.13	00:35:20.617	1.29612	1.29692			6
2025.03.13	00:35:29.242	1.29615	1.29693			6
2025.03.13	00:35:29.544	1.29619	1.29695			6
2025.03.13	00:35:36.938	1.29621	1.29693			6
2025.03.13	00:35:38.786	1.29620				2
2025.03.13	00:35:39.403	1.29621				2
2025.03.13	00:35:39.706	1.29616				2
2025.03.13	00:35:42.794	1.29625	1.29697			6
2025.03.13	00:35:44.018		1.29698			4
2025.03.13	00:36:00.035	1.29625				2
2025.03.13	00:36:04.347		1.29697			4
2025.03.13	00:36:06.187	1.29621	1.29696			6
2025.03.13	00:36:07.727		1.29695			4
2025.03.13	00:36:10.191	1.29623	1.29697			6
2025.03.13	00:36:10.500	1.29625				2
2025.03.13	00:36:12.345		1.29698			4
2025.03.13	00:36:16.350	1.29626				2
2025.03.13	00:36:22.203	1.29622	1.29697			6
2025.03.13	00:36:22.505	1.29620	1.29696			6
2025.03.13	00:36:23.440		1.29695			4
2025.03.13	00:36:24.365	1.29621				2
2025.03.13	00:36:26.211	1.29617	1.29696			6
2025.03.13	00:36:26.517	1.29623	1.29697			6
2025.03.13	00:36:32.371	1.29616	1.29694			6
2025.03.13	00:36:32.682	1.29617				2
2025.03.13	00:36:33.911	1.29616				2
2025.03.13	00:36:36.057	1.29618				2
2025.03.13	00:36:36.674		1.29695			4
2025.03.13	00:36:38.222	1.29619				2
2025.03.13	00:36:54.846	1.29622	1.29696			6
2025.03.13	00:36:55.159		1.29697			4
2025.03.13	00:36:55.767	1.29620				2
2025.03.13	00:36:56.690		1.29696			4
2025.03.13	00:37:00.078	1.29620				2
2025.03.13	00:37:03.156		1.29697			4
2025.03.13	00:37:05.614		1.29696			4
2025.03.13	00:37:10.849	1.29617	1.29694			6
2025.03.13	00:37:11.772	1.29621	1.29697			6
2025.03.13	00:37:14.851	1.29620				2
2025.03.13	00:37:15.154		1.29696			4
2025.03.13	00:37:17.620	1.29621	1.29697			6
2025.03.13	00:37:19.776	1.29620	1.29696			6
2025.03.13	00:37:20.400		1.29695			4
2025.03.13	00:37:25.328		1.29696			4
2025.03.13	00:37:28.410	1.29621				2
2025.03.13	00:37:29.335		1.29697			4
2025.03.13	00:37:33.035		1.29692			4
2025.03.13	00:37:42.901	1.29619	1.29691			6
2025.03.13	00:37:44.130	1.29618	1.29689			6
2025.03.13	00:37:56.141	1.29619				2
2025.03.13	00:37:57.984	1.29618				2
2025.03.13	00:38:00.141	1.29618				2
2025.03.13	00:38:10.917		1.29692			4
2025.03.13	00:38:14.295		1.29693			4
2025.03.13	00:38:20.445	1.29617	1.29692			6
2025.03.13	00:38:22.289	1.29618				2
2025.03.13	00:38:41.364		1.29693			4
2025.03.13	00:38:47.842		1.29692			4
2025.03.13	00:39:00.148	1.29618				2
2025.03.13	00:39:02.904	1.29608	1.29682			6
2025.03.13	00:39:03.214		1.29683			4
2025.03.13	00:39:09.977	1.29604	1.29667			6
2025.03.13	00:39:11.650	1.29603				2
2025.03.13	00:39:25.196	1.29602				2
2025.03.13	00:39:28.883	1.29601				2
2025.03.13	00:39:41.930	1.29597	1.29656			6
2025.03.13	00:39:44.885	1.29598				2
2025.03.13	00:39:45.973	1.29597				2
2025.03.13	00:39:50.290		1.29649			4
2025.03.13	00:39:50.630		1.29650			4
2025.03.13	00:39:52.974	1.29596				2
2025.03.13	00:39:54.895	1.29599	1.29661			6
2025.03.13	00:39:55.566	1.29601				2
2025.03.13	00:40:00.317	1.29601				2
2025.03.13	00:40:07.743	1.29603				2
2025.03.13	00:40:11.231	1.29604				2
2025.03.13	00:40:13.273	1.29601				2
2025.03.13	00:40:16.213	1.29599				2
2025.03.13	00:40:16.763	1.29598				2
2025.03.13	00:40:23.182	1.29597				2
2025.03.13	00:40:26.351	1.29602				2
2025.03.13	00:40:27.934	1.29599				2
2025.03.13	00:40:30.275	1.29598				2
2025.03.13	00:40:30.680	1.29597				2
2025.03.13	00:40:42.982	1.29596				2
2025.03.13	00:40:54.981	1.29597	1.29661			6
2025.03.13	00:40:56.885	1.29596				2
2025.03.13	00:41:00.080	1.29596				2
2025.03.13	00:41:04.580	1.29595				2
2025.03.13	00:41:11.256	1.29596				2
2025.03.13	00:41:39.984	1.29606	1.29668			6
2025.03.13	00:41:43.988	1.29613	1.29691			6
2025.03.13	00:41:44.304	1.29619	1.29695			6
2025.03.13	00:41:45.831	1.29620	1.29696			6
2025.03.13	00:41:54.423	1.29615				2
2025.03.13	00:41:54.732		1.29693			4
2025.03.13	00:41:56.566		1.29694			4
2025.03.13	00:41:57.181		1.29693			4
2025.03.13	00:41:57.793	1.29621	1.29697			6
2025.03.13	00:42:00.255	1.29621				2
2025.03.13	00:42:05.792	1.29622	1.29698			6
2025.03.13	00:42:14.424	1.29615	1.29694			6
2025.03.13	00:42:14.731	1.29617				2
2025.03.13	00:42:15.039	1.29630	1.29707			6
2025.03.13	00:42:15.350	1.29632	1.29710			6
2025.03.13	00:42:20.592	1.29624	1.29704			6
2025.03.13	00:42:20.919	1.29627				2
2025.03.13	00:42:23.355	1.29629				2
2025.03.13	00:42:28.419		1.29702			4
2025.03.13	00:42:28.733	1.29625				2
2025.03.13	00:42:41.588	1.29626	1.29709			6
2025.03.13	00:42:42.828	1.29627				2
2025.03.13	00:42:46.519	1.29628				2
2025.03.13	00:42:57.561		1.29710			4
2025.03.13	00:42:57.865	1.29629	1.29712			6
2025.03.13	00:42:58.484	1.29631	1.29713			6
2025.03.13	00:43:00.016	1.29628	1.29711			6
2025.03.13	00:43:00.332	1.29629				2
2025.03.13	00:43:11.705	1.29622	1.29679			6
2025.03.13	00:43:12.365	1.29621				2
2025.03.13	00:43:19.514	1.29613	1.29674			6
2025.03.13	00:43:28.704	1.29612				2
2025.03.13	00:43:29.475	1.29613				2
2025.03.13	00:43:40.297	1.29612				2
2025.03.13	00:43:43.968		1.29675			4
2025.03.13	00:43:54.916	1.29613				2
2025.03.13	00:44:00.322	1.29613				2
2025.03.13	00:44:45.385		1.29675			4
2025.03.13	00:45:00.390	1.29613				2
2025.03.13	00:45:02.095	1.29608	1.29698			6
2025.03.13	00:45:04.241	1.29613	1.29661			6
2025.03.13	00:45:09.125	1.29629	1.29645			6
2025.03.13	00:45:15.217	1.29628				2
2025.03.13	00:45:19.210		1.29644			4
2025.03.13	00:45:23.202	1.29629				2
2025.03.13	00:45:29.035	1.29628				2
2025.03.13	00:46:00.044	1.29628				2
2025.03.13	00:46:08.949		1.29639			4
2025.03.13	00:46:39.632	1.29620				2
2025.03.13	00:47:00.168	1.29620				2
2025.03.13	00:47:00.478	1.29621				2
2025.03.13	00:47:02.007	1.29605	1.29663			6
2025.03.13	00:47:04.459	1.29621	1.29639			6
2025.03.13	00:47:41.257	1.29619				2
2025.03.13	00:48:00.278	1.29619				2
2025.03.13	00:48:04.573		1.29639			4
2025.03.13	00:48:09.189		1.29656			4
2025.03.13	00:48:33.706		1.29657			4
2025.03.13	00:48:34.934	1.29620				2
2025.03.13	00:48:51.189		1.29659			4
2025.03.13	00:48:52.418		1.29657			4
2025.03.13	00:49:00.092	1.29620				2
2025.03.13	00:49:18.486		1.29655			4
2025.03.13	00:49:21.252		1.29657			4
2025.03.13	00:49:29.848	1.29619				2
2025.03.13	00:49:34.143	1.29610	1.29632			6
2025.03.13	00:49:49.494	1.29609	1.29625			6
2025.03.13	00:50:00.249	1.29609				2
2025.03.13	00:50:06.084		1.29624			4
2025.03.13	00:50:06.389	1.29608				2
2025.03.13	00:50:14.698	1.29609	1.29625			6
2025.03.13	00:50:58.042	1.29618	1.29629			6
2025.03.13	00:50:59.584	1.29619	1.29641			6
2025.03.13	00:50:59.887		1.29634			4
2025.03.13	00:51:00.198	1.29619				2
2025.03.13	00:51:21.400		1.29641			4
2025.03.13	00:51:28.475	1.29621	1.29642			6
2025.03.13	00:51:31.229	1.29623	1.29668			6
2025.03.13	00:51:31.552	1.29626	1.29667			6
2025.03.13	00:51:33.392	1.29627				2
2025.03.13	00:51:33.698		1.29670			4
2025.03.13	00:51:36.768		1.29668			4
2025.03.13	00:51:37.384	1.29625	1.29667			6
2025.03.13	00:51:38.924	1.29627				2
2025.03.13	00:51:39.236		1.29668			4
2025.03.13	00:51:41.072	1.29628	1.29669			6
2025.03.13	00:51:42.304		1.29670			4
2025.03.13	00:51:42.917		1.29669			4
2025.03.13	00:51:44.452		1.29670			4
2025.03.13	00:51:50.296		1.29669			4
2025.03.13	00:51:51.526		1.29670			4
2025.03.13	00:51:53.068		1.29667			4
2025.03.13	00:51:53.373	1.29624	1.29668			6
2025.03.13	00:51:55.223	1.29626	1.29669			6
2025.03.13	00:51:58.300	1.29629	1.29668			6
2025.03.13	00:51:58.610	1.29628	1.29667			6
2025.03.13	00:52:00.154	1.29628				2
2025.03.13	00:52:02.616		1.29669			4
2025.03.13	00:52:02.918	1.29631	1.29670			6
2025.03.13	00:52:04.455		1.29671			4
2025.03.13	00:52:14.933		1.29670			4
2025.03.13	00:52:18.005	1.29632				2
2025.03.13	00:52:25.701		1.29669			4
2025.03.13	00:52:28.151	1.29631	1.29670			6
2025.03.13	00:52:28.764	1.29630	1.29668			6
2025.03.13	00:52:29.075	1.29620	1.29666			6
2025.03.13	00:52:29.380	1.29623	1.29667			6
2025.03.13	00:52:29.692		1.29666			4
2025.03.13	00:52:31.225	1.29622				2
2025.03.13	00:52:35.838		1.29667			4
2025.03.13	00:52:37.063	1.29617	1.29666			6
2025.03.13	00:52:38.289	1.29619				2
2025.03.13	00:52:38.599	1.29620	1.29665			6
2025.03.13	00:52:38.905	1.29619	1.29663			6
2025.03.13	00:52:39.207	1.29617	1.29662			6
2025.03.13	00:52:39.518	1.29619	1.29663			6
2025.03.13	00:52:39.831		1.29665			4
2025.03.13	00:52:41.363		1.29664			4
2025.03.13	00:52:42.895	1.29620	1.29665			6
2025.03.13	00:52:43.204		1.29664			4
2025.03.13	00:52:48.131	1.29616				2
2025.03.13	00:52:54.270		1.29663			4
2025.03.13	00:53:00.117	1.29616				2
2025.03.13	00:53:11.474		1.29662			4
2025.03.13	00:53:13.017	1.29615	1.29663			6
2025.03.13	00:53:14.548		1.29665			4
2025.03.13	00:53:19.456		1.29663			4
2025.03.13	00:53:19.759		1.29662			4
2025.03.13	00:53:35.731		1.29665			4
2025.03.13	00:53:36.038		1.29664			4
2025.03.13	00:53:39.718		1.29665			4
2025.03.13	00:53:49.252		1.29664			4
2025.03.13	00:53:59.697		1.29663			4
2025.03.13	00:54:00.007	1.29615				2
2025.03.13	00:54:22.413		1.29665			4
2025.03.13	00:54:39.918		1.29666			4
2025.03.13	00:54:44.834		1.29665			4
2025.03.13	00:54:45.755		1.29663			4
2025.03.13	00:54:46.064		1.29664			4
2025.03.13	00:54:49.139		1.29663			4
2025.03.13	00:55:00.241	1.29615				2
2025.03.13	00:55:21.827		1.29664			4
2025.03.13	00:55:22.138		1.29665			4
2025.03.13	00:55:35.697		1.29666			4
2025.03.13	00:55:40.331		1.29665			4
2025.03.13	00:55:49.552		1.29669			4
2025.03.13	00:55:53.871		1.29668			4
2025.03.13	00:55:55.407		1.29667			4
2025.03.13	00:55:57.866		1.29666			4
2025.03.13	00:55:58.167		1.29667			4
2025.03.13	00:55:58.482		1.29665			4
2025.03.13	00:55:58.782		1.29666			4
2025.03.13	00:56:00.013	1.29615				2
2025.03.13	00:56:58.849		1.29669			4
2025.03.13	00:57:00.083	1.29615				2
2025.03.13	00:57:00.397		1.29668			4
2025.03.13	00:57:03.170		1.29667			4
2025.03.13	00:57:07.478		1.29666			4
2025.03.13	00:57:09.337		1.29665			4
2025.03.13	00:57:11.179		1.29664			4
2025.03.13	00:57:19.824		1.29663			4
2025.03.13	00:57:40.797		1.29662			4
2025.03.13	00:57:47.876	1.29610	1.29660			6
2025.03.13	00:57:51.889		1.29661			4
2025.03.13	00:58:00.208	1.29610				2
2025.03.13	00:58:06.064	1.29614				2
2025.03.13	00:58:19.619		1.29665			4
2025.03.13	00:58:41.197		1.29664			4
2025.03.13	00:58:42.113		1.29663			4
2025.03.13	00:58:44.587		1.29662			4
2025.03.13	00:58:44.890		1.29663			4
2025.03.13	00:58:49.211		1.29664			4
2025.03.13	00:58:51.063		1.29665			4
2025.03.13	00:58:51.993		1.29666			4
2025.03.13	00:58:52.910	1.29613	1.29665			6
2025.03.13	00:58:53.219	1.29614				2
2025.03.13	00:59:00.004	1.29614				2
2025.03.13	00:59:01.859	1.29613				2
2025.03.13	00:59:20.672	1.29609				2
2025.03.13	00:59:24.373		1.29664			4
2025.03.13	00:59:24.674		1.29665			4
2025.03.13	00:59:24.983		1.29664			4
2025.03.13	00:59:27.146	1.29606				2
2025.03.13	00:59:27.764	1.29607	1.29665			6
2025.03.13	00:59:29.608	1.29608				2
2025.03.13	00:59:33.305	1.29607				2
2025.03.13	00:59:35.154	1.29609				2
2025.03.13	00:59:35.462	1.29611	1.29664			6
2025.03.13	00:59:37.308		1.29663			4
2025.03.13	00:59:38.236		1.29664			4
2025.03.13	00:59:42.241		1.29663			4
2025.03.13	00:59:44.706		1.29662			4
2025.03.13	00:59:45.937	1.29614				2
2025.03.13	00:59:49.641	1.29617	1.29665			6
2025.03.13	00:59:53.028	1.29613	1.29663			6
2025.03.13	00:59:53.342		1.29664			4
2025.03.13	00:59:53.955	1.29616				2
2025.03.13	00:59:54.266	1.29618				2
2025.03.13	00:59:54.577		1.29665			4
2025.03.13	00:59:54.887	1.29616				2
2025.03.13	00:59:56.109		1.29666			4
2025.03.13	00:59:56.413	1.29609	1.29664			6
2025.03.13	00:59:58.270		1.29665			4
2025.03.13	01:00:00.117	1.29618	1.29658			6
2025.03.13	01:00:00.422	1.29615	1.29655			6
2025.03.13	01:00:00.726	1.29616	1.29658			6
2025.03.13	01:00:01.032		1.29660			4
2025.03.13	01:00:01.341	1.29620	1.29656			6
2025.03.13	01:00:01.648	1.29619	1.29653			6
2025.03.13	01:00:02.255	1.29621	1.29654			6
2025.03.13	01:00:02.562	1.29619	1.29653			6
2025.03.13	01:00:02.865		1.29652			4
2025.03.13	01:00:03.167		1.29651			4
2025.03.13	01:00:03.477	1.29617				2
2025.03.13	01:00:03.783	1.29618	1.29653			6
2025.03.13	01:00:04.088	1.29615				2
2025.03.13	01:00:04.397		1.29654			4
2025.03.13	01:00:04.699		1.29652			4
2025.03.13	01:00:05.004	1.29616				2
2025.03.13	01:00:05.316	1.29615	1.29653			6
2025.03.13	01:00:05.627		1.29651			4
2025.03.13	01:00:05.933		1.29653			4
2025.03.13	01:00:06.236	1.29616	1.29655			6
2025.03.13	01:00:06.539	1.29615	1.29654			6
2025.03.13	01:00:06.850	1.29616				2
2025.03.13	01:00:07.158		1.29656			4
2025.03.13	01:00:07.467		1.29655			4
2025.03.13	01:00:07.774		1.29654			4
2025.03.13	01:00:08.084		1.29652			4
2025.03.13	01:00:08.393		1.29654			4
2025.03.13	01:00:08.704		1.29655			4
2025.03.13	01:00:09.011		1.29653			4
2025.03.13	01:00:10.256		1.29652			4
2025.03.13	01:00:11.472	1.29617	1.29653			6
2025.03.13	01:00:11.776		1.29652			4
2025.03.13	01:00:12.381	1.29630	1.29639			6
2025.03.13	01:00:12.684	1.29619	1.29652			6
2025.03.13	01:00:12.988		1.29651			4
2025.03.13	01:00:14.217		1.29652			4
2025.03.13	01:00:14.524	1.29620	1.29653			6
2025.03.13	01:00:14.834	1.29634	1.29646			6
2025.03.13	01:00:15.136	1.29632	1.29634			6
2025.03.13	01:00:15.450	1.29634	1.29635			6
2025.03.13	01:00:16.057	1.29632	1.29634			6
2025.03.13	01:00:17.288	1.29636	1.29637			6
2025.03.13	01:00:17.592	1.29639	1.29643			6
2025.03.13	01:00:18.197	1.29643	1.29644			6
2025.03.13	01:00:33.772	1.29642	1.29643			6
2025.03.13	01:00:36.520		1.29648			4
2025.03.13	01:00:37.430		1.29647			4
2025.03.13	01:00:38.037		1.29648			4
2025.03.13	01:00:40.184		1.29645			4
2025.03.13	01:00:41.109		1.29646			4
2025.03.13	01:00:42.929		1.29647			4
2025.03.13	01:00:44.161		1.29646			4
2025.03.13	01:00:45.694		1.29645			4
2025.03.13	01:00:46.001	1.29646	1.29647			6
2025.03.13	01:00:46.305	1.29649	1.29650			6
2025.03.13	01:00:57.154	1.29651	1.29652			6
2025.03.13	01:00:59.296	1.29655	1.29658			6
2025.03.13	01:00:59.601	1.29652	1.29656			6
2025.03.13	01:01:00.211	1.29653	1.29658			6
2025.03.13	01:01:02.359	1.29651	1.29653			6
2025.03.13	01:01:02.663	1.29652				2
2025.03.13	01:01:06.042	1.29647	1.29649			6
2025.03.13	01:01:06.651	1.29648				2
2025.03.13	01:01:07.569	1.29649	1.29650			6
2025.03.13	01:01:20.097	1.29650	1.29651			6
2025.03.13	01:01:21.944	1.29649	1.29650			6
2025.03.13	01:01:22.550	1.29648	1.29649			6
2025.03.13	01:01:23.460	1.29649	1.29650			6
2025.03.13	01:01:25.884	1.29648	1.29649			6
2025.03.13	01:01:26.187	1.29649	1.29650			6
2025.03.13	01:01:26.491	1.29648	1.29649			6
2025.03.13	01:01:26.795	1.29649	1.29650			6
2025.03.13	01:01:27.721	1.29648	1.29649			6
2025.03.13	01:01:28.331	1.29649	1.29650			6
2025.03.13	01:01:28.645	1.29648	1.29649			6
2025.03.13	01:01:30.483	1.29649	1.29650			6
2025.03.13	01:01:31.099	1.29648	1.29649			6
2025.03.13	01:01:32.021	1.29649	1.29650			6
2025.03.13	01:01:43.338	1.29650	1.29651			6
2025.03.13	01:01:47.016	1.29649	1.29650			6
2025.03.13	01:01:59.237	1.29648				2
2025.03.13	01:02:00.152	1.29648				2
2025.03.13	01:02:05.369		1.29651			4
2025.03.13	01:02:06.285	1.29649				2
2025.03.13	01:02:07.196	1.29648				2
2025.03.13	01:02:20.365	1.29649				2
2025.03.13	01:02:23.088	1.29648				2
2025.03.13	01:02:25.220	1.29649				2
2025.03.13	01:02:34.100	1.29650				2
2025.03.13	01:02:34.407	1.29651	1.29652			6
2025.03.13	01:02:35.021	1.29650	1.29651			6
2025.03.13	01:02:35.325	1.29649				2
2025.03.13	01:02:38.992	1.29651	1.29652			6
2025.03.13	01:02:39.919	1.29649	1.29651			6
2025.03.13	01:02:41.135	1.29650				2
2025.03.13	01:02:48.777		1.29653			4
2025.03.13	01:02:51.823		1.29652			4
2025.03.13	01:02:54.903	1.29649				2
2025.03.13	01:02:55.829	1.29650				2
2025.03.13	01:03:00.113	1.29650				2
2025.03.13	01:03:04.385	1.29649				2
2025.03.13	01:03:05.005	1.29650				2
2025.03.13	01:03:05.918	1.29649				2
2025.03.13	01:03:06.222		1.29653			4
2025.03.13	01:03:07.439	1.29650	1.29652			6
2025.03.13	01:03:08.348	1.29651	1.29655			6
2025.03.13	01:03:09.267	1.29652	1.29656			6
2025.03.13	01:03:14.439	1.29658	1.29659			6
2025.03.13	01:03:16.288	1.29657	1.29658			6
2025.03.13	01:03:20.908	1.29658	1.29659			6
2025.03.13	01:03:21.214	1.29657	1.29658			6
2025.03.13	01:03:28.306	1.29658	1.29659			6
2025.03.13	01:03:30.770	1.29652	1.29657			6
2025.03.13	01:03:35.102	1.29651	1.29655			6
2025.03.13	01:03:35.723	1.29652	1.29657			6
2025.03.13	01:03:36.647	1.29651				2
2025.03.13	01:03:39.420	1.29653				2
2025.03.13	01:03:39.724	1.29652				2
2025.03.13	01:03:40.335	1.29651				2
2025.03.13	01:03:43.112	1.29650	1.29656			6
2025.03.13	01:03:43.731	1.29651	1.29657			6
2025.03.13	01:03:47.109	1.29652				2
2025.03.13	01:03:47.721	1.29653				2
2025.03.13	01:03:48.025	1.29652				2
2025.03.13	01:03:48.328	1.29651				2
2025.03.13	01:03:49.253	1.29655				2
2025.03.13	01:03:49.554	1.29657	1.29658			6
2025.03.13	01:03:50.472	1.29658	1.29659			6
2025.03.13	01:03:56.945	1.29657	1.29658			6
2025.03.13	01:03:58.800	1.29658	1.29659			6
2025.03.13	01:04:00.031	1.29658				2
2025.03.13	01:04:03.406	1.29660	1.29662			6
2025.03.13	01:04:04.026	1.29659				2
2025.03.13	01:04:05.260		1.29665			4
2025.03.13	01:04:18.821	1.29660	1.29666			6
2025.03.13	01:04:19.744	1.29659	1.29665			6
2025.03.13	01:04:21.282	1.29660	1.29666			6
2025.03.13	01:04:21.591	1.29662				2
2025.03.13	01:04:22.205	1.29660				2
2025.03.13	01:04:24.070	1.29659	1.29665			6
2025.03.13	01:04:24.680	1.29660	1.29666			6
2025.03.13	01:04:27.153	1.29659	1.29665			6
2025.03.13	01:04:28.078	1.29660	1.29666			6
2025.03.13	01:04:34.235	1.29661				2
2025.03.13	01:04:35.155	1.29662				2
2025.03.13	01:04:36.377		1.29667			4
2025.03.13	01:04:37.617	1.29663	1.29668			6
2025.03.13	01:04:48.048	1.29664	1.29669			6
2025.03.13	01:04:48.358	1.29662	1.29667			6
2025.03.13	01:04:51.723	1.29663	1.29668			6
2025.03.13	01:04:52.336	1.29661	1.29666			6
2025.03.13	01:04:55.088	1.29663	1.29668			6
2025.03.13	01:05:00.012	1.29663				2
2025.03.13	01:05:00.322		1.29667			4
2025.03.13	01:05:01.549	1.29661	1.29665			6
2025.03.13	01:05:01.855	1.29663	1.29667			6
2025.03.13	01:05:03.070	1.29664	1.29668			6
2025.03.13	01:05:04.282	1.29663	1.29667			6
2025.03.13	01:05:08.552	1.29662	1.29666			6
2025.03.13	01:05:15.289	1.29663	1.29667			6
2025.03.13	01:05:23.215	1.29662	1.29666			6
2025.03.13	01:05:24.129	1.29663	1.29667			6
2025.03.13	01:05:28.407	1.29662	1.29666			6
2025.03.13	01:05:34.211	1.29664	1.29668			6
2025.03.13	01:05:43.727	1.29663	1.29667			6
2025.03.13	01:05:45.260	1.29664				2
2025.03.13	01:05:52.233	1.29665	1.29668			6
2025.03.13	01:05:54.678	1.29664	1.29667			6
2025.03.13	01:06:00.173	1.29665	1.29668			6
2025.03.13	01:06:01.083	1.29663	1.29666			6
2025.03.13	01:06:02.904	1.29664	1.29667			6
2025.03.13	01:06:04.417	1.29666	1.29669			6
2025.03.13	01:06:05.333	1.29665	1.29668			6
2025.03.13	01:06:05.646	1.29664	1.29667			6
2025.03.13	01:06:06.261	1.29663				2
2025.03.13	01:06:06.563	1.29664	1.29668			6
2025.03.13	01:06:08.104	1.29665				2
2025.03.13	01:06:08.409	1.29664	1.29667			6
2025.03.13	01:06:11.474	1.29665	1.29668			6
2025.03.13	01:06:13.295	1.29664	1.29667			6
2025.03.13	01:06:14.200	1.29665	1.29668			6
2025.03.13	01:06:15.113	1.29664				2
2025.03.13	01:06:16.337	1.29665				2
2025.03.13	01:06:32.250	1.29664	1.29667			6
2025.03.13	01:06:32.555	1.29663	1.29666			6
2025.03.13	01:06:38.311	1.29662	1.29665			6
2025.03.13	01:06:39.223	1.29664	1.29667			6
2025.03.13	01:06:41.344	1.29663	1.29666			6
2025.03.13	01:06:43.180	1.29662	1.29665			6
2025.03.13	01:06:43.489	1.29663	1.29666			6
2025.03.13	01:06:45.332	1.29664	1.29667			6
2025.03.13	01:06:46.261	1.29663	1.29666			6
2025.03.13	01:06:49.964	1.29662	1.29665			6
2025.03.13	01:06:50.277	1.29663	1.29666			6
2025.03.13	01:06:50.889	1.29662	1.29665			6
2025.03.13	01:07:00.141	1.29662				2
2025.03.13	01:07:14.014	1.29663	1.29666			6
2025.03.13	01:07:14.323	1.29662	1.29665			6
2025.03.13	01:07:15.858	1.29664	1.29667			6
2025.03.13	01:07:16.785	1.29663	1.29666			6
2025.03.13	01:07:23.868	1.29662	1.29665			6
2025.03.13	01:07:29.719	1.29661	1.29664			6
2025.03.13	01:07:31.877	1.29662	1.29665			6
2025.03.13	01:07:32.494	1.29663	1.29666			6
2025.03.13	01:07:32.806	1.29662	1.29665			6
2025.03.13	01:07:36.197	1.29663	1.29666			6
2025.03.13	01:07:37.122	1.29661	1.29664			6
2025.03.13	01:07:46.363	1.29662	1.29665			6
2025.03.13	01:07:47.286	1.29663	1.29666			6
2025.03.13	01:07:50.680	1.29662	1.29665			6
2025.03.13	01:07:52.535	1.29663	1.29666			6
2025.03.13	01:07:53.147	1.29662	1.29665			6
2025.03.13	01:07:57.151	1.29663	1.29666			6
2025.03.13	01:08:00.239	1.29663				2
2025.03.13	01:08:02.712	1.29661	1.29664			6
2025.03.13	01:08:05.180	1.29662	1.29665			6
2025.03.13	01:08:16.255	1.29661	1.29664			6
2025.03.13	01:08:26.389	1.29662	1.29665			6
2025.03.13	01:08:27.307	1.29661	1.29664			6
2025.03.13	01:08:28.232	1.29662	1.29665			6
2025.03.13	01:08:35.894	1.29661	1.29664			6
2025.03.13	01:08:36.195	1.29662	1.29665			6
2025.03.13	01:08:46.013	1.29663	1.29666			6
2025.03.13	01:08:47.857	1.29662	1.29665			6
2025.03.13	01:08:49.702	1.29661	1.29664			6
2025.03.13	01:08:50.928	1.29662	1.29665			6
2025.03.13	01:08:53.077	1.29661	1.29664			6
2025.03.13	01:08:58.302	1.29653	1.29655			6
2025.03.13	01:08:58.609	1.29651	1.29652			6
2025.03.13	01:08:58.914	1.29650	1.29651			6
2025.03.13	01:08:59.226	1.29649	1.29650			6
2025.03.13	01:09:00.147	1.29649				2
2025.03.13	01:09:02.300		1.29651			4
2025.03.13	01:09:27.261	1.29650				2
2025.03.13	01:09:33.116	1.29649				2
2025.03.13	01:09:34.340	1.29650				2
2025.03.13	01:09:35.268		1.29655			4
2025.03.13	01:09:35.886		1.29653			4
2025.03.13	01:09:36.197	1.29649				2
2025.03.13	01:09:38.963	1.29648				2
2025.03.13	01:09:40.811	1.29647	1.29652			6
2025.03.13	01:09:45.748	1.29646	1.29651			6
2025.03.13	01:09:56.224	1.29647	1.29652			6
2025.03.13	01:09:58.693	1.29646	1.29651			6
2025.03.13	01:09:59.305		1.29650			4
2025.03.13	01:10:00.230	1.29650	1.29653			6
2025.03.13	01:10:02.389	1.29649				2
2025.03.13	01:10:04.234	1.29650				2
2025.03.13	01:10:07.008	1.29653	1.29657			6
2025.03.13	01:10:07.317	1.29652				2
2025.03.13	01:10:09.166	1.29653	1.29658			6
2025.03.13	01:10:09.784	1.29652	1.29657			6
2025.03.13	01:10:13.473	1.29649	1.29653			6
2025.03.13	01:10:14.401	1.29650				2
2025.03.13	01:10:16.248	1.29649				2
2025.03.13	01:10:19.324	1.29650				2
2025.03.13	01:10:19.949	1.29649				2
2025.03.13	01:10:25.188	1.29650				2
2025.03.13	01:10:28.896	1.29645	1.29650			6
2025.03.13	01:10:29.204	1.29650	1.29653			6
2025.03.13	01:10:29.511	1.29649				2
2025.03.13	01:10:30.127	1.29650				2
2025.03.13	01:10:31.051	1.29651				2
2025.03.13	01:10:34.134	1.29649	1.29654			6
2025.03.13	01:10:34.744	1.29650	1.29655			6
2025.03.13	01:10:39.365	1.29651	1.29652			6
2025.03.13	01:10:39.678	1.29650				2
2025.03.13	01:10:40.290	1.29651				2
2025.03.13	01:10:43.679	1.29650				2
2025.03.13	01:10:50.456	1.29651				2
2025.03.13	01:10:50.764	1.29650	1.29651			6
2025.03.13	01:10:54.151	1.29647				2
2025.03.13	01:10:55.997	1.29646				2
2025.03.13	01:11:00.004	1.29646				2
2025.03.13	01:11:12.318		1.29650			4
2025.03.13	01:11:22.178	1.29647	1.29651			6
2025.03.13	01:11:23.094	1.29646	1.29650			6
2025.03.13	01:11:43.148	1.29647	1.29651			6
2025.03.13	01:11:46.226	1.29648				2
2025.03.13	01:11:47.452	1.29646	1.29649			6
2025.03.13	01:11:47.754	1.29647	1.29650			6
2025.03.13	01:11:48.372	1.29646				2
2025.03.13	01:11:50.542	1.29645	1.29649			6
2025.03.13	01:11:51.159	1.29646	1.29650			6
2025.03.13	01:11:59.173	1.29647				2
2025.03.13	01:11:59.478	1.29651	1.29652			6
2025.03.13	01:12:00.101	1.29650				2
2025.03.13	01:12:02.248	1.29653	1.29656			6
2025.03.13	01:12:02.555	1.29652				2
2025.03.13	01:12:02.865	1.29653				2
2025.03.13	01:12:03.171	1.29652				2
2025.03.13	01:12:04.706	1.29653				2
2025.03.13	01:12:22.557	1.29650	1.29654			6
2025.03.13	01:12:23.168	1.29651	1.29656			6
2025.03.13	01:12:25.328	1.29652				2
2025.03.13	01:12:33.334	1.29651				2
2025.03.13	01:12:33.639	1.29650	1.29655			6
2025.03.13	01:12:34.268	1.29651	1.29656			6
2025.03.13	01:12:34.877		1.29655			4
2025.03.13	01:12:39.506	1.29650				2
2025.03.13	01:12:39.815	1.29651				2
2025.03.13	01:12:45.063	1.29652				2
2025.03.13	01:12:50.620	1.29651				2
2025.03.13	01:12:55.549	1.29652				2
2025.03.13	01:12:55.859	1.29653				2
2025.03.13	01:12:56.479	1.29652				2
2025.03.13	01:13:00.189	1.29652				2
2025.03.13	01:13:03.892	1.29653				2
2025.03.13	01:13:11.263	1.29654				2
2025.03.13	01:13:24.133	1.29655	1.29656			6
2025.03.13	01:13:25.657	1.29654	1.29655			6
2025.03.13	01:13:26.262	1.29655	1.29656			6
2025.03.13	01:13:32.363	1.29654	1.29655			6
2025.03.13	01:13:36.943	1.29655	1.29656			6
2025.03.13	01:13:47.602	1.29651	1.29652			6
2025.03.13	01:13:56.814	1.29650	1.29651			6
2025.03.13	01:14:00.210	1.29650				2
2025.03.13	01:14:02.675	1.29651	1.29652			6
2025.03.13	01:14:03.603	1.29654	1.29655			6
2025.03.13	01:14:03.913	1.29653	1.29654			6
2025.03.13	01:14:04.219		1.29655			4
2025.03.13	01:14:13.460	1.29652				2
2025.03.13	01:14:18.084	1.29654				2
2025.03.13	01:14:18.394	1.29652	1.29654			6
2025.03.13	01:14:41.188	1.29653				2
2025.03.13	01:14:47.319	1.29654	1.29655			6
2025.03.13	01:15:00.181	1.29654				2
2025.03.13	01:15:03.877	1.29653	1.29654			6
2025.03.13	01:15:06.343		1.29655			4
2025.03.13	01:15:10.350	1.29654				2
2025.03.13	01:15:10.660	1.29655	1.29656			6
2025.03.13	01:15:12.823	1.29654	1.29655			6
2025.03.13	01:15:31.301	1.29655	1.29656			6
2025.03.13	01:15:41.726	1.29654	1.29655			6
2025.03.13	01:15:42.345	1.29655	1.29656			6
2025.03.13	01:15:48.174	1.29654	1.29655			6
2025.03.13	01:15:51.552	1.29655	1.29656			6
2025.03.13	01:16:00.137	1.29655				2
2025.03.13	01:16:03.499	1.29654	1.29655			6
2025.03.13	01:16:08.415	1.29653	1.29654			6
2025.03.13	01:16:08.722	1.29654	1.29655			6
2025.03.13	01:16:09.030	1.29653	1.29654			6
2025.03.13	01:16:13.314	1.29654	1.29655			6
2025.03.13	01:16:25.006	1.29658	1.29659			6
2025.03.13	01:16:25.311	1.29655	1.29656			6
2025.03.13	01:16:51.796	1.29659	1.29660			6
2025.03.13	01:16:52.104	1.29656	1.29657			6
2025.03.13	01:16:52.713	1.29658	1.29659			6
2025.03.13	01:16:53.023	1.29657	1.29658			6
2025.03.13	01:16:55.175	1.29656	1.29657			6
2025.03.13	01:17:00.088	1.29656				2
2025.03.13	01:17:02.845	1.29658	1.29659			6
2025.03.13	01:17:03.763	1.29659	1.29660			6
2025.03.13	01:17:04.383	1.29658	1.29659			6
2025.03.13	01:17:07.139	1.29659	1.29660			6
2025.03.13	01:17:07.451	1.29658				2
2025.03.13	01:17:13.280	1.29659				2
2025.03.13	01:17:13.584	1.29657	1.29658			6
2025.03.13	01:17:14.816	1.29656	1.29657			6
2025.03.13	01:17:15.430	1.29657	1.29658			6
2025.03.13	01:17:22.809	1.29659	1.29660			6
2025.03.13	01:17:24.350	1.29658	1.29659			6
2025.03.13	01:17:25.581	1.29659	1.29660			6
2025.03.13	01:17:35.739	1.29658	1.29659			6
2025.03.13	01:17:36.352	1.29659	1.29660			6
2025.03.13	01:17:36.662	1.29658	1.29659			6
2025.03.13	01:17:42.518	1.29660	1.29661			6
2025.03.13	01:17:43.441	1.29659	1.29660			6
2025.03.13	01:17:45.604	1.29660	1.29661			6
2025.03.13	01:17:47.144	1.29656	1.29657			6
2025.03.13	01:17:47.457	1.29655	1.29656			6
2025.03.13	01:17:48.071	1.29656	1.29657			6
2025.03.13	01:17:48.382	1.29655	1.29656			6
2025.03.13	01:17:50.236	1.29656	1.29657			6
2025.03.13	01:17:54.859	1.29655	1.29656			6
2025.03.13	01:17:56.090	1.29656	1.29657			6
2025.03.13	01:18:00.091	1.29656				2
2025.03.13	01:18:00.712	1.29655	1.29656			6
2025.03.13	01:18:03.786	1.29650	1.29654			6
2025.03.13	01:18:04.090	1.29654	1.29655			6
2025.03.13	01:18:09.951	1.29651	1.29654			6
2025.03.13	01:18:14.887	1.29654	1.29655			6
2025.03.13	01:18:26.276	1.29655	1.29656			6
2025.03.13	01:18:35.529	1.29657	1.29658			6
2025.03.13	01:18:36.451	1.29656	1.29657			6
2025.03.13	01:18:36.763	1.29657	1.29658			6
2025.03.13	01:19:00.204	1.29657				2
2025.03.13	01:19:04.218	1.29656	1.29657			6
2025.03.13	01:19:30.697	1.29657	1.29662			6
2025.03.13	01:19:31.011	1.29658	1.29663			6
2025.03.13	01:19:31.318		1.29662			4
2025.03.13	01:19:32.859	1.29657	1.29661			6
2025.03.13	01:19:33.168		1.29662			4
2025.03.13	01:19:34.091	1.29658	1.29663			6
2025.03.13	01:19:35.317	1.29657	1.29662			6
2025.03.13	01:19:37.159	1.29656	1.29661			6
2025.03.13	01:19:37.469	1.29657	1.29662			6
2025.03.13	01:19:37.781	1.29658	1.29663			6
2025.03.13	01:19:42.379	1.29659	1.29664			6
2025.03.13	01:19:42.690	1.29660	1.29665			6
2025.03.13	01:19:42.991	1.29661	1.29666			6
2025.03.13	01:19:43.294	1.29659	1.29665			6
2025.03.13	01:19:47.281	1.29660				2
2025.03.13	01:19:52.170	1.29659	1.29664			6
2025.03.13	01:19:56.167	1.29658	1.29663			6
2025.03.13	01:19:56.475	1.29659	1.29664			6
2025.03.13	01:19:56.780	1.29660	1.29665			6
2025.03.13	01:19:58.325	1.29659	1.29664			6
2025.03.13	01:20:00.165	1.29657	1.29662			6
2025.03.13	01:20:00.472	1.29651	1.29656			6
2025.03.13	01:20:00.779	1.29652	1.29657			6
2025.03.13	01:20:01.083	1.29653	1.29658			6
2025.03.13	01:20:01.390	1.29652	1.29659			6
2025.03.13	01:20:02.929	1.29651	1.29658			6
2025.03.13	01:20:03.238	1.29652	1.29659			6
2025.03.13	01:20:11.853	1.29651	1.29658			6
2025.03.13	01:20:14.305	1.29650	1.29657			6
2025.03.13	01:20:14.918	1.29651	1.29658			6
2025.03.13	01:20:26.018	1.29650	1.29657			6
2025.03.13	01:20:26.324	1.29651	1.29658			6
2025.03.13	01:20:32.189		1.29657			4
2025.03.13	01:20:44.544	1.29652	1.29658			6
2025.03.13	01:20:44.851	1.29651	1.29657			6
2025.03.13	01:20:47.008	1.29652	1.29658			6
2025.03.13	01:20:49.157	1.29653	1.29659			6
2025.03.13	01:20:50.694	1.29652	1.29658			6
2025.03.13	01:20:51.624	1.29653	1.29659			6
2025.03.13	01:20:52.550	1.29652	1.29658			6
2025.03.13	01:20:53.785	1.29654	1.29660			6
2025.03.13	01:20:56.565	1.29653	1.29659			6
2025.03.13	01:21:00.264	1.29653				2
2025.03.13	01:21:00.877	1.29657				2
2025.03.13	01:21:01.189	1.29656	1.29661			6
2025.03.13	01:21:03.966	1.29655				2
2025.03.13	01:21:14.457	1.29656	1.29662			6
2025.03.13	01:21:15.074	1.29655	1.29661			6
2025.03.13	01:21:16.310	1.29656	1.29662			6
2025.03.13	01:21:16.617	1.29655	1.29661			6
2025.03.13	01:21:17.237	1.29656				2
2025.03.13	01:21:20.944	1.29655	1.29660			6
2025.03.13	01:21:21.254	1.29656	1.29661			6
2025.03.13	01:21:33.260	1.29657	1.29662			6
2025.03.13	01:21:34.183	1.29656	1.29661			6
2025.03.13	01:21:35.109	1.29657	1.29662			6
2025.03.13	01:21:39.122		1.29661			4
2025.03.13	01:21:40.650		1.29659			4
2025.03.13	01:21:40.959		1.29660			4
2025.03.13	01:21:41.564		1.29661			4
2025.03.13	01:21:42.176		1.29659			4
2025.03.13	01:21:42.478		1.29661			4
2025.03.13	01:21:42.778		1.29659			4
2025.03.13	01:21:43.083	1.29656				2
2025.03.13	01:21:44.001	1.29657	1.29660			6
2025.03.13	01:21:44.313	1.29656				2
2025.03.13	01:21:46.140	1.29657	1.29661			6
2025.03.13	01:21:59.277	1.29656	1.29660			6
2025.03.13	01:21:59.578	1.29657	1.29661			6
2025.03.13	01:22:00.185	1.29657				2
2025.03.13	01:22:02.023	1.29656	1.29660			6
2025.03.13	01:22:06.304	1.29657				2
2025.03.13	01:22:09.668	1.29658	1.29661			6
2025.03.13	01:22:20.664	1.29657	1.29660			6
2025.03.13	01:22:22.800	1.29658	1.29661			6
2025.03.13	01:22:25.532	1.29657	1.29660			6
2025.03.13	01:22:26.744	1.29658	1.29661			6
2025.03.13	01:22:29.514	1.29657	1.29660			6
2025.03.13	01:22:32.258	1.29658	1.29661			6
2025.03.13	01:22:34.075	1.29657	1.29660			6
2025.03.13	01:22:34.689	1.29658	1.29661			6
2025.03.13	01:22:37.128	1.29655	1.29658			6
2025.03.13	01:22:37.433	1.29654	1.29657			6
2025.03.13	01:22:38.342	1.29653	1.29658			6
2025.03.13	01:22:42.951	1.29652	1.29657			6
2025.03.13	01:22:43.258		1.29656			4
2025.03.13	01:22:44.185		1.29657			4
2025.03.13	01:22:45.410		1.29656			4
2025.03.13	01:22:46.329	1.29653	1.29657			6
2025.03.13	01:22:52.199	1.29652	1.29656			6
2025.03.13	01:22:59.599	1.29653	1.29657			6
2025.03.13	01:23:00.220	1.29653				2
2025.03.13	01:23:07.308	1.29654				2
2025.03.13	01:23:21.065	1.29653	1.29656			6
2025.03.13	01:23:25.618	1.29654	1.29657			6
2025.03.13	01:23:26.236	1.29655	1.29658			6
2025.03.13	01:23:26.848	1.29659	1.29662			6
2025.03.13	01:23:28.376	1.29658	1.29663			6
2025.03.13	01:23:29.608	1.29657	1.29662			6
2025.03.13	01:23:31.768	1.29658	1.29663			6
2025.03.13	01:23:37.325	1.29657	1.29662			6
2025.03.13	01:23:37.629	1.29658	1.29663			6
2025.03.13	01:23:43.180		1.29662			4
2025.03.13	01:23:46.862	1.29656	1.29660			6
2025.03.13	01:23:47.169	1.29657	1.29661			6
2025.03.13	01:23:49.016	1.29658	1.29662			6
2025.03.13	01:24:00.103	1.29658				2
2025.03.13	01:24:02.262	1.29659	1.29663			6
2025.03.13	01:24:03.181	1.29658	1.29662			6
2025.03.13	01:24:04.101	1.29660	1.29664			6
2025.03.13	01:24:05.016	1.29659	1.29663			6
2025.03.13	01:24:07.163	1.29658	1.29662			6
2025.03.13	01:24:07.467	1.29660	1.29664			6
2025.03.13	01:24:07.770	1.29659	1.29663			6
2025.03.13	01:24:08.086	1.29658	1.29662			6
2025.03.13	01:24:08.388	1.29659	1.29663			6
2025.03.13	01:24:09.310	1.29658	1.29662			6
2025.03.13	01:24:09.922	1.29659	1.29663			6
2025.03.13	01:24:10.529	1.29658	1.29662			6
2025.03.13	01:24:11.144	1.29659	1.29663			6
2025.03.13	01:24:12.072	1.29658	1.29662			6
2025.03.13	01:24:12.685	1.29659	1.29663			6
2025.03.13	01:24:13.604	1.29658	1.29662			6
2025.03.13	01:24:17.290	1.29657	1.29661			6
2025.03.13	01:24:17.592	1.29658	1.29662			6
2025.03.13	01:24:18.521	1.29657	1.29661			6
2025.03.13	01:24:22.525	1.29656	1.29660			6
2025.03.13	01:24:22.836	1.29657	1.29661			6
2025.03.13	01:24:24.684	1.29658	1.29662			6
2025.03.13	01:24:26.221	1.29657	1.29661			6
2025.03.13	01:24:27.147	1.29658	1.29662			6
2025.03.13	01:24:28.689	1.29657	1.29661			6
2025.03.13	01:24:31.766	1.29658	1.29662			6
2025.03.13	01:24:32.376	1.29657	1.29661			6
2025.03.13	01:24:32.686	1.29658	1.29662			6
2025.03.13	01:24:32.994	1.29657	1.29661			6
2025.03.13	01:24:41.313	1.29652	1.29656			6
2025.03.13	01:24:42.241	1.29651	1.29658			6
2025.03.13	01:24:48.720	1.29652	1.29659			6
2025.03.13	01:24:52.421	1.29650	1.29657			6
2025.03.13	01:24:57.660	1.29649	1.29656			6
2025.03.13	01:25:00.127	1.29649				2
2025.03.13	01:25:02.594	1.29650	1.29657			6
2025.03.13	01:25:05.979	1.29651	1.29658			6
2025.03.13	01:25:09.372		1.29657			4
2025.03.13	01:25:16.781	1.29650	1.29656			6
2025.03.13	01:25:22.033	1.29649	1.29655			6
2025.03.13	01:25:22.342	1.29648	1.29654			6
2025.03.13	01:25:30.358	1.29649	1.29655			6
2025.03.13	01:25:37.134	1.29650				2
2025.03.13	01:25:48.191		1.29654			4
2025.03.13	01:25:52.487	1.29649	1.29653			6
2025.03.13	01:25:57.387	1.29651	1.29655			6
2025.03.13	01:26:00.118	1.29651				2
2025.03.13	01:26:00.424	1.29652	1.29656			6
2025.03.13	01:26:01.339		1.29657			4
2025.03.13	01:26:02.881	1.29655	1.29659			6
2025.03.13	01:26:03.192	1.29660	1.29667			6
2025.03.13	01:26:03.493	1.29657	1.29664			6
2025.03.13	01:26:03.803	1.29660	1.29667			6
2025.03.13	01:26:04.108	1.29657	1.29664			6
2025.03.13	01:26:08.387	1.29659	1.29666			6
2025.03.13	01:26:23.165	1.29655	1.29662			6
2025.03.13	01:26:33.655	1.29656	1.29663			6
2025.03.13	01:26:38.295	1.29657	1.29664			6
2025.03.13	01:26:41.378	1.29658	1.29665			6
2025.03.13	01:26:42.924	1.29657	1.29664			6
2025.03.13	01:26:45.700	1.29656	1.29663			6
2025.03.13	01:26:51.553	1.29657	1.29664			6
2025.03.13	01:27:00.180	1.29657				2
2025.03.13	01:27:21.394	1.29655	1.29662			6
2025.03.13	01:27:26.305	1.29656	1.29663			6
2025.03.13	01:27:27.541	1.29657	1.29664			6
2025.03.13	01:27:29.377	1.29656	1.29663			6
2025.03.13	01:27:31.520	1.29657	1.29664			6
2025.03.13	01:27:32.751	1.29656	1.29663			6
2025.03.13	01:27:33.671	1.29657	1.29664			6
2025.03.13	01:27:33.978	1.29656	1.29663			6
2025.03.13	01:27:36.127	1.29657				2
2025.03.13	01:27:38.276	1.29656	1.29662			6
2025.03.13	01:27:48.446	1.29655	1.29661			6
2025.03.13	01:27:49.355	1.29656	1.29662			6
2025.03.13	01:27:50.894	1.29655	1.29661			6
2025.03.13	01:27:51.199	1.29656	1.29662			6
2025.03.13	01:27:56.120	1.29657				2
2025.03.13	01:28:00.095	1.29657				2
2025.03.13	01:28:10.198		1.29661			4
2025.03.13	01:28:28.247	1.29658				2
2025.03.13	01:28:30.671	1.29662	1.29665			6
2025.03.13	01:28:30.976	1.29663	1.29666			6
2025.03.13	01:28:31.278	1.29662	1.29665			6
2025.03.13	01:28:32.184	1.29660	1.29666			6
2025.03.13	01:28:32.800	1.29661	1.29667			6
2025.03.13	01:28:40.199	1.29662				2
2025.03.13	01:28:52.200		1.29666			4
2025.03.13	01:28:54.018	1.29657	1.29661			6
2025.03.13	01:28:55.232	1.29656	1.29663			6
2025.03.13	01:28:56.763	1.29655	1.29662			6
2025.03.13	01:28:57.072	1.29656	1.29663			6
2025.03.13	01:28:58.613	1.29657	1.29664			6
2025.03.13	01:28:58.917	1.29656	1.29663			6
2025.03.13	01:29:00.150	1.29656				2
2025.03.13	01:29:02.308		1.29662			4
2025.03.13	01:29:03.230	1.29658	1.29664			6
2025.03.13	01:29:03.533	1.29656	1.29662			6
2025.03.13	01:29:09.689	1.29657	1.29663			6
2025.03.13	01:29:19.242	1.29658				2
2025.03.13	01:29:19.864	1.29657	1.29662			6
2025.03.13	01:29:25.097		1.29661			4
2025.03.13	01:29:25.404	1.29659	1.29664			6
2025.03.13	01:29:25.712	1.29658	1.29663			6
2025.03.13	01:29:35.263		1.29662			4
2025.03.13	01:29:41.977	1.29657	1.29661			6
2025.03.13	01:29:42.279	1.29658	1.29662			6
2025.03.13	01:29:48.989	1.29657	1.29661			6
2025.03.13	01:29:49.610	1.29658	1.29662			6
2025.03.13	01:29:54.177	1.29659				2
2025.03.13	01:29:56.306	1.29658	1.29661			6
2025.03.13	01:29:56.921	1.29659	1.29662			6
2025.03.13	01:29:57.527	1.29658	1.29661			6
2025.03.13	01:29:59.348	1.29659	1.29662			6
2025.03.13	01:30:00.255	1.29659				2
2025.03.13	01:30:02.100	1.29660	1.29663			6
2025.03.13	01:30:05.449	1.29659	1.29662			6
2025.03.13	01:30:07.894	1.29660	1.29663			6
2025.03.13	01:30:11.241	1.29659	1.29662			6
2025.03.13	01:30:14.602	1.29660	1.29663			6
2025.03.13	01:30:16.116	1.29659	1.29662			6
2025.03.13	01:30:16.424	1.29660	1.29663			6
2025.03.13	01:30:23.737	1.29659	1.29662			6
2025.03.13	01:30:25.571	1.29660	1.29663			6
2025.03.13	01:30:26.196	1.29658	1.29661			6
2025.03.13	01:30:26.501	1.29659	1.29662			6
2025.03.13	01:30:26.804	1.29660	1.29663			6
2025.03.13	01:30:29.227	1.29659	1.29662			6
2025.03.13	01:30:29.538	1.29660	1.29663			6
2025.03.13	01:30:31.370	1.29659	1.29662			6
2025.03.13	01:30:36.560	1.29658	1.29661			6
2025.03.13	01:30:38.073	1.29660	1.29663			6
2025.03.13	01:30:40.195	1.29658	1.29661			6
2025.03.13	01:30:45.986	1.29659	1.29662			6
2025.03.13	01:30:48.436	1.29658	1.29661			6
2025.03.13	01:30:50.561	1.29659	1.29662			6
2025.03.13	01:30:54.516	1.29658	1.29661			6
2025.03.13	01:30:54.819	1.29659	1.29662			6
2025.03.13	01:30:55.126	1.29658	1.29661			6
2025.03.13	01:30:58.198	1.29659	1.29662			6
2025.03.13	01:30:58.505	1.29658	1.29661			6
2025.03.13	01:31:00.054	1.29658				2
2025.03.13	01:31:00.978	1.29659	1.29662			6
2025.03.13	01:31:05.903	1.29658	1.29661			6
2025.03.13	01:31:06.219	1.29659	1.29662			6
2025.03.13	01:31:07.144	1.29658	1.29661			6
2025.03.13	01:31:14.211	1.29659	1.29662			6
2025.03.13	01:31:14.520	1.29657	1.29660			6
2025.03.13	01:31:14.827	1.29658	1.29661			6
2025.03.13	01:31:24.945	1.29654	1.29657			6
2025.03.13	01:31:26.175	1.29653				2
2025.03.13	01:31:32.323	1.29654				2
2025.03.13	01:31:40.965	1.29653	1.29656			6
2025.03.13	01:31:41.580	1.29654	1.29657			6
2025.03.13	01:31:53.289	1.29653	1.29656			6
2025.03.13	01:32:00.069	1.29653				2
2025.03.13	01:32:04.991	1.29655	1.29658			6
2025.03.13	01:32:05.306	1.29654	1.29657			6
2025.03.13	01:32:08.079	1.29653	1.29656			6
2025.03.13	01:32:13.324	1.29654	1.29657			6
2025.03.13	01:32:16.095	1.29653	1.29656			6
2025.03.13	01:32:19.177	1.29654	1.29657			6
2025.03.13	01:32:20.719	1.29653	1.29656			6
2025.03.13	01:32:27.519	1.29654	1.29657			6
2025.03.13	01:32:28.444	1.29653	1.29656			6
2025.03.13	01:32:30.603	1.29655	1.29658			6
2025.03.13	01:32:30.912	1.29656	1.29659			6
2025.03.13	01:32:32.448	1.29654	1.29657			6
2025.03.13	01:32:33.684	1.29656	1.29659			6
2025.03.13	01:32:34.303	1.29654	1.29657			6
2025.03.13	01:32:34.919	1.29655	1.29658			6
2025.03.13	01:32:36.153	1.29654	1.29657			6
2025.03.13	01:32:46.618	1.29655	1.29658			6
2025.03.13	01:32:47.851	1.29654	1.29657			6
2025.03.13	01:33:00.159	1.29654				2
2025.03.13	01:33:11.819	1.29653	1.29656			6
2025.03.13	01:33:12.431	1.29654	1.29657			6
2025.03.13	01:33:25.010	1.29653	1.29656			6
2025.03.13	01:33:25.311	1.29654	1.29657			6
2025.03.13	01:33:27.777	1.29653	1.29656			6
2025.03.13	01:33:31.465	1.29654	1.29657			6
2025.03.13	01:33:31.768	1.29655	1.29658			6
2025.03.13	01:33:34.534	1.29654	1.29657			6
2025.03.13	01:34:00.129	1.29654				2
2025.03.13	01:34:07.221	1.29653	1.29656			6
2025.03.13	01:34:08.454	1.29654	1.29657			6
2025.03.13	01:34:12.158	1.29653	1.29656			6
2025.03.13	01:34:14.006	1.29654	1.29657			6
2025.03.13	01:34:15.860	1.29653	1.29656			6
2025.03.13	01:34:16.478	1.29654	1.29657			6
2025.03.13	01:34:19.867	1.29653	1.29656			6
2025.03.13	01:34:20.177	1.29654	1.29657			6
2025.03.13	01:34:29.733	1.29656	1.29659			6
2025.03.13	01:34:30.039	1.29655	1.29658			6
2025.03.13	01:34:33.741	1.29654	1.29657			6
2025.03.13	01:34:42.685	1.29653	1.29656			6
2025.03.13	01:34:43.919	1.29654	1.29657			6
2025.03.13	01:34:49.158	1.29653	1.29656			6
2025.03.13	01:34:53.779	1.29655	1.29658			6
2025.03.13	01:34:57.784	1.29654	1.29657			6
2025.03.13	01:34:58.402	1.29653				2
2025.03.13	01:34:59.331	1.29654				2
2025.03.13	01:35:00.247	1.29654				2
2025.03.13	01:35:31.975	1.29655	1.29658			6
2025.03.13	01:35:33.812	1.29654	1.29657			6
2025.03.13	01:35:42.111	1.29655	1.29658			6
2025.03.13	01:35:54.730	1.29662	1.29665			6
2025.03.13	01:35:55.035	1.29660	1.29663			6
2025.03.13	01:35:55.356	1.29658	1.29665			6
2025.03.13	01:36:00.279	1.29658				2
2025.03.13	01:36:01.204		1.29664			4
2025.03.13	01:36:01.813	1.29662	1.29667			6
2025.03.13	01:36:02.125	1.29664				2
2025.03.13	01:36:03.664	1.29663				2
2025.03.13	01:36:04.899		1.29668			4
2025.03.13	01:36:10.124	1.29670	1.29676			6
2025.03.13	01:36:13.824	1.29669				2
2025.03.13	01:36:30.467	1.29666	1.29673			6
2025.03.13	01:36:31.698	1.29667	1.29674			6
2025.03.13	01:36:34.165	1.29668	1.29675			6
2025.03.13	01:36:38.490	1.29667	1.29674			6
2025.03.13	01:36:43.734	1.29666	1.29673			6
2025.03.13	01:36:48.042	1.29667				2
2025.03.13	01:36:48.348		1.29674			4
2025.03.13	01:36:59.450	1.29668				2
2025.03.13	01:37:00.069	1.29668				2
2025.03.13	01:37:00.686	1.29667				2
2025.03.13	01:37:00.992	1.29666	1.29673			6
2025.03.13	01:37:10.246		1.29672			4
2025.03.13	01:37:11.169		1.29673			4
2025.03.13	01:37:13.318	1.29665	1.29671			6
2025.03.13	01:37:13.623	1.29666	1.29673			6
2025.03.13	01:37:13.925		1.29672			4
2025.03.13	01:37:18.870		1.29673			4
2025.03.13	01:37:21.953	1.29667	1.29674			6
2025.03.13	01:37:22.882	1.29666	1.29671			6
2025.03.13	01:37:23.190	1.29665	1.29672			6
2025.03.13	01:37:25.035		1.29671			4
2025.03.13	01:37:25.654		1.29672			4
2025.03.13	01:37:27.813	1.29666				2
2025.03.13	01:37:33.353	1.29665				2
2025.03.13	01:37:35.206	1.29667				2
2025.03.13	01:37:35.514		1.29673			4
2025.03.13	01:37:39.210		1.29672			4
2025.03.13	01:37:58.012	1.29668	1.29673			6
2025.03.13	01:37:59.858	1.29666	1.29671			6
2025.03.13	01:38:00.163	1.29666				2
2025.03.13	01:38:01.394	1.29662	1.29668			6
2025.03.13	01:38:09.735	1.29663				2
2025.03.13	01:38:12.818	1.29662				2
2025.03.13	01:38:19.903		1.29667			4
2025.03.13	01:38:30.662	1.29663	1.29668			6
2025.03.13	01:38:37.104		1.29667			4
2025.03.13	01:38:51.487	1.29662	1.29666			6
2025.03.13	01:38:52.099	1.29663	1.29667			6
2025.03.13	01:38:57.286	1.29664				2
2025.03.13	01:38:58.196	1.29663	1.29666			6
2025.03.13	01:38:59.123	1.29662				2
2025.03.13	01:39:00.040	1.29662				2
2025.03.13	01:39:00.350	1.29663				2
2025.03.13	01:39:00.657	1.29664	1.29667			6
2025.03.13	01:39:01.264	1.29656	1.29660			6
2025.03.13	01:39:02.174	1.29657	1.29663			6
2025.03.13	01:39:02.480	1.29656	1.29662			6
2025.03.13	01:39:03.708		1.29663			4
2025.03.13	01:39:04.625		1.29662			4
2025.03.13	01:39:04.934		1.29663			4
2025.03.13	01:39:10.451		1.29662			4
2025.03.13	01:39:10.759		1.29663			4
2025.03.13	01:39:13.219		1.29662			4
2025.03.13	01:39:13.832	1.29657	1.29663			6
2025.03.13	01:39:18.752	1.29658				2
2025.03.13	01:39:20.599	1.29657				2
2025.03.13	01:39:25.214	1.29658				2
2025.03.13	01:39:26.138	1.29657				2
2025.03.13	01:39:26.439	1.29658				2
2025.03.13	01:39:27.365	1.29657				2
2025.03.13	01:39:35.060	1.29658				2
2025.03.13	01:39:35.979	1.29657				2
2025.03.13	01:39:39.670	1.29658				2
2025.03.13	01:39:39.970	1.29657				2
2025.03.13	01:39:54.391	1.29658				2
2025.03.13	01:40:00.229	1.29658				2
2025.03.13	01:40:02.075	1.29659				2
2025.03.13	01:40:04.532	1.29658				2
2025.03.13	01:40:09.143		1.29662			4
2025.03.13	01:40:14.646	1.29657	1.29661			6
2025.03.13	01:40:17.091	1.29658	1.29662			6
2025.03.13	01:40:31.176	1.29659				2
2025.03.13	01:40:32.690	1.29660	1.29663			6
2025.03.13	01:40:33.912	1.29659	1.29662			6
2025.03.13	01:40:39.434	1.29660	1.29663			6
2025.03.13	01:40:40.668	1.29659	1.29662			6
2025.03.13	01:40:43.730	1.29660	1.29663			6
2025.03.13	01:40:44.336	1.29659	1.29662			6
2025.03.13	01:41:00.237	1.29659				2
2025.03.13	01:41:05.711	1.29660	1.29663			6
2025.03.13	01:41:11.528	1.29659	1.29662			6
2025.03.13	01:41:11.831	1.29660	1.29663			6
2025.03.13	01:41:17.326	1.29659	1.29662			6
2025.03.13	01:41:22.822	1.29660	1.29663			6
2025.03.13	01:41:38.646	1.29659	1.29662			6
2025.03.13	01:41:40.482	1.29660	1.29663			6
2025.03.13	01:41:59.887	1.29659	1.29662			6
2025.03.13	01:42:00.200	1.29659				2
2025.03.13	01:42:00.814	1.29660	1.29663			6
2025.03.13	01:42:06.986	1.29661				2
2025.03.13	01:42:07.596	1.29659	1.29662			6
2025.03.13	01:42:08.836	1.29658	1.29661			6
2025.03.13	01:42:09.138	1.29659	1.29662			6
2025.03.13	01:42:09.450	1.29660	1.29663			6
2025.03.13	01:42:10.379	1.29659	1.29662			6
2025.03.13	01:42:17.170	1.29660	1.29663			6
2025.03.13	01:42:32.916	1.29659	1.29662			6
2025.03.13	01:42:34.458	1.29660	1.29663			6
2025.03.13	01:42:35.072	1.29659	1.29662			6
2025.03.13	01:42:46.184	1.29655	1.29657			6
2025.03.13	01:42:47.105	1.29654				2
2025.03.13	01:42:51.425	1.29653				2
2025.03.13	01:42:53.271	1.29654				2
2025.03.13	01:42:54.192	1.29653	1.29656			6
2025.03.13	01:42:54.504		1.29657			4
2025.03.13	01:42:58.516	1.29652	1.29656			6
2025.03.13	01:43:00.064	1.29652				2
2025.03.13	01:43:02.224	1.29653				2
2025.03.13	01:43:29.070	1.29652	1.29655			6
2025.03.13	01:43:36.159	1.29653	1.29656			6
2025.03.13	01:43:37.074	1.29652	1.29655			6
2025.03.13	01:43:41.396	1.29653	1.29656			6
2025.03.13	01:43:56.513	1.29654	1.29657			6
2025.03.13	01:43:56.826	1.29653	1.29656			6
2025.03.13	01:44:00.218	1.29653				2
2025.03.13	01:44:05.146	1.29654	1.29657			6
2025.03.13	01:44:05.767	1.29655				2
2025.03.13	01:44:06.689	1.29653	1.29656			6
2025.03.13	01:44:08.250		1.29657			4
2025.03.13	01:44:08.560		1.29656			4
2025.03.13	01:44:15.037		1.29657			4
2025.03.13	01:44:15.351	1.29654	1.29658			6
2025.03.13	01:44:15.658	1.29653	1.29657			6
2025.03.13	01:44:22.427	1.29654	1.29658			6
2025.03.13	01:44:23.652	1.29652	1.29655			6
2025.03.13	01:44:23.962	1.29653	1.29657			6
2025.03.13	01:44:25.195		1.29658			4
2025.03.13	01:44:26.120		1.29657			4
2025.03.13	01:44:26.730	1.29659	1.29663			6
2025.03.13	01:44:27.039	1.29660	1.29664			6
2025.03.13	01:44:27.352	1.29659	1.29665			6
2025.03.13	01:44:35.664	1.29657	1.29663			6
2025.03.13	01:44:36.586		1.29664			4
2025.03.13	01:44:38.743	1.29656	1.29663			6
2025.03.13	01:44:52.306		1.29662			4
2025.03.13	01:44:54.162		1.29663			4
2025.03.13	01:45:00.007	1.29656	1.29662			6
2025.03.13	01:45:01.859		1.29663			4
2025.03.13	01:45:04.312	1.29657	1.29664			6
2025.03.13	01:45:05.866	1.29658	1.29665			6
2025.03.13	01:45:08.636	1.29657	1.29664			6
2025.03.13	01:45:15.414	1.29661	1.29665			6
2025.03.13	01:45:15.718	1.29662				2
2025.03.13	01:45:16.949		1.29667			4
2025.03.13	01:45:19.715	1.29661				2
2025.03.13	01:45:20.339	1.29662				2
2025.03.13	01:45:20.640	1.29661				2
2025.03.13	01:45:22.488	1.29662				2
2025.03.13	01:45:24.654	1.29661				2
2025.03.13	01:45:28.339	1.29662				2
2025.03.13	01:45:29.877	1.29661				2
2025.03.13	01:45:30.495	1.29662				2
2025.03.13	01:45:32.652	1.29659	1.29663			6
2025.03.13	01:45:32.960	1.29658				2
2025.03.13	01:45:38.510	1.29657				2
2025.03.13	01:45:39.436	1.29658				2
2025.03.13	01:45:42.516		1.29665			4
2025.03.13	01:45:45.909	1.29659				2
2025.03.13	01:45:48.677	1.29658				2
2025.03.13	01:45:49.295	1.29657	1.29664			6
2025.03.13	01:45:54.220	1.29658	1.29665			6
2025.03.13	01:45:54.529	1.29657	1.29664			6
2025.03.13	01:45:57.921	1.29658	1.29665			6
2025.03.13	01:46:00.085	1.29658				2
2025.03.13	01:46:10.861	1.29657	1.29664			6
2025.03.13	01:46:12.101	1.29658	1.29665			6
2025.03.13	01:46:12.718	1.29657	1.29664			6
2025.03.13	01:46:15.803	1.29658				2
2025.03.13	01:46:21.358	1.29657				2
2025.03.13	01:46:22.293	1.29658				2
2025.03.13	01:46:30.341	1.29659	1.29665			6
2025.03.13	01:46:31.275	1.29658	1.29664			6
2025.03.13	01:46:35.900	1.29659	1.29665			6
2025.03.13	01:46:36.512	1.29658	1.29664			6
2025.03.13	01:46:38.061		1.29663			4
2025.03.13	01:46:43.330	1.29657				2
2025.03.13	01:46:47.351	1.29658				2
2025.03.13	01:46:50.700	1.29659	1.29664			6
2025.03.13	01:46:51.607	1.29658	1.29663			6
2025.03.13	01:46:52.836	1.29659	1.29664			6
2025.03.13	01:46:56.524	1.29652	1.29657			6
2025.03.13	01:46:57.446	1.29653				2
2025.03.13	01:46:58.368	1.29652				2
2025.03.13	01:46:59.293	1.29651				2
2025.03.13	01:46:59.600	1.29652				2
2025.03.13	01:47:00.219	1.29653				2
2025.03.13	01:47:00.525	1.29652				2
2025.03.13	01:47:01.759	1.29651				2
2025.03.13	01:47:02.065	1.29652				2
2025.03.13	01:47:04.536	1.29651				2
2025.03.13	01:47:05.773	1.29652				2
2025.03.13	01:47:06.081	1.29651				2
2025.03.13	01:47:07.009	1.29652				2
2025.03.13	01:47:08.550	1.29651				2
2025.03.13	01:47:09.171	1.29652				2
2025.03.13	01:47:09.470	1.29651				2
2025.03.13	01:47:10.706	1.29652				2
2025.03.13	01:47:11.022	1.29651				2
2025.03.13	01:47:19.978	1.29652				2
2025.03.13	01:47:20.288	1.29651				2
2025.03.13	01:47:35.710		1.29656			4
2025.03.13	01:47:36.946		1.29657			4
2025.03.13	01:47:39.427	1.29649	1.29653			6
2025.03.13	01:47:39.737	1.29651	1.29655			6
2025.03.13	01:47:44.678	1.29652				2
2025.03.13	01:47:45.910	1.29651				2
2025.03.13	01:47:48.997	1.29650				2
2025.03.13	01:48:00.099	1.29650				2
2025.03.13	01:48:01.946	1.29652				2
2025.03.13	01:48:07.165		1.29656			4
2025.03.13	01:48:07.483		1.29655			4
2025.03.13	01:48:10.265		1.29656			4
2025.03.13	01:48:10.575		1.29655			4
2025.03.13	01:48:11.194		1.29656			4
2025.03.13	01:48:11.504		1.29655			4
2025.03.13	01:48:16.442	1.29651				2
2025.03.13	01:48:32.182	1.29652				2
2025.03.13	01:48:37.690	1.29653				2
2025.03.13	01:48:39.814	1.29652				2
2025.03.13	01:48:40.418	1.29653				2
2025.03.13	01:48:41.326	1.29652	1.29657			6
2025.03.13	01:48:41.628	1.29653				2
2025.03.13	01:48:42.233		1.29658			4
2025.03.13	01:48:44.358		1.29657			4
2025.03.13	01:48:48.333	1.29652	1.29656			6
2025.03.13	01:48:50.802	1.29653	1.29657			6
2025.03.13	01:48:56.612	1.29654	1.29658			6
2025.03.13	01:49:00.271	1.29654				2
2025.03.13	01:49:03.635	1.29653	1.29657			6
2025.03.13	01:49:03.948	1.29654	1.29658			6
2025.03.13	01:49:04.866	1.29653	1.29657			6
2025.03.13	01:49:05.783	1.29654	1.29658			6
2025.03.13	01:49:06.386	1.29655				2
2025.03.13	01:49:07.308	1.29654	1.29657			6
2025.03.13	01:49:13.436	1.29655	1.29658			6
2025.03.13	01:49:13.741	1.29654	1.29657			6
2025.03.13	01:49:29.936		1.29656			4
2025.03.13	01:49:30.245		1.29657			4
2025.03.13	01:49:31.458		1.29656			4
2025.03.13	01:49:31.762		1.29657			4
2025.03.13	01:49:32.076	1.29653	1.29656			6
2025.03.13	01:49:33.899	1.29654	1.29657			6
2025.03.13	01:49:35.737	1.29653	1.29656			6
2025.03.13	01:49:36.948	1.29654	1.29657			6
2025.03.13	01:49:37.553	1.29653	1.29656			6
2025.03.13	01:49:38.169	1.29654	1.29657			6
2025.03.13	01:49:41.223	1.29653	1.29656			6
2025.03.13	01:49:44.585	1.29654	1.29657			6
2025.03.13	01:49:47.042	1.29653	1.29656			6
2025.03.13	01:49:52.842	1.29652	1.29655			6
2025.03.13	01:49:54.056	1.29653	1.29656			6
2025.03.13	01:49:54.982	1.29652	1.29655			6
2025.03.13	01:49:58.051	1.29653	1.29656			6
2025.03.13	01:50:00.198	1.29653				2
2025.03.13	01:50:04.169	1.29654	1.29657			6
2025.03.13	01:50:07.525	1.29655	1.29658			6
2025.03.13	01:50:07.831	1.29654	1.29657			6
2025.03.13	01:50:14.249	1.29655	1.29658			6
2025.03.13	01:50:19.100	1.29656	1.29659			6
2025.03.13	01:50:19.406	1.29655	1.29658			6
2025.03.13	01:50:20.315	1.29656	1.29659			6
2025.03.13	01:50:24.012	1.29655	1.29658			6
2025.03.13	01:50:24.924	1.29656	1.29659			6
2025.03.13	01:50:25.235	1.29655	1.29658			6
2025.03.13	01:50:25.541	1.29656	1.29659			6
2025.03.13	01:50:27.998	1.29660	1.29663			6
2025.03.13	01:50:28.301	1.29659	1.29664			6
2025.03.13	01:50:32.309	1.29660				2
2025.03.13	01:50:33.238	1.29659	1.29663			6
2025.03.13	01:50:47.112	1.29660				2
2025.03.13	01:50:51.712	1.29661	1.29664			6
2025.03.13	01:50:53.250	1.29660	1.29663			6
2025.03.13	01:50:54.175	1.29658	1.29662			6
2025.03.13	01:50:54.487	1.29659	1.29663			6
2025.03.13	01:50:55.410	1.29658	1.29662			6
2025.03.13	01:50:57.261	1.29659	1.29663			6
2025.03.13	01:51:00.040	1.29659				2
2025.03.13	01:51:03.429	1.29660	1.29664			6
2025.03.13	01:51:04.665	1.29659	1.29663			6
2025.03.13	01:51:05.592	1.29660	1.29664			6
2025.03.13	01:51:05.898	1.29659	1.29663			6
2025.03.13	01:51:07.750	1.29660	1.29664			6
2025.03.13	01:51:08.059	1.29659	1.29663			6
2025.03.13	01:51:08.675	1.29660	1.29664			6
2025.03.13	01:51:09.909	1.29659	1.29663			6
2025.03.13	01:51:10.833	1.29660	1.29664			6
2025.03.13	01:51:11.147	1.29659	1.29663			6
2025.03.13	01:51:14.233	1.29660				2
2025.03.13	01:51:16.050	1.29661	1.29664			6
2025.03.13	01:51:18.504	1.29662				2
2025.03.13	01:51:19.430	1.29661				2
2025.03.13	01:51:24.644	1.29660	1.29663			6
2025.03.13	01:51:24.949	1.29661	1.29664			6
2025.03.13	01:51:34.808	1.29663	1.29666			6
2025.03.13	01:51:35.118		1.29665			4
2025.03.13	01:51:39.740	1.29661	1.29664			6
2025.03.13	01:52:00.284	1.29661				2
2025.03.13	01:52:09.205	1.29660	1.29663			6
2025.03.13	01:52:29.934	1.29659	1.29662			6
2025.03.13	01:52:30.861	1.29660	1.29663			6
2025.03.13	01:52:32.103	1.29661	1.29664			6
2025.03.13	01:52:32.414	1.29660	1.29663			6
2025.03.13	01:52:33.338	1.29661	1.29664			6
2025.03.13	01:52:34.262	1.29660	1.29663			6
2025.03.13	01:52:34.877	1.29661	1.29664			6
2025.03.13	01:52:39.202	1.29659	1.29662			6
2025.03.13	01:52:48.147	1.29660	1.29663			6
2025.03.13	01:52:49.386	1.29659	1.29662			6
2025.03.13	01:53:00.215	1.29659				2
2025.03.13	01:53:12.874	1.29651	1.29652			6
2025.03.13	01:53:14.113	1.29649				2
2025.03.13	01:53:14.423		1.29651			4
2025.03.13	01:53:15.349		1.29652			4
2025.03.13	01:53:15.655	1.29650	1.29651			6
2025.03.13	01:53:17.502	1.29645				2
2025.03.13	01:53:18.434	1.29643	1.29649			6
2025.03.13	01:53:21.225	1.29644				2
2025.03.13	01:53:21.531	1.29643				2
2025.03.13	01:53:27.393	1.29644				2
2025.03.13	01:53:31.093	1.29645				2
2025.03.13	01:53:33.884		1.29646			4
2025.03.13	01:53:34.810		1.29649			4
2025.03.13	01:53:37.281	1.29640	1.29642			6
2025.03.13	01:53:37.588	1.29643	1.29649			6
2025.03.13	01:53:38.822	1.29644				2
2025.03.13	01:53:57.321	1.29645				2
2025.03.13	01:54:00.088	1.29645				2
2025.03.13	01:54:01.927	1.29646	1.29652			6
2025.03.13	01:54:02.232	1.29648	1.29654			6
2025.03.13	01:54:03.460	1.29649				2
2025.03.13	01:54:04.072	1.29648				2
2025.03.13	01:54:04.382	1.29649				2
2025.03.13	01:54:06.839	1.29648				2
2025.03.13	01:54:17.305	1.29649				2
2025.03.13	01:54:19.775	1.29648				2
2025.03.13	01:54:22.870	1.29649				2
2025.03.13	01:54:28.432	1.29648				2
2025.03.13	01:54:36.413	1.29649				2
2025.03.13	01:54:36.725	1.29648				2
2025.03.13	01:54:37.337	1.29652	1.29658			6
2025.03.13	01:54:37.647	1.29654	1.29659			6
2025.03.13	01:54:40.414	1.29658	1.29661			6
2025.03.13	01:54:40.721	1.29659	1.29665			6
2025.03.13	01:54:43.181	1.29657	1.29664			6
2025.03.13	01:54:47.517	1.29656	1.29663			6
2025.03.13	01:54:50.303	1.29658	1.29665			6
2025.03.13	01:54:51.534	1.29657	1.29664			6
2025.03.13	01:54:56.769	1.29658	1.29665			6
2025.03.13	01:55:00.155	1.29658				2
2025.03.13	01:55:12.142	1.29659	1.29666			6
2025.03.13	01:55:12.448	1.29658	1.29665			6
2025.03.13	01:55:12.755	1.29659	1.29666			6
2025.03.13	01:55:15.518	1.29658	1.29665			6
2025.03.13	01:55:15.824	1.29659	1.29666			6
2025.03.13	01:55:21.046	1.29660				2
2025.03.13	01:55:22.280	1.29659				2
2025.03.13	01:55:23.509	1.29660				2
2025.03.13	01:55:25.042	1.29659				2
2025.03.13	01:55:29.339	1.29660				2
2025.03.13	01:55:37.318	1.29659				2
2025.03.13	01:55:40.391		1.29665			4
2025.03.13	01:55:41.005	1.29658	1.29664			6
2025.03.13	01:55:42.539	1.29659	1.29665			6
2025.03.13	01:55:43.769	1.29658	1.29664			6
2025.03.13	01:55:48.696	1.29659	1.29665			6
2025.03.13	01:55:51.157	1.29660	1.29666			6
2025.03.13	01:55:51.469	1.29659	1.29665			6
2025.03.13	01:55:53.312	1.29660	1.29666			6
2025.03.13	01:55:53.621	1.29659	1.29665			6
2025.03.13	01:55:53.934	1.29660	1.29666			6
2025.03.13	01:55:57.651	1.29659	1.29665			6
2025.03.13	01:56:00.114	1.29659				2
2025.03.13	01:56:03.829	1.29660	1.29666			6
2025.03.13	01:56:05.381	1.29661				2
2025.03.13	01:56:05.683	1.29660	1.29665			6
2025.03.13	01:56:08.424	1.29659	1.29664			6
2025.03.13	01:56:12.703	1.29660	1.29665			6
2025.03.13	01:56:14.544	1.29661	1.29666			6
2025.03.13	01:56:15.163	1.29660	1.29665			6
2025.03.13	01:56:24.414	1.29662	1.29667			6
2025.03.13	01:56:24.720	1.29661	1.29666			6
2025.03.13	01:56:27.183		1.29665			4
2025.03.13	01:56:42.785	1.29660	1.29664			6
2025.03.13	01:56:55.313	1.29661				2
2025.03.13	01:57:00.195	1.29661				2
2025.03.13	01:57:02.655	1.29662	1.29665			6
2025.03.13	01:57:02.963	1.29661	1.29664			6
2025.03.13	01:57:03.579	1.29662	1.29665			6
2025.03.13	01:57:03.885	1.29661	1.29664			6
2025.03.13	01:57:24.974	1.29660	1.29663			6
2025.03.13	01:57:25.285	1.29661	1.29664			6
2025.03.13	01:57:27.425	1.29660	1.29663			6
2025.03.13	01:57:30.475	1.29661	1.29664			6
2025.03.13	01:57:39.966	1.29660	1.29663			6
2025.03.13	01:57:45.473	1.29657	1.29660			6
2025.03.13	01:57:46.694	1.29658	1.29661			6
2025.03.13	01:57:48.209	1.29657	1.29660			6
2025.03.13	01:57:49.124	1.29658	1.29661			6
2025.03.13	01:58:00.121	1.29657	1.29660			6
2025.03.13	01:58:00.425	1.29665	1.29668			6
2025.03.13	01:58:01.344	1.29663	1.29670			6
2025.03.13	01:58:01.649		1.29668			4
2025.03.13	01:58:28.206	1.29661	1.29667			6
2025.03.13	01:58:32.525	1.29660	1.29666			6
2025.03.13	01:58:37.779	1.29661	1.29667			6
2025.03.13	01:58:38.709	1.29660	1.29666			6
2025.03.13	01:58:39.015	1.29663	1.29667			6
2025.03.13	01:58:43.335		1.29668			4
2025.03.13	01:58:46.413		1.29667			4
2025.03.13	01:58:49.816		1.29668			4
2025.03.13	01:58:52.291		1.29667			4
2025.03.13	01:58:54.749	1.29661	1.29666			6
2025.03.13	01:59:00.003	1.29661				2
2025.03.13	01:59:05.256		1.29665			4
2025.03.13	01:59:06.177	1.29659	1.29663			6
2025.03.13	01:59:07.393		1.29664			4
2025.03.13	01:59:07.696	1.29658	1.29663			6
2025.03.13	01:59:11.088	1.29657	1.29662			6
2025.03.13	01:59:17.267		1.29661			4
2025.03.13	01:59:35.109	1.29658				2
2025.03.13	01:59:39.068	1.29659	1.29662			6
2025.03.13	01:59:40.913	1.29658	1.29661			6
2025.03.13	01:59:47.592	1.29659	1.29662			6
2025.03.13	01:59:48.819	1.29658	1.29661			6
2025.03.13	01:59:59.493	1.29657	1.29660			6
2025.03.13	02:00:00.099	1.29657				2
2025.03.13	02:00:01.329	1.29663	1.29666			6
2025.03.13	02:00:01.639	1.29664	1.29667			6
2025.03.13	02:00:02.252	1.29662	1.29664			6
2025.03.13	02:00:11.200		1.29663			4
2025.03.13	02:00:11.506	1.29660				2
2025.03.13	02:00:14.285	1.29659				2
2025.03.13	02:00:15.518	1.29660				2
2025.03.13	02:00:16.434	1.29654	1.29661			6
2025.03.13	02:00:18.304	1.29653	1.29660			6
2025.03.13	02:00:19.846	1.29654				2
2025.03.13	02:00:21.390		1.29661			4
2025.03.13	02:00:21.699		1.29660			4
2025.03.13	02:00:22.008		1.29661			4
2025.03.13	02:00:38.985	1.29655	1.29662			6
2025.03.13	02:00:39.291	1.29654	1.29661			6
2025.03.13	02:00:39.599	1.29655	1.29662			6
2025.03.13	02:00:40.219	1.29654	1.29661			6
2025.03.13	02:00:52.264	1.29655	1.29662			6
2025.03.13	02:00:52.571	1.29654	1.29661			6
2025.03.13	02:00:52.881	1.29655	1.29662			6
2025.03.13	02:00:55.047	1.29654	1.29661			6
2025.03.13	02:00:57.822	1.29655	1.29662			6
2025.03.13	02:00:59.368	1.29654	1.29661			6
2025.03.13	02:01:00.294	1.29654				2
2025.03.13	02:01:01.211		1.29660			4
2025.03.13	02:01:07.690	1.29663	1.29664			6
2025.03.13	02:01:07.992	1.29668	1.29672			6
2025.03.13	02:01:08.925		1.29673			4
2025.03.13	02:01:17.869	1.29664	1.29671			6
2025.03.13	02:01:18.172		1.29670			4
2025.03.13	02:01:21.575		1.29671			4
2025.03.13	02:01:22.806		1.29670			4
2025.03.13	02:01:23.730		1.29671			4
2025.03.13	02:01:24.038		1.29670			4
2025.03.13	02:01:25.269		1.29671			4
2025.03.13	02:01:26.192	1.29665	1.29672			6
2025.03.13	02:01:27.422	1.29664	1.29671			6
2025.03.13	02:01:32.360		1.29670			4
2025.03.13	02:01:33.280		1.29671			4
2025.03.13	02:01:34.200		1.29670			4
2025.03.13	02:01:36.667		1.29671			4
2025.03.13	02:01:48.388	1.29667	1.29672			6
2025.03.13	02:01:48.693	1.29669	1.29675			6
2025.03.13	02:01:49.625	1.29666	1.29673			6
2025.03.13	02:01:49.939	1.29665	1.29672			6
2025.03.13	02:01:51.169	1.29666	1.29673			6
2025.03.13	02:01:51.480	1.29665	1.29672			6
2025.03.13	02:01:52.407		1.29671			4
2025.03.13	02:01:53.331		1.29672			4
2025.03.13	02:01:53.639		1.29671			4
2025.03.13	02:01:54.259		1.29672			4
2025.03.13	02:01:57.655	1.29668				2
2025.03.13	02:01:57.957	1.29670	1.29676			6
2025.03.13	02:01:58.887		1.29674			4
2025.03.13	02:01:59.509		1.29675			4
2025.03.13	02:01:59.818	1.29669				2
2025.03.13	02:02:00.130	1.29671				2
2025.03.13	02:02:00.432	1.29669				2
2025.03.13	02:02:03.824	1.29670	1.29676			6
2025.03.13	02:02:04.755	1.29671				2
2025.03.13	02:02:07.235		1.29677			4
2025.03.13	02:02:07.549	1.29670	1.29676			6
2025.03.13	02:02:08.164	1.29669	1.29674			6
2025.03.13	02:02:09.396	1.29670				2
2025.03.13	02:02:09.708		1.29675			4
2025.03.13	02:02:10.018		1.29674			4
2025.03.13	02:02:11.866		1.29675			4
2025.03.13	02:02:14.336	1.29668	1.29674			6
2025.03.13	02:02:14.642	1.29670	1.29675			6
2025.03.13	02:02:15.255	1.29667	1.29673			6
2025.03.13	02:02:16.489		1.29674			4
2025.03.13	02:02:17.722		1.29673			4
2025.03.13	02:02:18.032		1.29674			4
2025.03.13	02:02:19.579	1.29668	1.29673			6
2025.03.13	02:02:19.885	1.29666	1.29672			6
2025.03.13	02:02:20.190		1.29671			4
2025.03.13	02:02:22.045	1.29665				2
2025.03.13	02:02:29.464		1.29670			4
2025.03.13	02:02:33.179		1.29671			4
2025.03.13	02:02:35.026		1.29672			4
2025.03.13	02:02:35.947		1.29671			4
2025.03.13	02:02:36.255		1.29672			4
2025.03.13	02:02:36.568		1.29671			4
2025.03.13	02:02:37.178		1.29670			4
2025.03.13	02:02:40.270		1.29671			4
2025.03.13	02:02:40.576		1.29670			4
2025.03.13	02:02:41.199		1.29671			4
2025.03.13	02:02:41.516		1.29670			4
2025.03.13	02:02:42.731		1.29671			4
2025.03.13	02:02:43.353		1.29672			4
2025.03.13	02:02:44.273		1.29671			4
2025.03.13	02:02:46.129		1.29672			4
2025.03.13	02:02:48.578		1.29671			4
2025.03.13	02:02:50.110		1.29672			4
2025.03.13	02:02:50.426		1.29671			4
2025.03.13	02:02:51.958		1.29672			4
2025.03.13	02:02:53.184		1.29671			4
2025.03.13	02:02:53.490		1.29672			4
2025.03.13	02:02:59.321		1.29671			4
2025.03.13	02:03:00.244	1.29665	1.29669			6
2025.03.13	02:03:00.548		1.29670			4
2025.03.13	02:03:01.478		1.29671			4
2025.03.13	02:03:02.099	1.29670	1.29672			6
2025.03.13	02:03:02.408	1.29664	1.29670			6
2025.03.13	02:03:02.712		1.29669			4
2025.03.13	02:03:03.986		1.29670			4
2025.03.13	02:03:04.298		1.29669			4
2025.03.13	02:03:04.604		1.29670			4
2025.03.13	02:03:04.909		1.29669			4
2025.03.13	02:03:08.572		1.29670			4
2025.03.13	02:03:11.343		1.29669			4
2025.03.13	02:03:12.276		1.29668			4
2025.03.13	02:03:12.584		1.29669			4
2025.03.13	02:03:12.894		1.29668			4
2025.03.13	02:03:18.127		1.29669			4
2025.03.13	02:03:18.433		1.29668			4
2025.03.13	02:03:18.743		1.29669			4
2025.03.13	02:03:32.601		1.29668			4
2025.03.13	02:03:32.907		1.29669			4
2025.03.13	02:03:36.601		1.29668			4
2025.03.13	02:03:39.946		1.29669			4
2025.03.13	02:03:40.559		1.29668			4
2025.03.13	02:03:41.488		1.29669			4
2025.03.13	02:03:47.328	1.29665	1.29670			6
2025.03.13	02:03:50.391		1.29669			4
2025.03.13	02:03:52.829		1.29668			4
2025.03.13	02:03:54.369	1.29666	1.29670			6
2025.03.13	02:03:54.981		1.29669			4
2025.03.13	02:03:55.283		1.29670			4
2025.03.13	02:03:55.898	1.29665				2
2025.03.13	02:03:56.205		1.29669			4
2025.03.13	02:03:58.056	1.29666				2
2025.03.13	02:04:00.194	1.29666				2
2025.03.13	02:04:07.510		1.29668			4
2025.03.13	02:04:07.814		1.29669			4
2025.03.13	02:04:20.963	1.29665				2
2025.03.13	02:04:23.409	1.29666				2
2025.03.13	02:04:23.718	1.29664	1.29668			6
2025.03.13	02:04:26.180		1.29667			4
2025.03.13	02:04:28.329		1.29668			4
2025.03.13	02:04:34.711		1.29667			4
2025.03.13	02:04:38.664	1.29665	1.29668			6
2025.03.13	02:04:39.285	1.29664	1.29666			6
2025.03.13	02:04:41.727	1.29665	1.29668			6
2025.03.13	02:04:42.035	1.29664	1.29667			6
2025.03.13	02:04:45.109	1.29663	1.29664			6
2025.03.13	02:04:45.417	1.29661				2
2025.03.13	02:04:46.343	1.29659	1.29663			6
2025.03.13	02:04:46.961	1.29660	1.29664			6
2025.03.13	02:04:47.268	1.29659	1.29663			6
2025.03.13	02:04:47.573	1.29660	1.29664			6
2025.03.13	02:04:47.878	1.29663				2
2025.03.13	02:05:00.157	1.29663				2
2025.03.13	02:05:01.372	1.29661	1.29663			6
2025.03.13	02:05:03.211	1.29663	1.29664			6
2025.03.13	02:05:04.120	1.29660	1.29663			6
2025.03.13	02:05:05.335	1.29661				2
2025.03.13	02:05:05.941	1.29660				2
2025.03.13	02:05:06.246	1.29661	1.29664			6
2025.03.13	02:05:11.456	1.29663				2
2025.03.13	02:05:15.399		1.29665			4
2025.03.13	02:05:19.364		1.29664			4
2025.03.13	02:05:19.668	1.29661				2
2025.03.13	02:05:19.978	1.29662	1.29665			6
2025.03.13	02:05:24.872		1.29664			4
2025.03.13	02:05:28.221		1.29665			4
2025.03.13	02:05:28.529		1.29664			4
2025.03.13	02:05:37.393		1.29665			4
2025.03.13	02:05:40.130		1.29664			4
2025.03.13	02:05:40.434		1.29665			4
2025.03.13	02:05:40.757		1.29664			4
2025.03.13	02:05:41.070		1.29665			4
2025.03.13	02:05:41.385		1.29664			4
2025.03.13	02:05:41.688		1.29665			4
2025.03.13	02:05:44.160		1.29664			4
2025.03.13	02:05:44.774		1.29665			4
2025.03.13	02:05:45.082		1.29664			4
2025.03.13	02:05:45.700		1.29665			4
2025.03.13	02:05:46.007		1.29664			4
2025.03.13	02:05:46.317		1.29665			4
2025.03.13	02:05:47.246		1.29664			4
2025.03.13	02:05:47.551	1.29661				2
2025.03.13	02:05:54.941	1.29662				2
2025.03.13	02:05:56.492	1.29661				2
2025.03.13	02:05:57.424	1.29657	1.29660			6
2025.03.13	02:05:58.042	1.29656	1.29659			6
2025.03.13	02:05:58.968		1.29658			4
2025.03.13	02:05:59.903		1.29659			4
2025.03.13	02:06:00.210	1.29656				2
2025.03.13	02:06:00.518		1.29658			4
2025.03.13	02:06:00.826		1.29659			4
2025.03.13	02:06:01.750	1.29657	1.29661			6
2025.03.13	02:06:02.371	1.29660	1.29663			6
2025.03.13	02:06:02.984	1.29659	1.29661			6
2025.03.13	02:06:03.604		1.29662			4
2025.03.13	02:06:05.460		1.29661			4
2025.03.13	02:06:07.005		1.29662			4
2025.03.13	02:06:07.314		1.29661			4
2025.03.13	02:06:12.247		1.29660			4
2025.03.13	02:06:13.483		1.29661			4
2025.03.13	02:06:14.102		1.29660			4
2025.03.13	02:06:15.954	1.29660	1.29661			6
2025.03.13	02:06:25.516	1.29659	1.29660			6
2025.03.13	02:06:32.608		1.29661			4
2025.03.13	02:06:34.461		1.29660			4
2025.03.13	02:06:35.073		1.29661			4
2025.03.13	02:06:35.694		1.29660			4
2025.03.13	02:06:36.005		1.29661			4
2025.03.13	02:06:36.309		1.29660			4
2025.03.13	02:06:36.620		1.29661			4
2025.03.13	02:06:36.932	1.29660	1.29664			6
2025.03.13	02:06:37.243		1.29665			4
2025.03.13	02:06:38.168		1.29664			4
2025.03.13	02:06:42.479	1.29661				2
2025.03.13	02:06:44.023		1.29663			4
2025.03.13	02:06:44.334		1.29664			4
2025.03.13	02:06:45.264		1.29663			4
2025.03.13	02:06:45.569		1.29664			4
2025.03.13	02:06:46.809		1.29663			4
2025.03.13	02:06:47.113		1.29664			4
2025.03.13	02:06:49.589	1.29655	1.29659			6
2025.03.13	02:06:49.893		1.29658			4
2025.03.13	02:06:50.213		1.29659			4
2025.03.13	02:06:51.133		1.29660			4
2025.03.13	02:06:52.060	1.29656				2
2025.03.13	02:07:00.089	1.29656	1.29659			6
2025.03.13	02:07:00.391		1.29660			4
2025.03.13	02:07:01.318		1.29659			4
2025.03.13	02:07:02.552		1.29660			4
2025.03.13	02:07:03.481		1.29661			4
2025.03.13	02:07:06.567		1.29660			4
2025.03.13	02:07:06.876		1.29661			4
2025.03.13	02:07:08.107	1.29657	1.29662			6
2025.03.13	02:07:09.035	1.29656	1.29661			6
2025.03.13	02:07:16.424	1.29657				2
2025.03.13	02:07:16.730		1.29662			4
2025.03.13	02:07:17.348	1.29658	1.29661			6
2025.03.13	02:07:17.661		1.29662			4
2025.03.13	02:07:18.274	1.29659				2
2025.03.13	02:07:18.580	1.29660	1.29664			6
2025.03.13	02:07:20.734	1.29661	1.29665			6
2025.03.13	02:07:23.507	1.29662				2
2025.03.13	02:07:24.429	1.29663	1.29666			6
2025.03.13	02:07:28.122	1.29662	1.29665			6
2025.03.13	02:07:29.359		1.29666			4
2025.03.13	02:07:31.210		1.29665			4
2025.03.13	02:07:31.518		1.29666			4
2025.03.13	02:07:34.298		1.29665			4
2025.03.13	02:07:36.453		1.29664			4
2025.03.13	02:07:40.145		1.29663			4
2025.03.13	02:07:46.617		1.29664			4
2025.03.13	02:07:52.781		1.29663			4
2025.03.13	02:07:58.324		1.29664			4
2025.03.13	02:07:58.634		1.29663			4
2025.03.13	02:08:00.178	1.29662	1.29664			6
2025.03.13	02:08:01.104	1.29664	1.29665			6
2025.03.13	02:08:06.325	1.29663				2
2025.03.13	02:08:06.637	1.29664				2
2025.03.13	02:08:20.143	1.29667	1.29668			6
2025.03.13	02:08:22.282	1.29666	1.29667			6
2025.03.13	02:08:23.215	1.29667	1.29668			6
2025.03.13	02:08:35.227	1.29664	1.29666			6
2025.03.13	02:08:40.163		1.29665			4
2025.03.13	02:08:46.865	1.29663	1.29664			6
2025.03.13	02:08:47.171		1.29665			4
2025.03.13	02:08:48.087		1.29664			4
2025.03.13	02:08:52.682	1.29657	1.29659			6
2025.03.13	02:08:52.990		1.29658			4
2025.03.13	02:08:54.231		1.29660			4
2025.03.13	02:08:55.152		1.29659			4
2025.03.13	02:09:00.065	1.29657				2
2025.03.13	02:09:04.047	1.29658	1.29661			6
2025.03.13	02:09:16.325		1.29662			4
2025.03.13	02:09:17.245		1.29661			4
2025.03.13	02:09:24.014	1.29647	1.29651			6
2025.03.13	02:09:24.319	1.29648	1.29652			6
2025.03.13	02:09:25.252		1.29653			4
2025.03.13	02:09:25.561		1.29652			4
2025.03.13	02:09:34.172		1.29653			4
2025.03.13	02:09:34.780	1.29649				2
2025.03.13	02:09:35.081	1.29650	1.29655			6
2025.03.13	02:09:35.388		1.29654			4
2025.03.13	02:09:40.593		1.29655			4
2025.03.13	02:09:41.210		1.29654			4
2025.03.13	02:09:41.513		1.29653			4
2025.03.13	02:09:42.133		1.29654			4
2025.03.13	02:09:44.277		1.29653			4
2025.03.13	02:09:51.628		1.29654			4
2025.03.13	02:09:51.938		1.29653			4
2025.03.13	02:09:52.244		1.29652			4
2025.03.13	02:09:52.858		1.29653			4
2025.03.13	02:09:55.936		1.29654			4
2025.03.13	02:09:57.784		1.29653			4
2025.03.13	02:09:58.705	1.29649				2
2025.03.13	02:09:59.013	1.29648	1.29652			6
2025.03.13	02:09:59.322	1.29649	1.29653			6
2025.03.13	02:10:00.239	1.29649				2
2025.03.13	02:10:00.548	1.29648				2
2025.03.13	02:10:03.014		1.29652			4
2025.03.13	02:10:04.247		1.29653			4
2025.03.13	02:10:05.174		1.29652			4
2025.03.13	02:10:05.484		1.29653			4
2025.03.13	02:10:11.325		1.29652			4
2025.03.13	02:10:17.178		1.29651			4
2025.03.13	02:10:19.345		1.29652			4
2025.03.13	02:10:36.001		1.29651			4
2025.03.13	02:10:36.306		1.29652			4
2025.03.13	02:10:39.387		1.29651			4
2025.03.13	02:10:44.285	1.29643	1.29645			6
2025.03.13	02:10:45.207		1.29646			4
2025.03.13	02:10:45.814		1.29647			4
2025.03.13	02:10:46.424	1.29644				2
2025.03.13	02:10:48.263	1.29648	1.29652			6
2025.03.13	02:10:49.186	1.29652	1.29656			6
2025.03.13	02:10:49.489	1.29653	1.29657			6
2025.03.13	02:10:50.418		1.29656			4
2025.03.13	02:10:51.644	1.29650				2
2025.03.13	02:10:51.955	1.29651				2
2025.03.13	02:10:54.106		1.29655			4
2025.03.13	02:10:54.418		1.29656			4
2025.03.13	02:10:55.653		1.29655			4
2025.03.13	02:11:00.280	1.29651				2
2025.03.13	02:11:11.674	1.29650				2
2025.03.13	02:11:11.983	1.29651				2
2025.03.13	02:11:12.589	1.29650				2
2025.03.13	02:11:28.317	1.29651	1.29654			6
2025.03.13	02:11:36.943	1.29653	1.29656			6
2025.03.13	02:11:37.251	1.29654	1.29657			6
2025.03.13	02:11:38.175		1.29656			4
2025.03.13	02:11:44.024	1.29653				2
2025.03.13	02:11:45.252		1.29655			4
2025.03.13	02:11:53.265	1.29652	1.29654			6
2025.03.13	02:11:58.191	1.29648	1.29651			6
2025.03.13	02:12:00.028	1.29648				2
2025.03.13	02:12:01.260		1.29652			4
2025.03.13	02:12:02.488		1.29651			4
2025.03.13	02:12:03.723		1.29652			4
2025.03.13	02:12:04.038		1.29651			4
2025.03.13	02:12:12.032		1.29650			4
2025.03.13	02:12:14.199	1.29643	1.29644			6
2025.03.13	02:12:14.805	1.29644	1.29645			6
2025.03.13	02:12:15.109	1.29648	1.29651			6
2025.03.13	02:12:15.423	1.29647				2
2025.03.13	02:12:16.345		1.29652			4
2025.03.13	02:12:17.880		1.29651			4
2025.03.13	02:12:19.414	1.29646	1.29652			6
2025.03.13	02:12:19.718	1.29645				2
2025.03.13	02:12:24.644	1.29646				2
2025.03.13	02:12:24.945	1.29645	1.29651			6
2025.03.13	02:12:30.484		1.29650			4
2025.03.13	02:12:36.030		1.29649			4
2025.03.13	02:12:38.192		1.29650			4
2025.03.13	02:12:57.291		1.29649			4
2025.03.13	02:13:00.030	1.29645				2
2025.03.13	02:13:04.019	1.29646	1.29650			6
2025.03.13	02:13:10.140	1.29648	1.29651			6
2025.03.13	02:13:21.163	1.29647	1.29650			6
2025.03.13	02:13:21.464	1.29646	1.29649			6
2025.03.13	02:13:26.050	1.29643	1.29644			6
2025.03.13	02:13:26.352	1.29642				2
2025.03.13	02:13:35.272		1.29643			4
2025.03.13	02:13:35.887	1.29640				2
2025.03.13	02:13:36.189		1.29642			4
2025.03.13	02:13:39.278	1.29641	1.29644			6
2025.03.13	02:13:40.205	1.29643				2
2025.03.13	02:13:41.746		1.29645			4
2025.03.13	02:13:42.367		1.29646			4
2025.03.13	02:13:43.286		1.29645			4
2025.03.13	02:13:47.610	1.29642				2
2025.03.13	02:14:00.169	1.29642				2
2025.03.13	02:14:10.253	1.29643				2
2025.03.13	02:14:17.582		1.29644			4
2025.03.13	02:14:19.110		1.29646			4
2025.03.13	02:14:32.281	1.29642	1.29645			6
2025.03.13	02:14:35.340	1.29643	1.29646			6
2025.03.13	02:14:36.565	1.29642	1.29645			6
2025.03.13	02:14:58.094	1.29636	1.29639			6
2025.03.13	02:15:00.247	1.29636				2
2025.03.13	02:15:06.383	1.29637				2
2025.03.13	02:15:06.688	1.29636				2
2025.03.13	02:15:19.933	1.29639	1.29642			6
2025.03.13	02:15:20.237	1.29638	1.29641			6
2025.03.13	02:15:21.161		1.29642			4
2025.03.13	02:15:22.687	1.29636	1.29640			6
2025.03.13	02:15:24.232	1.29637				2
2025.03.13	02:15:24.540		1.29641			4
2025.03.13	02:15:32.223		1.29640			4
2025.03.13	02:15:32.844	1.29636				2
2025.03.13	02:15:33.149	1.29637				2
2025.03.13	02:15:34.377	1.29636	1.29639			6
2025.03.13	02:15:45.519	1.29637	1.29640			6
2025.03.13	02:15:46.433	1.29636	1.29637			6
2025.03.13	02:15:46.735	1.29637	1.29640			6
2025.03.13	02:15:47.047	1.29636	1.29639			6
2025.03.13	02:15:47.356	1.29637	1.29640			6
2025.03.13	02:15:47.964	1.29638	1.29641			6
2025.03.13	02:15:48.268	1.29636	1.29639			6
2025.03.13	02:15:48.573	1.29637	1.29640			6
2025.03.13	02:15:50.113	1.29636	1.29639			6
2025.03.13	02:15:51.339	1.29637	1.29640			6
2025.03.13	02:15:51.646	1.29638	1.29641			6
2025.03.13	02:15:56.548	1.29641	1.29644			6
2025.03.13	02:15:57.160	1.29640				2
2025.03.13	02:15:58.698	1.29642	1.29646			6
2025.03.13	02:16:00.231	1.29642				2
2025.03.13	02:16:02.075	1.29643	1.29647			6
2025.03.13	02:16:10.074	1.29642	1.29644			6
2025.03.13	02:16:11.319		1.29645			4
2025.03.13	02:16:12.241		1.29644			4
2025.03.13	02:16:17.789	1.29643	1.29647			6
2025.03.13	02:16:18.402		1.29648			4
2025.03.13	02:16:21.184	1.29644				2
2025.03.13	02:16:21.492	1.29643				2
2025.03.13	02:16:23.021		1.29647			4
2025.03.13	02:16:25.186		1.29646			4
2025.03.13	02:16:27.653	1.29642				2
2025.03.13	02:16:33.814		1.29645			4
2025.03.13	02:16:38.716	1.29644	1.29647			6
2025.03.13	02:16:39.340	1.29642	1.29646			6
2025.03.13	02:16:39.653	1.29643	1.29647			6
2025.03.13	02:16:39.959	1.29642	1.29646			6
2025.03.13	02:16:41.188	1.29643				2
2025.03.13	02:16:42.112	1.29642	1.29645			6
2025.03.13	02:16:43.026	1.29643	1.29646			6
2025.03.13	02:16:44.264		1.29645			4
2025.03.13	02:16:47.656		1.29646			4
2025.03.13	02:16:48.273		1.29645			4
2025.03.13	02:16:58.118	1.29644	1.29647			6
2025.03.13	02:16:59.345	1.29645	1.29648			6
2025.03.13	02:17:00.273	1.29644	1.29647			6
2025.03.13	02:17:04.288		1.29646			4
2025.03.13	02:17:04.903	1.29642	1.29644			6
2025.03.13	02:17:07.064		1.29645			4
2025.03.13	02:17:07.683		1.29644			4
2025.03.13	02:17:08.606	1.29635	1.29639			6
2025.03.13	02:17:08.913	1.29636	1.29638			6
2025.03.13	02:17:09.220		1.29640			4
2025.03.13	02:17:15.696	1.29638	1.29643			6
2025.03.13	02:17:32.665	1.29636	1.29642			6
2025.03.13	02:17:34.202	1.29635	1.29638			6
2025.03.13	02:17:34.506		1.29639			4
2025.03.13	02:17:34.817	1.29634	1.29637			6
2025.03.13	02:17:35.432	1.29635	1.29638			6
2025.03.13	02:17:49.317		1.29639			4
2025.03.13	02:17:49.626		1.29640			4
2025.03.13	02:17:50.244	1.29636				2
2025.03.13	02:17:52.093	1.29637				2
2025.03.13	02:17:52.711		1.29641			4
2025.03.13	02:17:53.018		1.29639			4
2025.03.13	02:17:57.020		1.29640			4
2025.03.13	02:17:57.328		1.29641			4
2025.03.13	02:17:57.952		1.29640			4
2025.03.13	02:17:59.200		1.29641			4
2025.03.13	02:17:59.509		1.29640			4
2025.03.13	02:18:00.126	1.29637				2
2025.03.13	02:18:00.746		1.29641			4
2025.03.13	02:18:04.140	1.29636	1.29640			6
2025.03.13	02:18:04.446	1.29637	1.29641			6
2025.03.13	02:18:07.529	1.29635	1.29640			6
2025.03.13	02:18:11.232		1.29639			4
2025.03.13	02:18:15.191		1.29638			4
2025.03.13	02:18:16.100		1.29639			4
2025.03.13	02:18:20.962		1.29638			4
2025.03.13	02:18:24.920	1.29633	1.29636			6
2025.03.13	02:18:29.238		1.29637			4
2025.03.13	02:18:29.547		1.29636			4
2025.03.13	02:18:51.563	1.29632	1.29635			6
2025.03.13	02:18:52.775		1.29634			4
2025.03.13	02:18:53.394		1.29635			4
2025.03.13	02:18:54.007	1.29625	1.29628			6
2025.03.13	02:18:54.309	1.29623	1.29625			6
2025.03.13	02:18:54.612		1.29624			4
2025.03.13	02:18:55.218		1.29625			4
2025.03.13	02:18:55.527	1.29621	1.29626			6
2025.03.13	02:18:55.831		1.29625			4
2025.03.13	02:19:00.146	1.29621	1.29622			6
2025.03.13	02:19:09.383	1.29620	1.29621			6
2025.03.13	02:19:10.924	1.29619				2
2025.03.13	02:19:11.227	1.29616	1.29619			6
2025.03.13	02:19:11.538	1.29617				2
2025.03.13	02:19:11.849		1.29621			4
2025.03.13	02:19:13.393	1.29616				2
2025.03.13	02:19:14.317	1.29617				2
2025.03.13	02:19:15.545	1.29616				2
2025.03.13	02:19:15.854	1.29617				2
2025.03.13	02:19:16.162		1.29620			4
2025.03.13	02:19:18.627		1.29619			4
2025.03.13	02:19:22.312	1.29618				2
2025.03.13	02:19:26.948		1.29621			4
2025.03.13	02:19:27.263	1.29617	1.29619			6
2025.03.13	02:19:29.717		1.29621			4
2025.03.13	02:19:30.031	1.29618				2
2025.03.13	02:19:30.962		1.29620			4
2025.03.13	02:19:33.424		1.29621			4
2025.03.13	02:19:35.275		1.29619			4
2025.03.13	02:19:35.583		1.29621			4
2025.03.13	02:19:36.192		1.29620			4
2025.03.13	02:19:44.206		1.29621			4
2025.03.13	02:19:46.657		1.29619			4
2025.03.13	02:19:48.804		1.29621			4
2025.03.13	02:19:49.111		1.29619			4
2025.03.13	02:19:49.418	1.29619	1.29621			6
2025.03.13	02:19:50.030	1.29618				2
2025.03.13	02:19:50.337	1.29619				2
2025.03.13	02:19:52.484	1.29618				2
2025.03.13	02:19:53.404		1.29619			4
2025.03.13	02:19:54.630		1.29621			4
2025.03.13	02:19:55.555		1.29619			4
2025.03.13	02:19:55.863		1.29621			4
2025.03.13	02:19:56.163	1.29619				2
2025.03.13	02:19:59.531	1.29618				2
2025.03.13	02:20:00.141	1.29618				2
2025.03.13	02:20:00.748		1.29619			4
2025.03.13	02:20:01.052		1.29620			4
2025.03.13	02:20:02.282	1.29619				2
2025.03.13	02:20:03.506	1.29618	1.29619			6
2025.03.13	02:20:04.427	1.29619	1.29620			6
2025.03.13	02:20:06.267		1.29621			4
2025.03.13	02:20:07.495	1.29620				2
2025.03.13	02:20:08.106	1.29621	1.29622			6
2025.03.13	02:20:11.179	1.29624	1.29625			6
2025.03.13	02:20:12.102	1.29623	1.29624			6
2025.03.13	02:20:14.864	1.29622				2
2025.03.13	02:20:15.173		1.29623			4
2025.03.13	02:20:15.478	1.29621				2
2025.03.13	02:20:18.237	1.29622				2
2025.03.13	02:20:18.852	1.29621				2
2025.03.13	02:20:19.162		1.29624			4
2025.03.13	02:20:21.310	1.29622				2
2025.03.13	02:20:21.924		1.29623			4
2025.03.13	02:20:26.209	1.29623	1.29624			6
2025.03.13	02:20:37.524	1.29626	1.29628			6
2025.03.13	02:20:40.276		1.29629			4
2025.03.13	02:20:40.886		1.29628			4
2025.03.13	02:20:41.197		1.29629			4
2025.03.13	02:20:42.732	1.29625	1.29627			6
2025.03.13	02:20:43.039	1.29626	1.29628			6
2025.03.13	02:20:43.354		1.29629			4
2025.03.13	02:20:43.966		1.29628			4
2025.03.13	02:20:44.268		1.29629			4
2025.03.13	02:20:46.099		1.29628			4
2025.03.13	02:20:46.412		1.29629			4
2025.03.13	02:20:47.944	1.29625	1.29626			6
2025.03.13	02:20:48.551	1.29626	1.29629			6
2025.03.13	02:20:49.158		1.29628			4
2025.03.13	02:20:49.459		1.29629			4
2025.03.13	02:20:51.286	1.29627				2
2025.03.13	02:20:53.742	1.29626				2
2025.03.13	02:20:54.349	1.29627				2
2025.03.13	02:20:54.655	1.29626				2
2025.03.13	02:20:54.964	1.29627				2
2025.03.13	02:20:55.582	1.29626	1.29627			6
2025.03.13	02:20:57.432		1.29629			4
2025.03.13	02:20:59.251		1.29628			4
2025.03.13	02:20:59.553		1.29629			4
2025.03.13	02:21:00.166	1.29626	1.29628			6
2025.03.13	02:21:00.476		1.29629			4
2025.03.13	02:21:02.311		1.29628			4
2025.03.13	02:21:02.623		1.29629			4
2025.03.13	02:21:03.532	1.29627				2
2025.03.13	02:21:05.051		1.29628			4
2025.03.13	02:21:05.352		1.29629			4
2025.03.13	02:21:06.567	1.29626	1.29628			6
2025.03.13	02:21:06.869	1.29627	1.29629			6
2025.03.13	02:21:07.172	1.29626				2
2025.03.13	02:21:08.705		1.29628			4
2025.03.13	02:21:09.013		1.29629			4
2025.03.13	02:21:09.937	1.29627	1.29630			6
2025.03.13	02:21:10.238	1.29626	1.29629			6
2025.03.13	02:21:11.750		1.29628			4
2025.03.13	02:21:12.053		1.29629			4
2025.03.13	02:21:13.891		1.29628			4
2025.03.13	02:21:14.193		1.29629			4
2025.03.13	02:21:20.611	1.29625	1.29626			6
2025.03.13	02:21:21.227	1.29626	1.29629			6
2025.03.13	02:21:22.754	1.29627				2
2025.03.13	02:21:23.672	1.29626				2
2025.03.13	02:21:34.988	1.29627	1.29628			6
2025.03.13	02:21:39.902		1.29629			4
2025.03.13	02:21:46.937		1.29628			4
2025.03.13	02:21:47.544		1.29629			4
2025.03.13	02:21:51.799	1.29626				2
2025.03.13	02:21:53.919	1.29627				2
2025.03.13	02:21:54.527		1.29628			4
2025.03.13	02:21:58.506	1.29626	1.29627			6
2025.03.13	02:21:58.811	1.29627	1.29628			6
2025.03.13	02:22:00.035	1.29627				2
2025.03.13	02:22:04.043	1.29626	1.29627			6
2025.03.13	02:22:10.804	1.29627	1.29628			6
2025.03.13	02:22:12.973	1.29626	1.29627			6
2025.03.13	02:22:14.209	1.29627	1.29628			6
2025.03.13	02:22:34.255	1.29626	1.29627			6
2025.03.13	02:22:41.648	1.29627	1.29628			6
2025.03.13	02:22:42.570	1.29628	1.29631			6
2025.03.13	02:22:42.872	1.29630				2
2025.03.13	02:22:46.588		1.29632			4
2025.03.13	02:22:49.359	1.29631				2
2025.03.13	02:22:54.283	1.29630	1.29631			6
2025.03.13	02:22:54.586	1.29627	1.29628			6
2025.03.13	02:23:00.143	1.29627				2
2025.03.13	02:23:12.460		1.29629			4
2025.03.13	02:23:21.475	1.29626	1.29627			6
2025.03.13	02:23:22.093	1.29627	1.29629			6
2025.03.13	02:23:26.101	1.29628				2
2025.03.13	02:23:27.023	1.29627				2
2025.03.13	02:23:28.260	1.29626	1.29627			6
2025.03.13	02:23:30.108		1.29628			4
2025.03.13	02:23:30.726	1.29627				2
2025.03.13	02:23:31.040		1.29629			4
2025.03.13	02:23:32.577		1.29628			4
2025.03.13	02:23:32.882	1.29626	1.29627			6
2025.03.13	02:23:33.184	1.29627	1.29629			6
2025.03.13	02:23:33.504	1.29628				2
2025.03.13	02:23:35.667	1.29627				2
2025.03.13	02:23:35.976	1.29628				2
2025.03.13	02:23:36.286	1.29627				2
2025.03.13	02:23:36.588	1.29628				2
2025.03.13	02:23:36.896	1.29627				2
2025.03.13	02:23:37.207	1.29628				2
2025.03.13	02:23:39.985	1.29627				2
2025.03.13	02:23:40.911		1.29628			4
2025.03.13	02:23:41.217		1.29629			4
2025.03.13	02:23:43.066		1.29628			4
2025.03.13	02:23:43.375	1.29628	1.29629			6
2025.03.13	02:23:47.694	1.29627				2
2025.03.13	02:23:48.309		1.29628			4
2025.03.13	02:23:48.618		1.29629			4
2025.03.13	02:23:48.924		1.29628			4
2025.03.13	02:23:49.227		1.29629			4
2025.03.13	02:23:58.160		1.29628			4
2025.03.13	02:23:58.472		1.29629			4
2025.03.13	02:24:00.006	1.29627				2
2025.03.13	02:24:01.237		1.29628			4
2025.03.13	02:24:03.394		1.29629			4
2025.03.13	02:24:03.700	1.29626				2
2025.03.13	02:24:04.315	1.29627				2
2025.03.13	02:24:05.244	1.29628				2
2025.03.13	02:24:05.551	1.29627				2
2025.03.13	02:24:21.586		1.29628			4
2025.03.13	02:24:21.889	1.29626	1.29627			6
2025.03.13	02:24:25.593	1.29625	1.29626			6
2025.03.13	02:24:28.364	1.29624				2
2025.03.13	02:24:45.618		1.29627			4
2025.03.13	02:24:56.685		1.29626			4
2025.03.13	02:24:56.988	1.29621	1.29624			6
2025.03.13	02:24:57.295	1.29622	1.29625			6
2025.03.13	02:24:57.909	1.29621	1.29624			6
2025.03.13	02:25:00.053	1.29621				2
2025.03.13	02:25:01.902	1.29617	1.29618			6
2025.03.13	02:25:02.207	1.29614	1.29616			6
2025.03.13	02:25:02.515	1.29611	1.29612			6
2025.03.13	02:25:02.825	1.29612	1.29614			6
2025.03.13	02:25:03.127	1.29610	1.29615			6
2025.03.13	02:25:04.056	1.29609				2
2025.03.13	02:25:04.360	1.29610				2
2025.03.13	02:25:04.970	1.29612	1.29616			6
2025.03.13	02:25:05.279	1.29613				2
2025.03.13	02:25:06.197	1.29612				2
2025.03.13	02:25:12.969		1.29617			4
2025.03.13	02:25:16.353	1.29611	1.29616			6
2025.03.13	02:25:40.094	1.29612				2
2025.03.13	02:25:46.562	1.29613	1.29618			6
2025.03.13	02:25:47.178		1.29616			4
2025.03.13	02:25:47.490		1.29618			4
2025.03.13	02:25:48.108	1.29615	1.29619			6
2025.03.13	02:25:55.223	1.29614				2
2025.03.13	02:25:55.532	1.29615				2
2025.03.13	02:25:59.850	1.29614				2
2025.03.13	02:26:00.159	1.29614				2
2025.03.13	02:26:10.971	1.29613	1.29616			6
2025.03.13	02:26:18.048	1.29612				2
2025.03.13	02:26:19.286	1.29613				2
2025.03.13	02:26:25.140		1.29617			4
2025.03.13	02:26:25.449	1.29612				2
2025.03.13	02:26:25.753	1.29611	1.29616			6
2025.03.13	02:26:26.061		1.29615			4
2025.03.13	02:26:26.978	1.29610				2
2025.03.13	02:26:27.898	1.29609				2
2025.03.13	02:26:33.130	1.29610				2
2025.03.13	02:26:35.289	1.29611				2
2025.03.13	02:26:40.522	1.29610				2
2025.03.13	02:26:40.825	1.29612				2
2025.03.13	02:26:41.436	1.29611				2
2025.03.13	02:26:45.436	1.29610				2
2025.03.13	02:26:50.344	1.29614	1.29616			6
2025.03.13	02:26:51.265	1.29611				2
2025.03.13	02:26:56.178	1.29613	1.29617			6
2025.03.13	02:26:56.789	1.29614	1.29618			6
2025.03.13	02:26:57.710	1.29615				2
2025.03.13	02:26:58.016	1.29614	1.29619			6
2025.03.13	02:27:00.166	1.29614				2
2025.03.13	02:27:10.284	1.29615				2
2025.03.13	02:27:11.519	1.29614				2
2025.03.13	02:27:12.443		1.29617			4
2025.03.13	02:27:13.984		1.29619			4
2025.03.13	02:27:14.288		1.29617			4
2025.03.13	02:27:15.213	1.29615	1.29618			6
2025.03.13	02:27:15.524	1.29614	1.29619			6
2025.03.13	02:27:19.528		1.29617			4
2025.03.13	02:27:22.604		1.29618			4
2025.03.13	02:27:22.910		1.29619			4
2025.03.13	02:27:23.220		1.29618			4
2025.03.13	02:27:32.984	1.29615				2
2025.03.13	02:27:33.610	1.29614				2
2025.03.13	02:27:34.214	1.29615				2
2025.03.13	02:27:34.519		1.29619			4
2025.03.13	02:27:41.265	1.29616				2
2025.03.13	02:27:44.015	1.29617				2
2025.03.13	02:27:44.621	1.29618				2
2025.03.13	02:27:47.994	1.29620	1.29622			6
2025.03.13	02:27:48.604	1.29619				2
2025.03.13	02:27:54.144	1.29620				2
2025.03.13	02:27:58.153	1.29621				2
2025.03.13	02:27:58.456	1.29622	1.29625			6
2025.03.13	02:27:58.760	1.29625	1.29626			6
2025.03.13	02:27:59.064	1.29626	1.29628			6
2025.03.13	02:27:59.368	1.29624	1.29629			6
2025.03.13	02:27:59.982	1.29623	1.29628			6
2025.03.13	02:28:00.287	1.29623				2
2025.03.13	02:28:01.516		1.29629			4
2025.03.13	02:28:02.441		1.29628			4
2025.03.13	02:28:02.753		1.29629			4
2025.03.13	02:28:03.367		1.29628			4
2025.03.13	02:28:04.287		1.29629			4
2025.03.13	02:28:05.518		1.29628			4
2025.03.13	02:28:06.137		1.29629			4
2025.03.13	02:28:08.286	1.29624				2
2025.03.13	02:28:18.453	1.29621	1.29625			6
2025.03.13	02:28:19.383		1.29626			4
2025.03.13	02:28:20.309	1.29620	1.29625			6
2025.03.13	02:28:21.545		1.29626			4
2025.03.13	02:28:24.314	1.29621				2
2025.03.13	02:28:24.620	1.29620	1.29625			6
2025.03.13	02:28:36.329		1.29624			4
2025.03.13	02:28:48.631	1.29621				2
2025.03.13	02:28:53.553	1.29623	1.29626			6
2025.03.13	02:28:55.389	1.29622				2
2025.03.13	02:28:57.536	1.29621	1.29625			6
2025.03.13	02:28:59.075	1.29622	1.29626			6
2025.03.13	02:28:59.386	1.29623				2
2025.03.13	02:28:59.686	1.29622	1.29625			6
2025.03.13	02:29:00.301	1.29622				2
2025.03.13	02:29:01.835	1.29621	1.29624			6
2025.03.13	02:29:02.740	1.29622	1.29625			6
2025.03.13	02:29:04.260	1.29621				2
2025.03.13	02:29:05.183	1.29622				2
2025.03.13	02:29:11.603	1.29624	1.29627			6
2025.03.13	02:29:12.216	1.29623	1.29626			6
2025.03.13	02:29:31.460	1.29622	1.29625			6
2025.03.13	02:29:39.403	1.29620	1.29623			6
2025.03.13	02:29:39.707	1.29619	1.29622			6
2025.03.13	02:29:43.984	1.29620	1.29623			6
2025.03.13	02:29:44.293	1.29619	1.29622			6
2025.03.13	02:29:46.439	1.29620	1.29623			6
2025.03.13	02:29:51.995	1.29619	1.29620			6
2025.03.13	02:29:52.303	1.29620	1.29623			6
2025.03.13	02:30:00.015	1.29620				2
2025.03.13	02:30:02.773	1.29621	1.29624			6
2025.03.13	02:30:17.518	1.29620	1.29623			6
2025.03.13	02:30:28.602	1.29621	1.29624			6
2025.03.13	02:30:28.913	1.29620	1.29623			6
2025.03.13	02:30:30.146	1.29621	1.29624			6
2025.03.13	02:30:38.740	1.29620	1.29623			6
2025.03.13	02:30:39.355	1.29621	1.29624			6
2025.03.13	02:30:41.503	1.29620	1.29623			6
2025.03.13	02:30:41.810	1.29621	1.29624			6
2025.03.13	02:30:51.942	1.29622	1.29625			6
2025.03.13	02:30:52.554	1.29621	1.29624			6
2025.03.13	02:30:54.710	1.29622	1.29625			6
2025.03.13	02:30:55.017	1.29621	1.29624			6
2025.03.13	02:30:57.475	1.29622	1.29625			6
2025.03.13	02:31:00.236	1.29622				2
