<DATE>	<TIME>	<BID>	<ASK>	<LAST>	<VOLUME>	<FLAGS>
2025.06.10	00:03:30.614	1.35404	1.35596			6
2025.06.10	00:04:00.113	1.35404				2
2025.06.10	00:04:30.867		1.35596			4
2025.06.10	00:05:00.094	1.35404				2
2025.06.10	00:05:00.703	1.35406	1.35598			6
2025.06.10	00:06:00.102	1.35406				2
2025.06.10	00:06:00.716		1.35598			4
2025.06.10	00:06:01.947	1.35433	1.35649			6
2025.06.10	00:06:02.836		1.35598			4
2025.06.10	00:07:00.303	1.35433				2
2025.06.10	00:07:00.920		1.35614			4
2025.06.10	00:07:02.749		1.35615			4
2025.06.10	00:07:08.553		1.35616			4
2025.06.10	00:07:48.213		1.35625			4
2025.06.10	00:07:48.517		1.35623			4
2025.06.10	00:07:51.567		1.35624			4
2025.06.10	00:08:00.179	1.35433				2
2025.06.10	00:08:01.717	1.35443				2
2025.06.10	00:08:02.644		1.35623			4
2025.06.10	00:08:09.251		1.35624			4
2025.06.10	00:08:31.104	1.35449				2
2025.06.10	00:08:31.407	1.35453	1.35625			6
2025.06.10	00:08:31.716		1.35626			4
2025.06.10	00:08:32.333		1.35624			4
2025.06.10	00:08:48.943		1.35625			4
2025.06.10	00:08:55.714		1.35609			4
2025.06.10	00:09:00.016	1.35453				2
2025.06.10	00:09:04.331		1.35610			4
2025.06.10	00:09:11.402		1.35608			4
2025.06.10	00:09:32.285		1.35618			4
2025.06.10	00:09:32.895		1.35616			4
2025.06.10	00:09:37.512		1.35618			4
2025.06.10	00:09:42.740	1.35463	1.35623			6
2025.06.10	00:09:43.044		1.35612			4
2025.06.10	00:09:43.653		1.35611			4
2025.06.10	00:09:44.580		1.35610			4
2025.06.10	00:10:00.266	1.35499				2
2025.06.10	00:10:01.796		1.35621			4
2025.06.10	00:10:02.104		1.35622			4
2025.06.10	00:10:03.024	1.35500				2
2025.06.10	00:10:06.101	1.35484				2
2025.06.10	00:10:06.408	1.35503	1.35628			6
2025.06.10	00:10:07.327	1.35509				2
2025.06.10	00:10:07.637	1.35507				2
2025.06.10	00:10:07.946		1.35627			4
2025.06.10	00:10:08.870	1.35508				2
2025.06.10	00:10:11.952	1.35435				2
2025.06.10	00:10:15.336	1.35434	1.35626			6
2025.06.10	00:10:27.024	1.35433	1.35625			6
2025.06.10	00:10:34.087	1.35432	1.35624			6
2025.06.10	00:10:42.708	1.35430	1.35622			6
2025.06.10	00:10:43.322	1.35436	1.35628			6
2025.06.10	00:10:43.633	1.35432	1.35624			6
2025.06.10	00:10:52.875	1.35478				2
2025.06.10	00:10:54.409	1.35496				2
2025.06.10	00:10:57.177	1.35432				2
2025.06.10	00:10:57.795	1.35496				2
2025.06.10	00:11:00.260	1.35496				2
2025.06.10	00:11:01.791		1.35625			4
2025.06.10	00:11:03.943	1.35433				2
2025.06.10	00:11:04.870	1.35498	1.35630			6
2025.06.10	00:11:05.484		1.35627			4
2025.06.10	00:11:06.710		1.35634			4
2025.06.10	00:11:11.016	1.35442				2
2025.06.10	00:11:11.940	1.35498				2
2025.06.10	00:11:14.406	1.35495	1.35620			6
2025.06.10	00:11:14.718		1.35618			4
2025.06.10	00:11:17.785	1.35426				2
2025.06.10	00:11:18.705	1.35495				2
2025.06.10	00:11:20.241	1.35489	1.35622			6
2025.06.10	00:11:20.853		1.35620			4
2025.06.10	00:11:21.472		1.35615			4
2025.06.10	00:11:22.396		1.35618			4
2025.06.10	00:11:24.856	1.35426				2
2025.06.10	00:11:25.783	1.35489				2
2025.06.10	00:11:27.930	1.35458				2
2025.06.10	00:11:28.552	1.35488				2
2025.06.10	00:11:39.010	1.35480				2
2025.06.10	00:11:40.850	1.35481				2
2025.06.10	00:11:42.691		1.35617			4
2025.06.10	00:11:47.603	1.35480				2
2025.06.10	00:11:48.211		1.35621			4
2025.06.10	00:11:49.126		1.35615			4
2025.06.10	00:11:49.435	1.35479				2
2025.06.10	00:11:50.349	1.35478				2
2025.06.10	00:11:51.268	1.35460				2
2025.06.10	00:11:56.184	1.35443				2
2025.06.10	00:11:57.111		1.35614			4
2025.06.10	00:12:00.171	1.35443				2
2025.06.10	00:12:03.245	1.35445	1.35619			6
2025.06.10	00:12:06.937		1.35618			4
2025.06.10	00:12:07.251	1.35444				2
2025.06.10	00:12:08.785	1.35445				2
2025.06.10	00:12:10.014	1.35468	1.35600			6
2025.06.10	00:12:12.481	1.35474	1.35617			6
2025.06.10	00:12:13.398	1.35468	1.35600			6
2025.06.10	00:12:15.232	1.35473	1.35617			6
2025.06.10	00:12:17.666	1.35468	1.35600			6
2025.06.10	00:12:22.877	1.35474	1.35617			6
2025.06.10	00:12:24.415	1.35468	1.35600			6
2025.06.10	00:12:30.851	1.35467				2
2025.06.10	00:12:38.220		1.35601			4
2025.06.10	00:12:44.991	1.35466				2
2025.06.10	00:12:47.447		1.35602			4
2025.06.10	00:12:47.758	1.35445	1.35560			6
2025.06.10	00:12:48.059	1.35413				2
2025.06.10	00:12:49.094	1.35412				2
2025.06.10	00:12:49.591	1.35414				2
2025.06.10	00:12:52.876	1.35456				2
2025.06.10	00:12:53.179	1.35414				2
2025.06.10	00:12:54.867	1.35461				2
2025.06.10	00:12:55.484	1.35414				2
2025.06.10	00:12:57.160	1.35441				2
2025.06.10	00:12:57.467	1.35414				2
2025.06.10	00:12:58.073	1.35444				2
2025.06.10	00:12:58.684	1.35443				2
2025.06.10	00:12:58.989	1.35445				2
2025.06.10	00:12:59.292	1.35431				2
2025.06.10	00:12:59.601	1.35427				2
2025.06.10	00:12:59.906	1.35426				2
2025.06.10	00:13:00.214	1.35427				2
2025.06.10	00:13:03.572	1.35429				2
2025.06.10	00:13:04.182	1.35427				2
2025.06.10	00:13:05.106	1.35440				2
2025.06.10	00:13:07.236	1.35435				2
2025.06.10	00:13:07.537	1.35442				2
2025.06.10	00:13:08.143	1.35444				2
2025.06.10	00:13:08.458	1.35442				2
2025.06.10	00:13:09.073	1.35444				2
2025.06.10	00:13:09.678	1.35430				2
2025.06.10	00:13:10.286	1.35445				2
2025.06.10	00:13:12.105	1.35446				2
2025.06.10	00:13:14.225	1.35447				2
2025.06.10	00:13:17.567	1.35432				2
2025.06.10	00:13:17.872	1.35445				2
2025.06.10	00:13:18.176	1.35431				2
2025.06.10	00:13:18.480	1.35416	1.35552			6
2025.06.10	00:13:19.391	1.35413				2
2025.06.10	00:13:22.446	1.35414				2
2025.06.10	00:13:22.756	1.35419	1.35520			6
2025.06.10	00:13:23.361	1.35420				2
2025.06.10	00:13:23.668	1.35421				2
2025.06.10	00:13:24.581	1.35420				2
2025.06.10	00:13:26.424	1.35422				2
2025.06.10	00:13:30.394	1.35424				2
2025.06.10	00:13:30.700	1.35426				2
2025.06.10	00:13:31.309	1.35425				2
2025.06.10	00:13:32.530	1.35420				2
2025.06.10	00:13:32.834	1.35423				2
2025.06.10	00:13:33.142	1.35446				2
2025.06.10	00:13:33.446	1.35444				2
2025.06.10	00:13:34.660	1.35436				2
2025.06.10	00:13:35.287	1.35437				2
2025.06.10	00:13:37.428	1.35432				2
2025.06.10	00:13:39.565	1.35434				2
2025.06.10	00:13:40.783	1.35433				2
2025.06.10	00:13:42.315	1.35420	1.35481			6
2025.06.10	00:13:42.919	1.35422				2
2025.06.10	00:13:44.449		1.35487			4
2025.06.10	00:13:44.754	1.35424				2
2025.06.10	00:13:45.669		1.35493			4
2025.06.10	00:13:46.284		1.35505			4
2025.06.10	00:13:50.245	1.35423				2
2025.06.10	00:13:54.209	1.35431				2
2025.06.10	00:13:55.741	1.35438				2
2025.06.10	00:13:57.877		1.35528			4
2025.06.10	00:13:59.100	1.35424				2
2025.06.10	00:13:59.717	1.35423				2
2025.06.10	00:14:00.021	1.35423				2
2025.06.10	00:14:01.541	1.35424				2
2025.06.10	00:14:05.800		1.35522			4
2025.06.10	00:14:06.105	1.35423				2
2025.06.10	00:14:06.717	1.35422				2
2025.06.10	00:14:07.019	1.35423				2
2025.06.10	00:14:07.624	1.35422				2
2025.06.10	00:14:07.931		1.35528			4
2025.06.10	00:14:08.232	1.35423				2
2025.06.10	00:14:08.536	1.35422	1.35522			6
2025.06.10	00:14:08.841		1.35528			4
2025.06.10	00:14:09.142	1.35421				2
2025.06.10	00:14:09.447	1.35423				2
2025.06.10	00:14:09.752	1.35422				2
2025.06.10	00:14:10.055	1.35423	1.35522			6
2025.06.10	00:14:10.661	1.35422				2
2025.06.10	00:14:10.962	1.35423	1.35528			6
2025.06.10	00:14:11.262		1.35522			4
2025.06.10	00:14:11.565	1.35422	1.35528			6
2025.06.10	00:14:12.178	1.35423				2
2025.06.10	00:14:12.482	1.35422				2
2025.06.10	00:14:13.088	1.35423				2
2025.06.10	00:14:13.695	1.35422				2
2025.06.10	00:14:13.998	1.35423				2
2025.06.10	00:14:14.605	1.35422				2
2025.06.10	00:14:15.516	1.35408				2
2025.06.10	00:14:19.171	1.35422				2
2025.06.10	00:14:20.391		1.35540			4
2025.06.10	00:14:25.876		1.35536			4
2025.06.10	00:14:29.515	1.35412				2
2025.06.10	00:14:33.781	1.35411				2
2025.06.10	00:14:38.960	1.35412				2
2025.06.10	00:14:40.180	1.35406				2
2025.06.10	00:14:42.322	1.35415				2
2025.06.10	00:14:42.632	1.35416				2
2025.06.10	00:14:43.859	1.35418				2
2025.06.10	00:14:46.911	1.35417				2
2025.06.10	00:14:51.496	1.35418				2
2025.06.10	00:14:56.053	1.35419				2
2025.06.10	00:14:58.784	1.35418				2
2025.06.10	00:15:00.296	1.35420				2
2025.06.10	00:15:03.647	1.35419				2
2025.06.10	00:15:06.108	1.35418				2
2025.06.10	00:15:08.852	1.35420				2
2025.06.10	00:15:14.339	1.35419				2
2025.06.10	00:15:17.726	1.35420				2
2025.06.10	00:15:19.573	1.35419				2
2025.06.10	00:15:20.186	1.35418				2
2025.06.10	00:15:22.953	1.35407				2
2025.06.10	00:15:26.023		1.35536			4
2025.06.10	00:15:36.797	1.35410				2
2025.06.10	00:15:37.413	1.35411				2
2025.06.10	00:16:40.538	1.35407	1.35536			6
2025.06.10	00:16:44.219	1.35408				2
2025.06.10	00:16:46.356	1.35407				2
2025.06.10	00:16:49.114	1.35410				2
2025.06.10	00:16:54.316	1.35407				2
2025.06.10	00:16:57.095	1.35410				2
2025.06.10	00:17:00.146	1.35410				2
2025.06.10	00:17:03.205	1.35407				2
2025.06.10	00:17:06.264	1.35411				2
2025.06.10	00:17:11.776	1.35425				2
2025.06.10	00:17:12.083	1.35426				2
2025.06.10	00:17:13.608	1.35415				2
2025.06.10	00:17:17.281	1.35411				2
2025.06.10	00:17:17.897	1.35408				2
2025.06.10	00:17:18.200	1.35413				2
2025.06.10	00:17:22.780	1.35412				2
2025.06.10	00:17:29.193	1.35411				2
2025.06.10	00:17:32.245	1.35412				2
2025.06.10	00:17:33.159	1.35413				2
2025.06.10	00:17:34.077	1.35414				2
2025.06.10	00:17:35.903	1.35415				2
2025.06.10	00:17:38.399	1.35412				2
2025.06.10	00:17:40.540		1.35536			4
2025.06.10	00:17:44.201	1.35417				2
2025.06.10	00:17:49.695	1.35411				2
2025.06.10	00:17:50.306	1.35413				2
2025.06.10	00:17:53.367	1.35414				2
2025.06.10	00:17:53.978	1.35413				2
2025.06.10	00:18:00.088	1.35413				2
2025.06.10	00:18:14.434	1.35412				2
2025.06.10	00:18:17.788	1.35411				2
2025.06.10	00:18:18.096	1.35416				2
2025.06.10	00:18:18.397	1.35407				2
2025.06.10	00:18:18.699	1.35419				2
2025.06.10	00:18:19.917	1.35416				2
2025.06.10	00:18:40.099	1.35407				2
2025.06.10	00:18:40.721		1.35536			4
2025.06.10	00:18:46.225	1.35409				2
2025.06.10	00:18:46.830	1.35411				2
2025.06.10	00:18:54.160	1.35412				2
2025.06.10	00:18:56.585	1.35413				2
2025.06.10	00:19:00.240	1.35413				2
2025.06.10	00:19:22.843	1.35407				2
2025.06.10	00:19:25.898	1.35409				2
2025.06.10	00:19:26.819	1.35410				2
2025.06.10	00:19:27.740	1.35411				2
2025.06.10	00:19:31.107	1.35413				2
2025.06.10	00:19:32.319	1.35407	1.35547			6
2025.06.10	00:19:39.084	1.35405				2
2025.06.10	00:19:52.616	1.35404				2
2025.06.10	00:20:00.303	1.35404				2
2025.06.10	00:20:03.688		1.35546			4
2025.06.10	00:20:17.222	1.35454				2
2025.06.10	00:20:17.554	1.35404	1.35537			6
2025.06.10	00:20:17.855	1.35411				2
2025.06.10	00:20:18.164	1.35404				2
2025.06.10	00:20:18.472	1.35412				2
2025.06.10	00:20:28.931	1.35413				2
2025.06.10	00:20:58.749		1.35536			4
2025.06.10	00:21:00.285	1.35413				2
2025.06.10	00:21:11.656	1.35407	1.35535			6
2025.06.10	00:21:11.965	1.35418				2
2025.06.10	00:21:12.274	1.35420				2
2025.06.10	00:21:25.157	1.35419				2
2025.06.10	00:21:51.577	1.35423	1.35521			6
2025.06.10	00:21:51.886	1.35409				2
2025.06.10	00:22:00.185	1.35409				2
2025.06.10	00:22:06.037	1.35410				2
2025.06.10	00:22:09.423	1.35411				2
2025.06.10	00:22:10.039	1.35410				2
2025.06.10	00:22:13.422	1.35411				2
2025.06.10	00:22:15.578	1.35409				2
2025.06.10	00:22:17.425	1.35410				2
2025.06.10	00:22:21.421	1.35409				2
2025.06.10	00:22:23.578	1.35410				2
2025.06.10	00:22:24.498	1.35409				2
2025.06.10	00:22:24.800	1.35413	1.35514			6
2025.06.10	00:22:25.101	1.35418				2
2025.06.10	00:22:25.709	1.35424				2
2025.06.10	00:22:26.020	1.35420				2
2025.06.10	00:22:26.628	1.35421				2
2025.06.10	00:22:33.933		1.35521			4
2025.06.10	00:22:35.155	1.35413				2
2025.06.10	00:22:35.462	1.35434				2
2025.06.10	00:22:46.470		1.35511			4
2025.06.10	00:23:00.264	1.35434				2
2025.06.10	00:23:02.108	1.35435				2
2025.06.10	00:23:12.207	1.35436				2
2025.06.10	00:23:12.517	1.35414				2
2025.06.10	00:23:12.819	1.35416				2
2025.06.10	00:23:14.337	1.35418				2
2025.06.10	00:23:14.639	1.35420				2
2025.06.10	00:23:15.564	1.35422				2
2025.06.10	00:23:16.168	1.35424				2
2025.06.10	00:23:17.080	1.35425				2
2025.06.10	00:23:18.315	1.35426				2
2025.06.10	00:23:20.471	1.35425				2
2025.06.10	00:23:20.781	1.35424				2
2025.06.10	00:23:22.004	1.35426				2
2025.06.10	00:23:22.619	1.35427				2
2025.06.10	00:23:25.691	1.35428				2
2025.06.10	00:23:29.078	1.35429				2
2025.06.10	00:23:29.684	1.35430				2
2025.06.10	00:23:34.299	1.35431				2
2025.06.10	00:23:35.202	1.35430				2
2025.06.10	00:23:38.873	1.35431				2
2025.06.10	00:23:40.399	1.35429				2
2025.06.10	00:23:41.639		1.35506			4
2025.06.10	00:23:43.178	1.35430				2
2025.06.10	00:23:44.403	1.35432				2
2025.06.10	00:23:45.020	1.35433				2
2025.06.10	00:23:45.326	1.35435				2
2025.06.10	00:23:50.220	1.35436				2
2025.06.10	00:23:50.826	1.35437				2
2025.06.10	00:23:52.365	1.35417				2
2025.06.10	00:23:52.675	1.35424				2
2025.06.10	00:23:52.975	1.35428				2
2025.06.10	00:23:53.900	1.35430				2
2025.06.10	00:23:54.205	1.35418	1.35546			6
2025.06.10	00:23:54.508	1.35424				2
2025.06.10	00:23:55.425	1.35419				2
2025.06.10	00:23:56.346	1.35418				2
2025.06.10	00:23:57.258	1.35417				2
2025.06.10	00:24:00.019	1.35417				2
2025.06.10	00:24:00.337	1.35454	1.35566			6
2025.06.10	00:24:00.642	1.35390	1.35567			6
2025.06.10	00:24:00.945	1.35402				2
2025.06.10	00:24:01.564	1.35403				2
2025.06.10	00:24:01.869	1.35405				2
2025.06.10	00:24:04.915	1.35406				2
2025.06.10	00:24:05.217	1.35407				2
2025.06.10	00:24:07.673	1.35406				2
2025.06.10	00:24:09.824	1.35405				2
2025.06.10	00:24:10.734	1.35406				2
2025.06.10	00:24:11.045	1.35407				2
2025.06.10	00:24:12.278	1.35409				2
2025.06.10	00:24:12.582	1.35410				2
2025.06.10	00:24:17.777	1.35411				2
2025.06.10	00:24:18.385	1.35412				2
2025.06.10	00:24:21.446	1.35413				2
2025.06.10	00:24:22.365	1.35414				2
2025.06.10	00:24:24.811	1.35416				2
2025.06.10	00:24:25.725	1.35418				2
2025.06.10	00:24:27.254	1.35419				2
2025.06.10	00:24:27.865	1.35420				2
2025.06.10	00:24:28.177	1.35421				2
2025.06.10	00:24:32.746	1.35419				2
2025.06.10	00:24:35.485	1.35420				2
2025.06.10	00:24:36.094	1.35421				2
2025.06.10	00:24:37.624	1.35422				2
2025.06.10	00:24:39.759	1.35423				2
2025.06.10	00:24:40.066	1.35424				2
2025.06.10	00:24:40.366	1.35426				2
2025.06.10	00:24:41.905	1.35427				2
2025.06.10	00:24:48.614	1.35459	1.35573			6
2025.06.10	00:24:53.164	1.35457				2
2025.06.10	00:24:53.771	1.35458				2
2025.06.10	00:24:55.002	1.35456				2
2025.06.10	00:24:56.216	1.35462	1.35628			6
2025.06.10	00:24:56.518	1.35458	1.35612			6
2025.06.10	00:24:57.385		1.35602			4
2025.06.10	00:25:00.159	1.35458				2
2025.06.10	00:25:04.472	1.35459				2
2025.06.10	00:25:05.092	1.35458				2
2025.06.10	00:25:05.397	1.35459				2
2025.06.10	00:25:05.705	1.35458				2
2025.06.10	00:25:06.011	1.35459				2
2025.06.10	00:25:06.625	1.35458				2
2025.06.10	00:25:08.770	1.35459				2
2025.06.10	00:25:13.076	1.35458				2
2025.06.10	00:25:45.035	1.35463	1.35598			6
2025.06.10	00:25:49.938	1.35496				2
2025.06.10	00:25:50.868		1.35590			4
2025.06.10	00:25:52.411	1.35502				2
2025.06.10	00:25:52.717		1.35620			4
2025.06.10	00:25:53.333		1.35627			4
2025.06.10	00:26:00.093	1.35502				2
2025.06.10	00:26:05.000		1.35626			4
2025.06.10	00:26:05.309		1.35627			4
2025.06.10	00:26:15.755	1.35499	1.35602			6
2025.06.10	00:26:21.539	1.35518				2
2025.06.10	00:26:22.455		1.35599			4
2025.06.10	00:26:22.763	1.35501				2
2025.06.10	00:26:28.560		1.35612			4
2025.06.10	00:26:29.319		1.35604			4
2025.06.10	00:26:41.826	1.35499				2
2025.06.10	00:26:42.442	1.35494				2
2025.06.10	00:26:47.036	1.35499				2
2025.06.10	00:26:50.677	1.35479	1.35608			6
2025.06.10	00:26:50.978	1.35497	1.35607			6
2025.06.10	00:26:51.889		1.35606			4
2025.06.10	00:26:54.639	1.35488				2
2025.06.10	00:26:55.247	1.35487				2
2025.06.10	00:26:56.464	1.35488				2
2025.06.10	00:26:57.079	1.35497				2
2025.06.10	00:26:59.513	1.35509				2
2025.06.10	00:26:59.820	1.35497				2
2025.06.10	00:27:00.129	1.35497				2
2025.06.10	00:27:25.779	1.35514				2
2025.06.10	00:27:52.141		1.35606			4
2025.06.10	00:28:00.127	1.35514				2
2025.06.10	00:28:10.214	1.35497				2
2025.06.10	00:28:11.129	1.35490	1.35609			6
2025.06.10	00:28:11.739		1.35608			4
2025.06.10	00:28:12.669		1.35609			4
2025.06.10	00:28:12.972		1.35608			4
2025.06.10	00:28:13.589		1.35609			4
2025.06.10	00:28:13.895		1.35608			4
2025.06.10	00:28:14.523		1.35609			4
2025.06.10	00:28:16.348	1.35473				2
2025.06.10	00:28:36.298	1.35477				2
2025.06.10	00:28:39.380	1.35473	1.35603			6
2025.06.10	00:28:42.760	1.35488				2
2025.06.10	00:28:44.610	1.35487				2
2025.06.10	00:28:49.832	1.35483	1.35599			6
2025.06.10	00:28:50.137	1.35493				2
2025.06.10	00:28:51.968	1.35485				2
2025.06.10	00:28:52.269	1.35486				2
2025.06.10	00:28:52.577	1.35487				2
2025.06.10	00:28:53.190	1.35490				2
2025.06.10	00:28:53.492	1.35491				2
2025.06.10	00:28:54.109	1.35488				2
2025.06.10	00:28:54.420	1.35491	1.35601			6
2025.06.10	00:28:59.328	1.35496	1.35606			6
2025.06.10	00:29:00.248	1.35496				2
2025.06.10	00:29:01.479	1.35491	1.35601			6
2025.06.10	00:29:06.705	1.35498	1.35606			6
2025.06.10	00:29:08.251	1.35497				2
2025.06.10	00:29:09.174	1.35498				2
2025.06.10	00:29:14.708	1.35506	1.35601			6
2025.06.10	00:29:43.923		1.35606			4
2025.06.10	00:29:55.912		1.35598			4
2025.06.10	00:30:00.216	1.35494				2
2025.06.10	00:30:06.977		1.35597			4
2025.06.10	00:30:14.354	1.35489				2
2025.06.10	00:30:14.658	1.35490	1.35600			6
2025.06.10	00:30:14.962		1.35598			4
2025.06.10	00:30:15.275	1.35491	1.35597			6
2025.06.10	00:30:15.582	1.35489	1.35592			6
2025.06.10	00:30:15.974	1.35490				2
2025.06.10	00:30:19.044	1.35489	1.35589			6
2025.06.10	00:30:20.472		1.35588			4
2025.06.10	00:30:25.074	1.35490				2
2025.06.10	00:30:26.923	1.35489				2
2025.06.10	00:30:27.362	1.35491				2
2025.06.10	00:30:28.590		1.35587			4
2025.06.10	00:30:29.510	1.35489				2
2025.06.10	00:30:30.658		1.35588			4
2025.06.10	00:30:32.474		1.35587			4
2025.06.10	00:30:33.992	1.35490				2
2025.06.10	00:30:34.606	1.35489				2
2025.06.10	00:30:39.183	1.35490	1.35590			6
2025.06.10	00:30:40.422		1.35587			4
2025.06.10	00:30:40.738	1.35492				2
2025.06.10	00:30:45.041	1.35494				2
2025.06.10	00:30:49.959		1.35586			4
2025.06.10	00:31:02.245	1.35494				2
2025.06.10	00:31:06.537		1.35590			4
2025.06.10	00:31:08.475		1.35589			4
2025.06.10	00:31:13.741		1.35590			4
2025.06.10	00:31:15.073		1.35589			4
2025.06.10	00:31:25.534	1.35490	1.35588			6
2025.06.10	00:31:25.838	1.35489	1.35587			6
2025.06.10	00:31:37.825	1.35490	1.35588			6
2025.06.10	00:31:38.751	1.35489	1.35586			6
2025.06.10	00:31:40.285	1.35490	1.35588			6
2025.06.10	00:31:40.591	1.35492				2
2025.06.10	00:31:42.740	1.35491	1.35586			6
2025.06.10	00:31:50.432		1.35588			4
2025.06.10	00:31:59.646	1.35490				2
2025.06.10	00:32:00.263	1.35494				2
2025.06.10	00:32:09.974		1.35587			4
2025.06.10	00:32:27.376		1.35589			4
2025.06.10	00:32:31.572		1.35588			4
2025.06.10	00:32:35.211		1.35587			4
2025.06.10	00:32:37.365		1.35586			4
2025.06.10	00:32:43.205	1.35496	1.35587			6
2025.06.10	00:32:43.512		1.35586			4
2025.06.10	00:32:44.743		1.35587			4
2025.06.10	00:32:47.513	1.35495	1.35585			6
2025.06.10	00:32:50.282	1.35496	1.35586			6
2025.06.10	00:32:50.896	1.35494	1.35583			6
2025.06.10	00:32:53.970		1.35584			4
2025.06.10	00:32:55.203	1.35499	1.35588			6
2025.06.10	00:32:55.514	1.35501	1.35590			6
2025.06.10	00:32:57.058	1.35500				2
2025.06.10	00:33:00.135	1.35500				2
2025.06.10	00:33:02.285		1.35588			4
2025.06.10	00:33:02.587	1.35497				2
2025.06.10	00:33:02.904	1.35496	1.35586			6
2025.06.10	00:33:12.133		1.35585			4
2025.06.10	00:33:22.577		1.35587			4
2025.06.10	00:33:28.454		1.35585			4
2025.06.10	00:33:29.991		1.35584			4
2025.06.10	00:33:40.135		1.35585			4
2025.06.10	00:33:50.281	1.35495				2
2025.06.10	00:33:53.956	1.35496	1.35578			6
2025.06.10	00:33:54.268	1.35494				2
2025.06.10	00:34:00.073	1.35494				2
2025.06.10	00:34:04.067		1.35577			4
2025.06.10	00:35:00.080	1.35494				2
2025.06.10	00:35:04.740		1.35577			4
2025.06.10	00:35:21.807		1.35576			4
2025.06.10	00:35:35.036	1.35489	1.35568			6
2025.06.10	00:35:40.287	1.35490				2
2025.06.10	00:35:40.902	1.35491				2
2025.06.10	00:35:41.521		1.35567			4
2025.06.10	00:35:43.062	1.35490				2
2025.06.10	00:35:43.376	1.35489				2
2025.06.10	00:35:43.802	1.35490				2
2025.06.10	00:35:44.418	1.35489				2
2025.06.10	00:35:45.576	1.35490				2
2025.06.10	00:35:47.753	1.35491				2
2025.06.10	00:35:49.920	1.35490				2
2025.06.10	00:35:54.859	1.35491				2
2025.06.10	00:35:55.785	1.35490				2
2025.06.10	00:35:56.408	1.35491				2
2025.06.10	00:35:56.711	1.35490				2
2025.06.10	00:35:57.634	1.35491				2
2025.06.10	00:35:58.243	1.35490				2
2025.06.10	00:36:00.090	1.35490				2
2025.06.10	00:36:01.626	1.35491				2
2025.06.10	00:36:04.705	1.35490				2
2025.06.10	00:36:05.016	1.35491				2
2025.06.10	00:36:06.243	1.35490				2
2025.06.10	00:36:06.552	1.35491				2
2025.06.10	00:36:06.857	1.35489				2
2025.06.10	00:36:08.776	1.35494				2
2025.06.10	00:36:41.803		1.35567			4
2025.06.10	00:36:49.629	1.35489	1.35562			6
2025.06.10	00:36:53.174	1.35494	1.35566			6
2025.06.10	00:37:02.177	1.35494				2
2025.06.10	00:37:23.609	1.35424	1.35564			6
2025.06.10	00:37:23.923	1.35463	1.35560			6
2025.06.10	00:37:25.468	1.35464	1.35557			6
2025.06.10	00:37:29.459	1.35461	1.35558			6
2025.06.10	00:37:30.071	1.35463				2
2025.06.10	00:37:30.379	1.35464				2
2025.06.10	00:37:32.525	1.35463				2
2025.06.10	00:37:34.984	1.35462	1.35554			6
2025.06.10	00:37:35.290	1.35463				2
2025.06.10	00:37:38.364	1.35462				2
2025.06.10	00:37:39.409	1.35463				2
2025.06.10	00:37:40.336		1.35553			4
2025.06.10	00:37:54.476	1.35461	1.35551			6
2025.06.10	00:38:00.002	1.35461				2
2025.06.10	00:38:03.682	1.35459	1.35549			6
2025.06.10	00:38:03.987	1.35460	1.35550			6
2025.06.10	00:38:04.611	1.35457	1.35548			6
2025.06.10	00:38:04.917	1.35456				2
2025.06.10	00:38:07.069	1.35457				2
2025.06.10	00:38:07.385	1.35456				2
2025.06.10	00:38:11.069	1.35454	1.35541			6
2025.06.10	00:38:11.679		1.35542			4
2025.06.10	00:38:12.292		1.35541			4
2025.06.10	00:38:12.899		1.35542			4
2025.06.10	00:38:19.310		1.35543			4
2025.06.10	00:38:19.610		1.35535			4
2025.06.10	00:38:25.536	1.35455				2
2025.06.10	00:38:28.294	1.35454				2
2025.06.10	00:38:29.435	1.35455				2
2025.06.10	00:38:30.655	1.35454				2
2025.06.10	00:38:31.543		1.35524			4
2025.06.10	00:38:34.788		1.35536			4
2025.06.10	00:38:43.213		1.35524			4
2025.06.10	00:39:00.626	1.35454				2
2025.06.10	00:39:01.372		1.35510			4
2025.06.10	00:39:12.120	1.35450				2
2025.06.10	00:39:13.085	1.35453	1.35521			6
2025.06.10	00:39:14.765	1.35460	1.35548			6
2025.06.10	00:39:15.065		1.35550			4
2025.06.10	00:39:15.368	1.35461				2
2025.06.10	00:39:15.684	1.35462				2
2025.06.10	00:39:16.916		1.35552			4
2025.06.10	00:39:23.684	1.35470	1.35555			6
2025.06.10	00:39:26.140	1.35465				2
2025.06.10	00:39:26.453	1.35463	1.35553			6
2025.06.10	00:39:30.152	1.35460				2
2025.06.10	00:39:30.458	1.35464	1.35554			6
2025.06.10	00:39:32.618	1.35463	1.35553			6
2025.06.10	00:39:32.925	1.35466	1.35555			6
2025.06.10	00:39:34.774	1.35464	1.35554			6
2025.06.10	00:39:35.998	1.35460	1.35552			6
2025.06.10	00:39:37.535	1.35462	1.35553			6
2025.06.10	00:39:37.839	1.35466	1.35555			6
2025.06.10	00:39:39.381	1.35472				2
2025.06.10	00:39:41.217	1.35474				2
2025.06.10	00:39:41.525	1.35476				2
2025.06.10	00:39:45.218	1.35474				2
2025.06.10	00:39:46.142	1.35475				2
2025.06.10	00:39:47.678	1.35472				2
2025.06.10	00:39:49.525	1.35471				2
2025.06.10	00:39:51.375	1.35474				2
2025.06.10	00:40:00.262	1.35474				2
2025.06.10	00:40:04.539	1.35471				2
2025.06.10	00:40:07.601	1.35472				2
2025.06.10	00:40:14.363	1.35475				2
2025.06.10	00:40:14.669	1.35472				2
2025.06.10	00:40:14.977	1.35473				2
2025.06.10	00:40:15.279	1.35476				2
2025.06.10	00:40:37.994		1.35555			4
2025.06.10	00:40:56.792	1.35471	1.35553			6
2025.06.10	00:40:57.100	1.35472				2
2025.06.10	00:41:00.186	1.35472				2
2025.06.10	00:41:02.046	1.35470				2
2025.06.10	00:41:02.964	1.35471				2
2025.06.10	00:41:03.894	1.35470				2
2025.06.10	00:41:14.697	1.35469				2
2025.06.10	00:41:51.415		1.35555			4
2025.06.10	00:41:51.719	1.35472				2
2025.06.10	00:41:52.952	1.35476				2
2025.06.10	00:42:00.053	1.35476				2
2025.06.10	00:42:02.212	1.35473				2
2025.06.10	00:42:05.611	1.35440	1.35604			6
2025.06.10	00:42:05.918	1.35493	1.35593			6
2025.06.10	00:42:06.537	1.35442	1.35605			6
2025.06.10	00:42:06.839	1.35434	1.35607			6
2025.06.10	00:42:07.446		1.35612			4
2025.06.10	00:42:08.373	1.35436				2
2025.06.10	00:42:08.681	1.35462	1.35624			6
2025.06.10	00:42:14.872	1.35464				2
2025.06.10	00:42:18.675	1.35463				2
2025.06.10	00:42:25.820	1.35462				2
2025.06.10	00:42:32.694	1.35463				2
2025.06.10	00:42:33.202	1.35464				2
2025.06.10	00:42:34.277	1.35463				2
2025.06.10	00:42:44.748	1.35455				2
2025.06.10	00:42:45.065	1.35458				2
2025.06.10	00:42:45.377	1.35467				2
2025.06.10	00:42:46.206	1.35468				2
2025.06.10	00:42:48.611	1.35453	1.35607			6
2025.06.10	00:42:49.836	1.35456	1.35604			6
2025.06.10	00:42:51.591	1.35455	1.35605			6
2025.06.10	00:42:53.386	1.35457	1.35603			6
2025.06.10	00:42:54.607	1.35464	1.35624			6
2025.06.10	00:42:56.050	1.35468				2
2025.06.10	00:43:01.580	1.35468				2
2025.06.10	00:43:02.728	1.35460				2
2025.06.10	00:43:03.037	1.35458				2
2025.06.10	00:43:03.348	1.35455				2
2025.06.10	00:43:04.591	1.35459				2
2025.06.10	00:43:08.649	1.35462	1.35617			6
2025.06.10	00:43:12.517	1.35481	1.35603			6
2025.06.10	00:43:31.110		1.35609			4
2025.06.10	00:43:32.348		1.35605			4
2025.06.10	00:43:32.702		1.35602			4
2025.06.10	00:43:33.368		1.35601			4
2025.06.10	00:43:46.612		1.35604			4
2025.06.10	00:43:46.922		1.35601			4
2025.06.10	00:43:48.979		1.35602			4
2025.06.10	00:44:00.074	1.35481				2
2025.06.10	00:44:18.076		1.35603			4
2025.06.10	00:44:48.074		1.35604			4
2025.06.10	00:45:00.974	1.35481				2
2025.06.10	00:45:02.185	1.35459	1.35624			6
2025.06.10	00:45:04.630	1.35481	1.35604			6
2025.06.10	00:45:08.812	1.35497	1.35588			6
2025.06.10	00:45:17.756		1.35589			4
2025.06.10	00:45:33.810	1.35478	1.35555			6
2025.06.10	00:45:34.424	1.35483				2
2025.06.10	00:45:35.032	1.35496	1.35574			6
2025.06.10	00:45:35.334	1.35478	1.35555			6
2025.06.10	00:45:35.641	1.35480				2
2025.06.10	00:45:36.259	1.35496	1.35569			6
2025.06.10	00:45:37.474		1.35595			4
2025.06.10	00:45:37.775		1.35575			4
2025.06.10	00:45:38.385		1.35577			4
2025.06.10	00:45:38.689		1.35568			4
2025.06.10	00:45:38.990		1.35577			4
2025.06.10	00:45:39.295		1.35573			4
2025.06.10	00:45:39.596		1.35566			4
2025.06.10	00:45:40.208	1.35478	1.35555			6
2025.06.10	00:45:40.523	1.35480				2
2025.06.10	00:45:41.133	1.35478				2
2025.06.10	00:45:42.042	1.35496	1.35574			6
2025.06.10	00:45:42.344		1.35591			4
2025.06.10	00:45:42.650		1.35589			4
2025.06.10	00:45:42.957		1.35577			4
2025.06.10	00:45:43.259		1.35578			4
2025.06.10	00:45:43.559		1.35580			4
2025.06.10	00:45:43.860		1.35583			4
2025.06.10	00:45:44.168	1.35478	1.35555			6
2025.06.10	00:45:44.470	1.35491				2
2025.06.10	00:45:44.777	1.35478				2
2025.06.10	00:45:45.692	1.35482				2
2025.06.10	00:45:45.996	1.35496				2
2025.06.10	00:45:46.302	1.35485				2
2025.06.10	00:45:46.609	1.35486				2
2025.06.10	00:45:47.221	1.35478				2
2025.06.10	00:45:47.524	1.35485				2
2025.06.10	00:45:48.132	1.35496	1.35592			6
2025.06.10	00:45:48.434		1.35568			4
2025.06.10	00:45:49.050	1.35478	1.35555			6
2025.06.10	00:45:49.356	1.35484				2
2025.06.10	00:45:50.269	1.35478				2
2025.06.10	00:45:50.576	1.35487				2
2025.06.10	00:45:51.184	1.35478				2
2025.06.10	00:45:51.486	1.35486				2
2025.06.10	00:45:52.105	1.35496	1.35592			6
2025.06.10	00:45:52.406		1.35564			4
2025.06.10	00:45:52.710		1.35586			4
2025.06.10	00:45:53.017		1.35565			4
2025.06.10	00:45:53.321		1.35585			4
2025.06.10	00:45:54.239		1.35571			4
2025.06.10	00:45:55.150	1.35479	1.35555			6
2025.06.10	00:45:55.756	1.35481				2
2025.06.10	00:45:56.064	1.35496				2
2025.06.10	00:45:56.365	1.35485				2
2025.06.10	00:45:56.673	1.35489				2
2025.06.10	00:45:57.279	1.35478				2
2025.06.10	00:45:57.584	1.35486				2
2025.06.10	00:45:58.198	1.35496	1.35571			6
2025.06.10	00:45:58.499		1.35575			4
2025.06.10	00:45:58.805		1.35594			4
2025.06.10	00:45:59.737		1.35592			4
2025.06.10	00:46:00.044	1.35479	1.35555			6
2025.06.10	00:46:00.345	1.35488				2
2025.06.10	00:46:00.652	1.35489				2
2025.06.10	00:46:01.257	1.35496	1.35595			6
2025.06.10	00:46:01.560		1.35588			4
2025.06.10	00:46:02.176	1.35478	1.35555			6
2025.06.10	00:46:02.484	1.35489				2
2025.06.10	00:46:03.097	1.35478				2
2025.06.10	00:46:03.407	1.35492				2
2025.06.10	00:46:04.027	1.35496	1.35564			6
2025.06.10	00:46:04.330		1.35600			4
2025.06.10	00:46:04.632		1.35603			4
2025.06.10	00:46:07.084	1.35478	1.35555			6
2025.06.10	00:46:07.389	1.35489				2
2025.06.10	00:46:07.690	1.35478				2
2025.06.10	00:46:10.147	1.35496	1.35594			6
2025.06.10	00:46:10.764		1.35597			4
2025.06.10	00:46:12.304	1.35479	1.35555			6
2025.06.10	00:46:13.224	1.35496	1.35598			6
2025.06.10	00:46:13.529		1.35600			4
2025.06.10	00:46:15.055	1.35478	1.35555			6
2025.06.10	00:46:15.359	1.35480				2
2025.06.10	00:46:15.974	1.35481				2
2025.06.10	00:46:16.279	1.35478				2
2025.06.10	00:46:16.594	1.35483				2
2025.06.10	00:46:16.903	1.35485				2
2025.06.10	00:46:17.214	1.35478				2
2025.06.10	00:46:17.527	1.35484				2
2025.06.10	00:46:18.138	1.35478				2
2025.06.10	00:46:18.439	1.35484				2
2025.06.10	00:46:18.743	1.35490				2
2025.06.10	00:46:19.050	1.35496	1.35563			6
2025.06.10	00:46:19.352	1.35479	1.35555			6
2025.06.10	00:46:19.656	1.35480				2
2025.06.10	00:46:20.263	1.35478				2
2025.06.10	00:46:21.180	1.35496	1.35592			6
2025.06.10	00:46:21.803		1.35595			4
2025.06.10	00:46:22.104		1.35599			4
2025.06.10	00:46:22.722		1.35600			4
2025.06.10	00:46:23.027	1.35479	1.35555			6
2025.06.10	00:46:24.253	1.35478				2
2025.06.10	00:46:24.559	1.35488				2
2025.06.10	00:46:25.168	1.35478				2
2025.06.10	00:46:26.092	1.35496	1.35581			6
2025.06.10	00:46:26.399		1.35582			4
2025.06.10	00:46:26.709		1.35583			4
2025.06.10	00:46:28.243	1.35479	1.35555			6
2025.06.10	00:46:29.163	1.35496	1.35587			6
2025.06.10	00:46:29.785		1.35590			4
2025.06.10	00:46:30.092		1.35592			4
2025.06.10	00:46:30.399		1.35594			4
2025.06.10	00:46:31.018	1.35479	1.35555			6
2025.06.10	00:46:31.324	1.35490				2
2025.06.10	00:46:31.629	1.35491				2
2025.06.10	00:46:32.236	1.35478				2
2025.06.10	00:46:34.082	1.35496	1.35592			6
2025.06.10	00:46:34.385		1.35593			4
2025.06.10	00:46:34.698		1.35594			4
2025.06.10	00:46:37.160	1.35479	1.35555			6
2025.06.10	00:46:38.077	1.35478				2
2025.06.10	00:46:38.381	1.35481				2
2025.06.10	00:46:39.291	1.35480				2
2025.06.10	00:46:40.209	1.35496	1.35589			6
2025.06.10	00:46:40.513		1.35590			4
2025.06.10	00:46:40.816		1.35591			4
2025.06.10	00:46:42.042	1.35478	1.35555			6
2025.06.10	00:46:42.345	1.35485				2
2025.06.10	00:46:42.656	1.35488				2
2025.06.10	00:46:43.267	1.35478				2
2025.06.10	00:46:43.570	1.35484				2
2025.06.10	00:46:44.174	1.35496	1.35592			6
2025.06.10	00:46:44.787		1.35568			4
2025.06.10	00:46:45.088		1.35591			4
2025.06.10	00:46:45.403		1.35590			4
2025.06.10	00:46:45.711		1.35589			4
2025.06.10	00:46:46.016		1.35565			4
2025.06.10	00:46:47.235	1.35479	1.35555			6
2025.06.10	00:46:48.152	1.35496	1.35590			6
2025.06.10	00:46:48.765		1.35591			4
2025.06.10	00:46:49.073	1.35478	1.35555			6
2025.06.10	00:46:50.599	1.35479				2
2025.06.10	00:46:51.202	1.35496	1.35591			6
2025.06.10	00:46:51.511		1.35593			4
2025.06.10	00:46:52.432		1.35594			4
2025.06.10	00:46:53.047	1.35479	1.35555			6
2025.06.10	00:46:53.357	1.35482				2
2025.06.10	00:46:53.966	1.35479				2
2025.06.10	00:46:54.268	1.35478				2
2025.06.10	00:46:55.189	1.35496	1.35594			6
2025.06.10	00:46:55.495		1.35596			4
2025.06.10	00:46:56.112	1.35478	1.35555			6
2025.06.10	00:46:56.420	1.35488				2
2025.06.10	00:46:57.031	1.35496	1.35562			6
2025.06.10	00:46:57.335		1.35587			4
2025.06.10	00:46:58.254	1.35488	1.35555			6
2025.06.10	00:46:59.173	1.35496	1.35589			6
2025.06.10	00:47:00.091	1.35496				2
2025.06.10	00:47:01.005	1.35479	1.35555			6
2025.06.10	00:47:01.312	1.35488				2
2025.06.10	00:47:01.625	1.35487				2
2025.06.10	00:47:01.927	1.35477	1.35561			6
2025.06.10	00:47:02.238	1.35466	1.35583			6
2025.06.10	00:47:02.542	1.35478	1.35575			6
2025.06.10	00:47:03.155	1.35463	1.35581			6
2025.06.10	00:47:03.465	1.35487	1.35563			6
2025.06.10	00:47:03.766	1.35486	1.35567			6
2025.06.10	00:47:04.074	1.35471	1.35590			6
2025.06.10	00:47:04.685	1.35496				2
2025.06.10	00:47:05.301	1.35491	1.35555			6
2025.06.10	00:47:05.601	1.35492				2
2025.06.10	00:47:06.214	1.35478				2
2025.06.10	00:47:06.519	1.35491				2
2025.06.10	00:47:07.138	1.35496	1.35569			6
2025.06.10	00:47:08.664		1.35583			4
2025.06.10	00:47:09.273	1.35480	1.35555			6
2025.06.10	00:47:09.883	1.35493				2
2025.06.10	00:47:10.197	1.35478				2
2025.06.10	00:47:10.498	1.35487				2
2025.06.10	00:47:11.105	1.35496	1.35588			6
2025.06.10	00:47:11.424		1.35589			4
2025.06.10	00:47:13.255	1.35482	1.35555			6
2025.06.10	00:47:13.556	1.35492				2
2025.06.10	00:47:13.857	1.35489				2
2025.06.10	00:47:14.160	1.35479				2
2025.06.10	00:47:15.091	1.35496	1.35581			6
2025.06.10	00:47:18.152	1.35478	1.35555			6
2025.06.10	00:47:18.465	1.35480				2
2025.06.10	00:47:18.767	1.35489				2
2025.06.10	00:47:19.076	1.35488				2
2025.06.10	00:47:19.381	1.35485				2
2025.06.10	00:47:19.988	1.35491				2
2025.06.10	00:47:20.290	1.35496	1.35585			6
2025.06.10	00:47:21.205	1.35479	1.35555			6
2025.06.10	00:47:21.517	1.35487				2
2025.06.10	00:47:21.823	1.35490				2
2025.06.10	00:47:22.123	1.35478				2
2025.06.10	00:47:22.426	1.35479				2
2025.06.10	00:47:22.728	1.35478				2
2025.06.10	00:47:23.047	1.35496	1.35570			6
2025.06.10	00:47:23.354	1.35478	1.35555			6
2025.06.10	00:47:23.667	1.35479				2
2025.06.10	00:47:23.970	1.35478				2
2025.06.10	00:47:24.281	1.35496	1.35583			6
2025.06.10	00:47:25.817		1.35584			4
2025.06.10	00:47:26.122	1.35494	1.35555			6
2025.06.10	00:47:27.036	1.35496	1.35556			6
2025.06.10	00:47:27.338	1.35488	1.35555			6
2025.06.10	00:47:27.642	1.35479				2
2025.06.10	00:47:28.256	1.35478				2
2025.06.10	00:47:29.178	1.35496	1.35585			6
2025.06.10	00:47:30.091	1.35478	1.35555			6
2025.06.10	00:47:30.396	1.35487				2
2025.06.10	00:47:30.700	1.35491				2
2025.06.10	00:47:31.001	1.35496	1.35556			6
2025.06.10	00:47:31.305	1.35480	1.35555			6
2025.06.10	00:47:31.612	1.35481				2
2025.06.10	00:47:32.225	1.35496	1.35584			6
2025.06.10	00:47:34.069	1.35479	1.35555			6
2025.06.10	00:47:34.377	1.35489				2
2025.06.10	00:47:35.289	1.35482				2
2025.06.10	00:47:35.589	1.35484				2
2025.06.10	00:47:35.891	1.35490				2
2025.06.10	00:47:36.194	1.35478				2
2025.06.10	00:47:36.801	1.35480				2
2025.06.10	00:47:37.103	1.35482				2
2025.06.10	00:47:38.027	1.35496	1.35568			6
2025.06.10	00:47:38.334		1.35585			4
2025.06.10	00:47:38.641		1.35587			4
2025.06.10	00:47:41.110	1.35479	1.35555			6
2025.06.10	00:47:41.717	1.35480				2
2025.06.10	00:47:42.018	1.35496	1.35561			6
2025.06.10	00:47:42.323	1.35478	1.35555			6
2025.06.10	00:47:42.934	1.35479				2
2025.06.10	00:47:43.240	1.35480				2
2025.06.10	00:47:44.158	1.35478				2
2025.06.10	00:47:45.080	1.35496	1.35578			6
2025.06.10	00:47:46.002	1.35478	1.35555			6
2025.06.10	00:47:46.309	1.35481				2
2025.06.10	00:47:46.610	1.35483				2
2025.06.10	00:47:47.224	1.35479				2
2025.06.10	00:47:47.538	1.35485				2
2025.06.10	00:47:48.157	1.35478				2
2025.06.10	00:47:48.457	1.35487				2
2025.06.10	00:47:48.767	1.35486				2
2025.06.10	00:47:49.073	1.35496	1.35580			6
2025.06.10	00:47:49.374		1.35570			4
2025.06.10	00:47:50.898		1.35577			4
2025.06.10	00:47:51.215	1.35483	1.35555			6
2025.06.10	00:47:51.524	1.35489				2
2025.06.10	00:47:52.138	1.35492				2
2025.06.10	00:47:53.049	1.35496	1.35569			6
2025.06.10	00:47:53.350	1.35479	1.35555			6
2025.06.10	00:47:53.651	1.35493				2
2025.06.10	00:47:53.958	1.35485				2
2025.06.10	00:47:54.259	1.35478				2
2025.06.10	00:47:54.568	1.35487				2
2025.06.10	00:47:54.881	1.35488				2
2025.06.10	00:47:55.184	1.35496	1.35585			6
2025.06.10	00:47:56.107	1.35489	1.35555			6
2025.06.10	00:47:56.413	1.35490				2
2025.06.10	00:47:56.719	1.35495				2
2025.06.10	00:47:57.022	1.35496	1.35561			6
2025.06.10	00:47:57.324	1.35482	1.35555			6
2025.06.10	00:47:57.641	1.35495				2
2025.06.10	00:47:58.248	1.35496	1.35576			6
2025.06.10	00:47:58.560	1.35497	1.35573			6
2025.06.10	00:47:59.467	1.35496	1.35585			6
2025.06.10	00:48:00.081	1.35496	1.35568			6
2025.06.10	00:48:00.384		1.35584			4
2025.06.10	00:48:01.007	1.35478	1.35555			6
2025.06.10	00:48:01.315	1.35487				2
2025.06.10	00:48:02.232	1.35480				2
2025.06.10	00:48:02.538	1.35487				2
2025.06.10	00:48:02.850	1.35492				2
2025.06.10	00:48:03.154	1.35496	1.35584			6
2025.06.10	00:48:03.466		1.35570			4
2025.06.10	00:48:04.073	1.35478	1.35555			6
2025.06.10	00:48:04.375	1.35489				2
2025.06.10	00:48:04.682	1.35491				2
2025.06.10	00:48:05.292	1.35495				2
2025.06.10	00:48:06.205	1.35478				2
2025.06.10	00:48:06.517	1.35493				2
2025.06.10	00:48:07.137	1.35496	1.35586			6
2025.06.10	00:48:08.674		1.35568			4
2025.06.10	00:48:09.288	1.35492	1.35555			6
2025.06.10	00:48:10.207	1.35478				2
2025.06.10	00:48:10.511	1.35493				2
2025.06.10	00:48:11.118	1.35478				2
2025.06.10	00:48:11.419	1.35493				2
2025.06.10	00:48:12.035	1.35496	1.35562			6
2025.06.10	00:48:12.338		1.35567			4
2025.06.10	00:48:12.649		1.35583			4
2025.06.10	00:48:14.484		1.35571			4
2025.06.10	00:48:14.791		1.35577			4
2025.06.10	00:48:15.101	1.35479	1.35555			6
2025.06.10	00:48:15.401	1.35493				2
2025.06.10	00:48:16.013	1.35496	1.35560			6
2025.06.10	00:48:16.318	1.35481	1.35555			6
2025.06.10	00:48:16.628	1.35482				2
2025.06.10	00:48:17.236	1.35496	1.35584			6
2025.06.10	00:48:18.153	1.35482	1.35555			6
2025.06.10	00:48:19.073	1.35496	1.35579			6
2025.06.10	00:48:19.378		1.35580			4
2025.06.10	00:48:19.684		1.35585			4
2025.06.10	00:48:20.293	1.35491	1.35555			6
2025.06.10	00:48:20.599	1.35493				2
2025.06.10	00:48:21.212	1.35479				2
2025.06.10	00:48:21.519	1.35480				2
2025.06.10	00:48:21.820	1.35481				2
2025.06.10	00:48:22.128	1.35496	1.35577			6
2025.06.10	00:48:23.059	1.35481	1.35555			6
2025.06.10	00:48:23.362	1.35491				2
2025.06.10	00:48:23.674	1.35489				2
2025.06.10	00:48:24.283	1.35496	1.35579			6
2025.06.10	00:48:25.197	1.35478	1.35555			6
2025.06.10	00:48:25.504	1.35489				2
2025.06.10	00:48:25.809	1.35496				2
2025.06.10	00:48:26.116	1.35478				2
2025.06.10	00:48:26.420	1.35495				2
2025.06.10	00:48:27.027	1.35496	1.35561			6
2025.06.10	00:48:27.337		1.35572			4
2025.06.10	00:48:28.574		1.35579			4
2025.06.10	00:48:29.195	1.35478	1.35555			6
2025.06.10	00:48:29.504	1.35489				2
2025.06.10	00:48:30.114	1.35478				2
2025.06.10	00:48:30.416	1.35491				2
2025.06.10	00:48:30.718	1.35500				2
2025.06.10	00:48:31.019		1.35558			4
2025.06.10	00:48:31.321	1.35501	1.35562			6
2025.06.10	00:48:32.233	1.35496	1.35579			6
2025.06.10	00:48:32.541		1.35577			4
2025.06.10	00:48:32.843		1.35580			4
2025.06.10	00:48:33.149		1.35570			4
2025.06.10	00:48:33.770		1.35574			4
2025.06.10	00:48:34.073		1.35577			4
2025.06.10	00:48:34.384		1.35562			4
2025.06.10	00:48:35.292	1.35481	1.35555			6
2025.06.10	00:48:35.603	1.35492				2
2025.06.10	00:48:35.905	1.35490				2
2025.06.10	00:48:36.208	1.35482				2
2025.06.10	00:48:36.511	1.35483				2
2025.06.10	00:48:37.120	1.35478				2
2025.06.10	00:48:38.043	1.35496	1.35570			6
2025.06.10	00:48:38.349		1.35581			4
2025.06.10	00:48:40.195	1.35479	1.35555			6
2025.06.10	00:48:40.498	1.35480				2
2025.06.10	00:48:40.808	1.35479				2
2025.06.10	00:48:41.117	1.35483				2
2025.06.10	00:48:42.039	1.35496	1.35575			6
2025.06.10	00:48:42.342		1.35583			4
2025.06.10	00:48:42.966		1.35584			4
2025.06.10	00:48:43.275	1.35481	1.35555			6
2025.06.10	00:48:43.580	1.35491				2
2025.06.10	00:48:43.881	1.35492				2
2025.06.10	00:48:44.191	1.35496	1.35585			6
2025.06.10	00:48:45.110	1.35480	1.35555			6
2025.06.10	00:48:45.421	1.35496				2
2025.06.10	00:48:46.035		1.35566			4
2025.06.10	00:48:46.336		1.35585			4
2025.06.10	00:48:47.258	1.35494	1.35555			6
2025.06.10	00:48:47.559	1.35495				2
2025.06.10	00:48:47.860	1.35493				2
2025.06.10	00:48:48.178	1.35479				2
2025.06.10	00:48:48.480	1.35480				2
2025.06.10	00:48:48.783	1.35481				2
2025.06.10	00:48:49.085	1.35496	1.35582			6
2025.06.10	00:48:49.385		1.35583			4
2025.06.10	00:48:50.002	1.35484	1.35555			6
2025.06.10	00:48:50.306	1.35489				2
2025.06.10	00:48:51.228	1.35496	1.35583			6
2025.06.10	00:48:53.050	1.35478	1.35555			6
2025.06.10	00:48:53.354	1.35493				2
2025.06.10	00:48:53.661	1.35488				2
2025.06.10	00:48:53.970	1.35489				2
2025.06.10	00:48:54.278	1.35481				2
2025.06.10	00:48:56.097	1.35496	1.35583			6
2025.06.10	00:48:58.223	1.35478	1.35555			6
2025.06.10	00:48:58.528	1.35479				2
2025.06.10	00:48:58.831	1.35484				2
2025.06.10	00:48:59.136	1.35496	1.35579			6
2025.06.10	00:48:59.747		1.35578			4
2025.06.10	00:49:00.051	1.35496				2
2025.06.10	00:49:00.354		1.35579			4
2025.06.10	00:49:01.267	1.35478	1.35555			6
2025.06.10	00:49:01.570	1.35481				2
2025.06.10	00:49:01.878	1.35484				2
2025.06.10	00:49:02.182	1.35480				2
2025.06.10	00:49:03.100	1.35478				2
2025.06.10	00:49:03.400	1.35485				2
2025.06.10	00:49:04.021	1.35496	1.35573			6
2025.06.10	00:49:04.322		1.35579			4
2025.06.10	00:49:06.154	1.35480	1.35555			6
2025.06.10	00:49:06.463	1.35496				2
2025.06.10	00:49:07.069		1.35581			4
2025.06.10	00:49:07.369		1.35583			4
2025.06.10	00:49:09.197	1.35485	1.35555			6
2025.06.10	00:49:09.504	1.35484				2
2025.06.10	00:49:10.110	1.35480				2
2025.06.10	00:49:11.021	1.35496	1.35574			6
2025.06.10	00:49:11.322	1.35482	1.35555			6
2025.06.10	00:49:11.625	1.35481				2
2025.06.10	00:49:11.942	1.35483				2
2025.06.10	00:49:12.250	1.35496	1.35583			6
2025.06.10	00:49:13.165	1.35478	1.35555			6
2025.06.10	00:49:13.474	1.35483				2
2025.06.10	00:49:14.078	1.35481				2
2025.06.10	00:49:14.380	1.35495				2
2025.06.10	00:49:14.986	1.35497				2
2025.06.10	00:49:15.286	1.35496	1.35588			6
2025.06.10	00:49:17.132	1.35480	1.35555			6
2025.06.10	00:49:17.436	1.35491				2
2025.06.10	00:49:17.738	1.35479				2
2025.06.10	00:49:18.040	1.35496	1.35561			6
2025.06.10	00:49:18.344	1.35480	1.35555			6
2025.06.10	00:49:19.256	1.35478				2
2025.06.10	00:49:20.176	1.35496	1.35583			6
2025.06.10	00:49:22.012	1.35482	1.35555			6
2025.06.10	00:49:22.619	1.35483				2
2025.06.10	00:49:23.228	1.35481				2
2025.06.10	00:49:23.533	1.35482				2
2025.06.10	00:49:24.138	1.35478				2
2025.06.10	00:49:25.060	1.35496	1.35572			6
2025.06.10	00:49:25.362		1.35577			4
2025.06.10	00:49:25.668		1.35580			4
2025.06.10	00:49:27.185	1.35481	1.35555			6
2025.06.10	00:49:27.485	1.35482				2
2025.06.10	00:49:28.102	1.35496	1.35582			6
2025.06.10	00:49:28.404		1.35583			4
2025.06.10	00:49:29.634		1.35585			4
2025.06.10	00:49:30.244	1.35479	1.35555			6
2025.06.10	00:49:30.553	1.35484				2
2025.06.10	00:49:31.167	1.35479				2
2025.06.10	00:49:31.474	1.35485				2
2025.06.10	00:49:31.775	1.35484				2
2025.06.10	00:49:32.076	1.35478				2
2025.06.10	00:49:32.381	1.35488				2
2025.06.10	00:49:33.285	1.35496	1.35584			6
2025.06.10	00:49:33.595		1.35576			4
2025.06.10	00:49:34.203	1.35478	1.35555			6
2025.06.10	00:49:34.505	1.35490				2
2025.06.10	00:49:35.124	1.35478				2
2025.06.10	00:49:35.735	1.35481				2
2025.06.10	00:49:36.037	1.35496	1.35571			6
2025.06.10	00:49:36.338		1.35579			4
2025.06.10	00:49:38.175	1.35479	1.35555			6
2025.06.10	00:49:38.485	1.35494				2
2025.06.10	00:49:38.792	1.35495				2
2025.06.10	00:49:39.101	1.35479				2
2025.06.10	00:49:39.403	1.35485				2
2025.06.10	00:49:39.709	1.35494				2
2025.06.10	00:49:40.010	1.35496	1.35562			6
2025.06.10	00:49:40.316	1.35501	1.35569			6
2025.06.10	00:49:40.618	1.35507	1.35575			6
2025.06.10	00:49:40.918	1.35497	1.35578			6
2025.06.10	00:49:41.222	1.35501	1.35574			6
2025.06.10	00:49:42.147	1.35491	1.35555			6
2025.06.10	00:49:42.455	1.35490				2
2025.06.10	00:49:42.758	1.35491				2
2025.06.10	00:49:43.064	1.35496				2
2025.06.10	00:49:43.368	1.35492				2
2025.06.10	00:49:44.285	1.35496	1.35583			6
2025.06.10	00:49:44.595		1.35580			4
2025.06.10	00:49:45.514		1.35581			4
2025.06.10	00:49:46.124	1.35478	1.35555			6
2025.06.10	00:49:46.743	1.35484				2
2025.06.10	00:49:47.043	1.35496	1.35563			6
2025.06.10	00:49:47.345	1.35479	1.35555			6
2025.06.10	00:49:47.646	1.35496	1.35554			6
2025.06.10	00:49:48.256	1.35486	1.35555			6
2025.06.10	00:49:48.561	1.35493	1.35554			6
2025.06.10	00:49:48.865	1.35488	1.35555			6
2025.06.10	00:49:49.168	1.35496	1.35581			6
2025.06.10	00:49:49.471	1.35503	1.35573			6
2025.06.10	00:49:49.778	1.35496	1.35581			6
2025.06.10	00:49:50.390		1.35582			4
2025.06.10	00:49:52.214		1.35583			4
2025.06.10	00:49:53.127	1.35479	1.35555			6
2025.06.10	00:49:54.045	1.35496	1.35561			6
2025.06.10	00:49:54.347	1.35483	1.35555			6
2025.06.10	00:49:54.649	1.35484				2
2025.06.10	00:49:55.263	1.35481				2
2025.06.10	00:49:55.567	1.35490				2
2025.06.10	00:49:56.174	1.35478				2
2025.06.10	00:49:56.477	1.35493				2
2025.06.10	00:49:56.786	1.35494				2
2025.06.10	00:49:57.093	1.35496	1.35581			6
2025.06.10	00:49:57.721		1.35582			4
2025.06.10	00:49:58.025	1.35478	1.35555			6
2025.06.10	00:49:58.331	1.35485				2
2025.06.10	00:49:59.248	1.35496	1.35578			6
2025.06.10	00:50:00.173	1.35478	1.35555			6
2025.06.10	00:50:00.479	1.35489				2
2025.06.10	00:50:01.095	1.35480				2
2025.06.10	00:50:01.400	1.35481				2
2025.06.10	00:50:01.707	1.35482				2
2025.06.10	00:50:02.016	1.35496	1.35567			6
2025.06.10	00:50:02.319		1.35581			4
2025.06.10	00:50:04.170		1.35582			4
2025.06.10	00:50:05.091	1.35480	1.35555			6
2025.06.10	00:50:05.399	1.35478				2
2025.06.10	00:50:06.015	1.35496	1.35561			6
2025.06.10	00:50:06.320	1.35478	1.35555			6
2025.06.10	00:50:09.089	1.35496	1.35583			6
2025.06.10	00:50:09.396		1.35584			4
2025.06.10	00:50:09.699		1.35585			4
2025.06.10	00:50:10.006	1.35478	1.35555			6
2025.06.10	00:50:10.309	1.35493				2
2025.06.10	00:50:11.221	1.35481				2
2025.06.10	00:50:11.525	1.35484				2
2025.06.10	00:50:11.827	1.35481				2
2025.06.10	00:50:12.140	1.35496	1.35580			6
2025.06.10	00:50:13.362		1.35582			4
2025.06.10	00:50:14.280	1.35493	1.35555			6
2025.06.10	00:50:14.589	1.35489				2
2025.06.10	00:50:15.203	1.35483				2
2025.06.10	00:50:15.506	1.35487				2
2025.06.10	00:50:15.810	1.35484				2
2025.06.10	00:50:16.117	1.35496	1.35582			6
2025.06.10	00:50:18.271	1.35479	1.35555			6
2025.06.10	00:50:18.571	1.35492				2
2025.06.10	00:50:19.186	1.35496	1.35584			6
2025.06.10	00:50:19.792		1.35583			4
2025.06.10	00:50:21.020	1.35482	1.35555			6
2025.06.10	00:50:21.322	1.35498				2
2025.06.10	00:50:22.238	1.35486				2
2025.06.10	00:50:22.542	1.35492				2
2025.06.10	00:50:23.153	1.35479				2
2025.06.10	00:50:23.454	1.35495				2
2025.06.10	00:50:23.756	1.35496				2
2025.06.10	00:50:24.060		1.35568			4
2025.06.10	00:50:24.360		1.35574			4
2025.06.10	00:50:24.681		1.35572			4
2025.06.10	00:50:24.988	1.35500	1.35567			6
2025.06.10	00:50:26.211	1.35496	1.35573			6
2025.06.10	00:50:27.130	1.35479	1.35555			6
2025.06.10	00:50:27.441	1.35495				2
2025.06.10	00:50:28.055	1.35496	1.35585			6
2025.06.10	00:50:28.356		1.35555			4
2025.06.10	00:50:29.281	1.35502	1.35567			6
2025.06.10	00:50:29.587	1.35496	1.35584			6
2025.06.10	00:50:29.890		1.35573			4
2025.06.10	00:50:30.198		1.35580			4
2025.06.10	00:50:31.118		1.35578			4
2025.06.10	00:50:32.049		1.35583			4
2025.06.10	00:50:32.656		1.35571			4
2025.06.10	00:50:33.268	1.35493	1.35555			6
2025.06.10	00:50:33.569	1.35491				2
2025.06.10	00:50:33.871	1.35499				2
2025.06.10	00:50:34.182	1.35493				2
2025.06.10	00:50:34.486	1.35495				2
2025.06.10	00:50:34.788	1.35499				2
2025.06.10	00:50:35.100	1.35509	1.35567			6
2025.06.10	00:50:35.404		1.35568			4
2025.06.10	00:50:35.707	1.35496	1.35584			6
2025.06.10	00:50:36.012		1.35577			4
2025.06.10	00:50:36.318	1.35498	1.35571			6
2025.06.10	00:50:36.623	1.35499	1.35575			6
2025.06.10	00:50:36.927		1.35572			4
2025.06.10	00:50:37.538	1.35500				2
2025.06.10	00:50:38.148	1.35479	1.35555			6
2025.06.10	00:50:38.457	1.35497				2
2025.06.10	00:50:38.761	1.35483				2
2025.06.10	00:50:39.063	1.35496				2
2025.06.10	00:50:39.366	1.35479				2
2025.06.10	00:50:39.669	1.35480				2
2025.06.10	00:50:39.978	1.35481				2
2025.06.10	00:50:40.288	1.35496	1.35583			6
2025.06.10	00:50:43.046	1.35479	1.35555			6
2025.06.10	00:50:43.353	1.35490				2
2025.06.10	00:50:43.660	1.35491				2
2025.06.10	00:50:44.270	1.35496	1.35584			6
2025.06.10	00:50:44.576		1.35583			4
2025.06.10	00:50:45.185	1.35487	1.35555			6
2025.06.10	00:50:45.491	1.35500				2
2025.06.10	00:50:46.098	1.35478				2
2025.06.10	00:50:46.399	1.35491				2
2025.06.10	00:50:46.714	1.35495				2
2025.06.10	00:50:47.016	1.35496	1.35561			6
2025.06.10	00:50:47.325		1.35584			4
2025.06.10	00:50:47.629		1.35585			4
2025.06.10	00:50:48.247	1.35483	1.35555			6
2025.06.10	00:50:48.855	1.35482				2
2025.06.10	00:50:49.161	1.35478				2
2025.06.10	00:50:49.474	1.35496				2
2025.06.10	00:50:49.779	1.35494				2
2025.06.10	00:50:50.083	1.35478				2
2025.06.10	00:50:50.386	1.35488				2
2025.06.10	00:50:51.015	1.35496	1.35573			6
2025.06.10	00:50:51.323		1.35579			4
2025.06.10	00:50:51.627		1.35581			4
2025.06.10	00:50:51.936		1.35586			4
2025.06.10	00:50:53.166	1.35481	1.35555			6
2025.06.10	00:50:53.470	1.35487				2
2025.06.10	00:50:54.093	1.35496	1.35585			6
2025.06.10	00:50:56.242	1.35482	1.35555			6
2025.06.10	00:50:56.548	1.35498				2
2025.06.10	00:50:56.849	1.35502				2
2025.06.10	00:50:57.155	1.35495	1.35578			6
2025.06.10	00:50:58.376		1.35579			4
2025.06.10	00:50:59.293	1.35489	1.35555			6
2025.06.10	00:50:59.595	1.35496				2
2025.06.10	00:51:00.209	1.35477				2
2025.06.10	00:51:01.424	1.35484				2
2025.06.10	00:51:01.738	1.35482				2
2025.06.10	00:51:02.039	1.35495	1.35570			6
2025.06.10	00:51:02.346	1.35477	1.35555			6
2025.06.10	00:51:03.268	1.35495	1.35579			6
2025.06.10	00:51:03.880		1.35580			4
2025.06.10	00:51:04.190	1.35483	1.35555			6
2025.06.10	00:51:04.497	1.35484				2
2025.06.10	00:51:05.109	1.35481				2
2025.06.10	00:51:05.719	1.35482				2
2025.06.10	00:51:06.032	1.35495	1.35570			6
2025.06.10	00:51:06.345	1.35482	1.35555			6
2025.06.10	00:51:07.265	1.35495	1.35580			6
2025.06.10	00:51:07.572		1.35582			4
2025.06.10	00:51:09.107	1.35482	1.35555			6
2025.06.10	00:51:09.415	1.35484				2
2025.06.10	00:51:10.028	1.35495	1.35561			6
2025.06.10	00:51:10.335	1.35485	1.35555			6
2025.06.10	00:51:10.949	1.35484				2
2025.06.10	00:51:11.255	1.35477				2
2025.06.10	00:51:11.560	1.35487				2
2025.06.10	00:51:11.869	1.35488				2
2025.06.10	00:51:12.169	1.35495	1.35581			6
2025.06.10	00:51:12.480		1.35582			4
2025.06.10	00:51:14.017	1.35477	1.35555			6
2025.06.10	00:51:14.319	1.35484				2
2025.06.10	00:51:14.624	1.35481				2
2025.06.10	00:51:14.930	1.35483				2
2025.06.10	00:51:15.250	1.35495	1.35579			6
2025.06.10	00:51:17.091	1.35477	1.35555			6
2025.06.10	00:51:17.403	1.35485				2
2025.06.10	00:51:18.013	1.35495	1.35556			6
2025.06.10	00:51:18.319	1.35482	1.35555			6
2025.06.10	00:51:18.635	1.35478				2
2025.06.10	00:51:19.252	1.35480				2
2025.06.10	00:51:19.552	1.35481				2
2025.06.10	00:51:20.175	1.35495	1.35583			6
2025.06.10	00:51:20.478		1.35581			4
2025.06.10	00:51:22.014	1.35478	1.35555			6
2025.06.10	00:51:22.323	1.35481				2
2025.06.10	00:51:23.255	1.35495	1.35574			6
2025.06.10	00:51:23.562		1.35583			4
2025.06.10	00:51:25.097	1.35478	1.35555			6
2025.06.10	00:51:25.403	1.35481				2
2025.06.10	00:51:25.711	1.35483				2
2025.06.10	00:51:26.021	1.35495	1.35556			6
2025.06.10	00:51:26.321		1.35574			4
2025.06.10	00:51:26.640		1.35583			4
2025.06.10	00:51:28.176	1.35486	1.35555			6
2025.06.10	00:51:29.089	1.35495	1.35574			6
2025.06.10	00:51:29.404		1.35584			4
2025.06.10	00:51:30.948		1.35585			4
2025.06.10	00:51:31.260	1.35478	1.35555			6
2025.06.10	00:51:31.564	1.35480				2
2025.06.10	00:51:32.192	1.35477				2
2025.06.10	00:51:33.441	1.35479				2
2025.06.10	00:51:34.069	1.35477				2
2025.06.10	00:51:34.997	1.35495				2
2025.06.10	00:51:35.300		1.35583			4
2025.06.10	00:51:35.610		1.35584			4
2025.06.10	00:51:36.234		1.35585			4
2025.06.10	00:51:37.176	1.35478	1.35555			6
2025.06.10	00:51:37.486	1.35481				2
2025.06.10	00:51:37.790	1.35480				2
2025.06.10	00:51:38.104	1.35477				2
2025.06.10	00:51:39.038	1.35495	1.35569			6
2025.06.10	00:51:39.341	1.35477	1.35555			6
2025.06.10	00:51:40.278	1.35495	1.35574			6
2025.06.10	00:51:40.595		1.35578			4
2025.06.10	00:51:41.827		1.35576			4
2025.06.10	00:51:42.147		1.35587			4
2025.06.10	00:51:43.082	1.35478	1.35555			6
2025.06.10	00:51:43.382	1.35482				2
2025.06.10	00:51:43.692	1.35478				2
2025.06.10	00:51:44.007	1.35495	1.35560			6
2025.06.10	00:51:44.317	1.35477	1.35555			6
2025.06.10	00:51:45.238	1.35495	1.35574			6
2025.06.10	00:51:46.161		1.35589			4
2025.06.10	00:51:47.392		1.35588			4
2025.06.10	00:51:48.622		1.35589			4
2025.06.10	00:51:48.930		1.35591			4
2025.06.10	00:51:49.238	1.35477	1.35555			6
2025.06.10	00:51:49.545	1.35480				2
2025.06.10	00:51:49.855	1.35479				2
2025.06.10	00:51:50.163	1.35477				2
2025.06.10	00:51:51.076	1.35495	1.35574			6
2025.06.10	00:51:51.694		1.35591			4
2025.06.10	00:51:53.843		1.35534			4
2025.06.10	00:51:54.145	1.35482	1.35533			6
2025.06.10	00:51:54.765	1.35486				2
2025.06.10	00:51:55.067	1.35488	1.35534			6
2025.06.10	00:51:55.370	1.35490				2
2025.06.10	00:51:56.274	1.35495				2
2025.06.10	00:51:58.093		1.35535			4
2025.06.10	00:51:59.015	1.35488				2
2025.06.10	00:51:59.628	1.35489				2
2025.06.10	00:52:00.242	1.35495				2
2025.06.10	00:52:00.546		1.35534			4
2025.06.10	00:52:01.765		1.35533			4
2025.06.10	00:52:02.373		1.35534			4
2025.06.10	00:52:03.296	1.35487				2
2025.06.10	00:52:03.603	1.35482	1.35529			6
2025.06.10	00:52:04.209	1.35433	1.35533			6
2025.06.10	00:52:04.510	1.35469				2
2025.06.10	00:52:06.659	1.35467				2
2025.06.10	00:52:07.277	1.35471	1.35528			6
2025.06.10	00:52:08.805	1.35464	1.35527			6
2025.06.10	00:52:09.110	1.35478				2
2025.06.10	00:52:09.718	1.35481	1.35597			6
2025.06.10	00:52:10.022	1.35480				2
2025.06.10	00:52:10.332	1.35479	1.35601			6
2025.06.10	00:52:10.641	1.35474	1.35606			6
2025.06.10	00:52:12.179		1.35595			4
2025.06.10	00:52:12.489		1.35606			4
2025.06.10	00:52:13.725	1.35475	1.35605			6
2025.06.10	00:52:14.028	1.35472				2
2025.06.10	00:52:14.344		1.35606			4
2025.06.10	00:52:14.958		1.35607			4
2025.06.10	00:52:24.493	1.35473	1.35606			6
2025.06.10	00:52:26.340	1.35465	1.35531			6
2025.06.10	00:52:26.641	1.35474	1.35536			6
2025.06.10	00:52:27.559		1.35537			4
2025.06.10	00:52:28.778	1.35470	1.35548			6
2025.06.10	00:52:29.080	1.35480	1.35534			6
2025.06.10	00:52:29.687	1.35471				2
2025.06.10	00:52:29.991	1.35484				2
2025.06.10	00:52:30.901	1.35483				2
2025.06.10	00:52:31.513	1.35476				2
2025.06.10	00:52:31.816	1.35483				2
2025.06.10	00:52:32.129	1.35482				2
2025.06.10	00:52:32.741	1.35480				2
2025.06.10	00:52:33.044	1.35479				2
2025.06.10	00:52:34.575		1.35533			4
2025.06.10	00:52:34.883	1.35444				2
2025.06.10	00:52:35.192	1.35459				2
2025.06.10	00:52:36.115	1.35457				2
2025.06.10	00:52:39.201	1.35466	1.35550			6
2025.06.10	00:52:39.504	1.35472	1.35548			6
2025.06.10	00:52:40.422	1.35462	1.35553			6
2025.06.10	00:52:40.732	1.35463				2
2025.06.10	00:52:41.652	1.35477	1.35548			6
2025.06.10	00:52:41.966	1.35466	1.35553			6
2025.06.10	00:52:42.284	1.35478	1.35549			6
2025.06.10	00:52:42.893		1.35547			4
2025.06.10	00:52:43.198	1.35481				2
2025.06.10	00:52:43.504	1.35469	1.35553			6
2025.06.10	00:52:43.818	1.35468				2
2025.06.10	00:52:44.124	1.35469				2
2025.06.10	00:52:46.909	1.35467				2
2025.06.10	00:52:47.217	1.35469				2
2025.06.10	00:52:47.527	1.35472				2
2025.06.10	00:52:47.835	1.35480	1.35545			6
2025.06.10	00:52:49.056	1.35470	1.35553			6
2025.06.10	00:52:49.359	1.35479	1.35548			6
2025.06.10	00:52:49.669	1.35471	1.35553			6
2025.06.10	00:52:49.970	1.35474	1.35550			6
2025.06.10	00:52:50.277	1.35475				2
2025.06.10	00:52:52.108	1.35469	1.35553			6
2025.06.10	00:52:52.731	1.35481	1.35545			6
2025.06.10	00:52:54.846	1.35478	1.35550			6
2025.06.10	00:52:56.057	1.35472	1.35553			6
2025.06.10	00:52:56.371	1.35480	1.35545			6
2025.06.10	00:52:56.979	1.35473	1.35553			6
2025.06.10	00:52:57.304	1.35481	1.35547			6
2025.06.10	00:52:57.611	1.35480	1.35546			6
2025.06.10	00:52:57.923		1.35547			4
2025.06.10	00:53:00.067	1.35482	1.35546			6
2025.06.10	00:53:00.371	1.35481				2
2025.06.10	00:53:00.683	1.35470	1.35553			6
2025.06.10	00:53:01.006	1.35478	1.35551			6
2025.06.10	00:53:01.311	1.35481	1.35541			6
2025.06.10	00:53:01.612	1.35473	1.35553			6
2025.06.10	00:53:02.220	1.35482	1.35545			6
2025.06.10	00:53:02.529	1.35481	1.35547			6
2025.06.10	00:53:03.452	1.35482	1.35546			6
2025.06.10	00:53:06.190	1.35472	1.35553			6
2025.06.10	00:53:06.502	1.35479	1.35548			6
2025.06.10	00:53:08.638	1.35477	1.35541			6
2025.06.10	00:53:08.942	1.35479	1.35540			6
2025.06.10	00:53:09.555		1.35535			4
2025.06.10	00:53:12.291	1.35476				2
2025.06.10	00:53:12.898	1.35471				2
2025.06.10	00:53:13.199	1.35470				2
2025.06.10	00:53:13.507	1.35479				2
2025.06.10	00:53:18.102	1.35476				2
2025.06.10	00:53:18.412	1.35483				2
2025.06.10	00:53:18.716	1.35482				2
2025.06.10	00:53:19.328	1.35477				2
2025.06.10	00:53:19.637	1.35479				2
2025.06.10	00:53:20.244	1.35474				2
2025.06.10	00:53:20.551	1.35482				2
2025.06.10	00:53:22.073	1.35477				2
2025.06.10	00:53:22.702	1.35473				2
2025.06.10	00:53:25.454	1.35477				2
2025.06.10	00:53:26.058	1.35473				2
2025.06.10	00:53:26.362	1.35480				2
2025.06.10	00:53:26.669	1.35481				2
2025.06.10	00:53:26.973	1.35473				2
2025.06.10	00:53:28.834	1.35465	1.35525			6
2025.06.10	00:53:29.136	1.35472				2
2025.06.10	00:53:30.038	1.35471				2
2025.06.10	00:53:30.658	1.35470				2
2025.06.10	00:53:30.970	1.35463	1.35521			6
2025.06.10	00:53:31.273	1.35464	1.35522			6
2025.06.10	00:53:32.911	1.35474	1.35535			6
2025.06.10	00:53:33.215		1.35534			4
2025.06.10	00:53:33.516	1.35467	1.35525			6
2025.06.10	00:53:34.440	1.35466	1.35524			6
2025.06.10	00:53:35.049	1.35465	1.35523			6
2025.06.10	00:53:35.962	1.35466	1.35524			6
2025.06.10	00:53:38.097	1.35462	1.35520			6
2025.06.10	00:53:38.405	1.35468	1.35526			6
2025.06.10	00:53:38.705	1.35457	1.35519			6
2025.06.10	00:53:39.012	1.35465	1.35523			6
2025.06.10	00:53:42.052	1.35468	1.35525			6
2025.06.10	00:53:42.353	1.35463	1.35521			6
2025.06.10	00:53:43.563	1.35462	1.35520			6
2025.06.10	00:53:46.914	1.35461	1.35519			6
2025.06.10	00:53:50.242	1.35468	1.35524			6
2025.06.10	00:53:50.851		1.35526			4
2025.06.10	00:53:53.897	1.35463	1.35521			6
2025.06.10	00:53:54.501	1.35462	1.35520			6
2025.06.10	00:53:57.227	1.35461	1.35519			6
2025.06.10	00:53:57.843	1.35460	1.35518			6
2025.06.10	00:54:00.286	1.35460				2
2025.06.10	00:54:05.179	1.35456	1.35514			6
2025.06.10	00:54:07.024	1.35461	1.35519			6
2025.06.10	00:54:07.328	1.35459	1.35517			6
2025.06.10	00:54:07.637	1.35465	1.35524			6
2025.06.10	00:54:07.942	1.35464	1.35522			6
2025.06.10	00:54:08.560	1.35463	1.35521			6
2025.06.10	00:54:12.870	1.35464	1.35522			6
2025.06.10	00:54:15.337	1.35465	1.35523			6
2025.06.10	00:54:15.639	1.35462	1.35526			6
2025.06.10	00:54:15.948	1.35464	1.35522			6
2025.06.10	00:54:17.492	1.35463	1.35521			6
2025.06.10	00:54:19.028	1.35464	1.35522			6
2025.06.10	00:54:19.640	1.35463	1.35521			6
2025.06.10	00:54:19.950	1.35464	1.35522			6
2025.06.10	00:54:22.115	1.35462	1.35520			6
2025.06.10	00:54:24.264	1.35460	1.35518			6
2025.06.10	00:54:28.274	1.35461	1.35519			6
2025.06.10	00:54:28.898	1.35466	1.35520			6
2025.06.10	00:54:29.509	1.35462				2
2025.06.10	00:54:32.592		1.35519			4
2025.06.10	00:54:33.210		1.35518			4
2025.06.10	00:54:33.828	1.35459	1.35517			6
2025.06.10	00:54:34.756	1.35463	1.35518			6
2025.06.10	00:54:35.066	1.35462	1.35519			6
2025.06.10	00:54:35.684		1.35520			4
2025.06.10	00:54:38.773	1.35463	1.35521			6
2025.06.10	00:54:40.003	1.35462	1.35520			6
2025.06.10	00:54:40.305	1.35463	1.35521			6
2025.06.10	00:54:41.231	1.35462	1.35520			6
2025.06.10	00:54:43.686	1.35461	1.35519			6
2025.06.10	00:54:43.993	1.35462	1.35520			6
2025.06.10	00:54:47.993	1.35463	1.35521			6
2025.06.10	00:54:48.600	1.35462	1.35518			6
2025.06.10	00:54:48.919	1.35463				2
2025.06.10	00:54:49.222	1.35466				2
2025.06.10	00:54:50.755		1.35517			4
2025.06.10	00:54:55.058	1.35464				2
2025.06.10	00:54:56.589	1.35460	1.35516			6
2025.06.10	00:54:57.208	1.35463				2
2025.06.10	00:55:00.290	1.35463				2
2025.06.10	00:55:02.136	1.35464				2
2025.06.10	00:55:02.745	1.35461				2
2025.06.10	00:55:03.359	1.35460	1.35515			6
2025.06.10	00:55:03.664	1.35465				2
2025.06.10	00:55:09.193	1.35462	1.35514			6
2025.06.10	00:55:09.498	1.35466				2
2025.06.10	00:55:09.803	1.35465				2
2025.06.10	00:55:11.339		1.35513			4
2025.06.10	00:55:12.576	1.35462				2
2025.06.10	00:55:12.879	1.35463				2
2025.06.10	00:55:14.417	1.35460	1.35511			6
2025.06.10	00:55:14.723	1.35462	1.35513			6
2025.06.10	00:55:18.110	1.35463				2
2025.06.10	00:55:19.344	1.35465				2
2025.06.10	00:55:20.571	1.35466	1.35512			6
2025.06.10	00:55:20.884	1.35465	1.35511			6
2025.06.10	00:55:25.804		1.35510			4
2025.06.10	00:55:28.567	1.35461				2
2025.06.10	00:55:28.879	1.35466				2
2025.06.10	00:55:29.491	1.35465				2
2025.06.10	00:55:31.031	1.35458				2
2025.06.10	00:55:31.332	1.35466				2
2025.06.10	00:55:34.710	1.35467				2
2025.06.10	00:55:35.636	1.35466				2
2025.06.10	00:55:36.252	1.35462				2
2025.06.10	00:55:39.011	1.35465				2
2025.06.10	00:55:39.317	1.35460				2
2025.06.10	00:55:39.934	1.35459				2
2025.06.10	00:55:40.547	1.35461				2
2025.06.10	00:55:40.851	1.35466	1.35509			6
2025.06.10	00:55:49.448	1.35467				2
2025.06.10	00:55:49.756	1.35465				2
2025.06.10	00:55:50.061	1.35466				2
2025.06.10	00:55:50.682	1.35467				2
2025.06.10	00:55:56.508		1.35508			4
2025.06.10	00:55:58.660	1.35466				2
2025.06.10	00:55:59.586	1.35456				2
2025.06.10	00:56:00.198	1.35457				2
2025.06.10	00:56:02.049	1.35456	1.35505			6
2025.06.10	00:56:02.966	1.35463				2
2025.06.10	00:56:04.204	1.35461	1.35502			6
2025.06.10	00:56:04.504		1.35503			4
2025.06.10	00:56:04.811	1.35464				2
2025.06.10	00:56:05.733	1.35460	1.35505			6
2025.06.10	00:56:06.654	1.35457				2
2025.06.10	00:56:07.575		1.35506			4
2025.06.10	00:56:07.884	1.35463				2
2025.06.10	00:56:08.193	1.35455	1.35505			6
2025.06.10	00:56:08.503	1.35459				2
2025.06.10	00:56:08.806	1.35463				2
2025.06.10	00:56:10.037	1.35459	1.35506			6
2025.06.10	00:56:12.497	1.35462				2
2025.06.10	00:56:12.807	1.35461				2
2025.06.10	00:56:13.112		1.35507			4
2025.06.10	00:56:14.341	1.35448	1.35504			6
2025.06.10	00:56:15.879	1.35449				2
2025.06.10	00:56:16.182	1.35458				2
2025.06.10	00:56:16.802		1.35505			4
2025.06.10	00:56:17.718	1.35441	1.35506			6
2025.06.10	00:56:18.029	1.35440				2
2025.06.10	00:56:18.944	1.35442	1.35505			6
2025.06.10	00:56:19.254	1.35459				2
2025.06.10	00:56:20.176	1.35461				2
2025.06.10	00:56:20.478	1.35458				2
2025.06.10	00:56:20.785	1.35460	1.35506			6
2025.06.10	00:56:22.625	1.35461	1.35507			6
2025.06.10	00:56:22.934	1.35462				2
2025.06.10	00:56:23.242	1.35461	1.35506			6
2025.06.10	00:56:23.551	1.35454				2
2025.06.10	00:56:24.473	1.35458				2
2025.06.10	00:56:24.782	1.35459				2
2025.06.10	00:56:25.712	1.35457				2
2025.06.10	00:56:27.251	1.35461	1.35511			6
2025.06.10	00:56:29.705	1.35462	1.35510			6
2025.06.10	00:56:30.626	1.35475	1.35511			6
2025.06.10	00:56:31.242	1.35465				2
2025.06.10	00:56:31.544	1.35477				2
2025.06.10	00:56:31.849	1.35478				2
2025.06.10	00:56:32.773	1.35474	1.35512			6
2025.06.10	00:56:33.085	1.35478				2
2025.06.10	00:56:35.839	1.35467				2
2025.06.10	00:56:36.151	1.35475				2
2025.06.10	00:56:37.372	1.35477	1.35513			6
2025.06.10	00:56:38.908	1.35473				2
2025.06.10	00:56:39.213	1.35479				2
2025.06.10	00:56:40.138	1.35470				2
2025.06.10	00:56:40.440	1.35478				2
2025.06.10	00:56:40.749	1.35479	1.35512			6
2025.06.10	00:56:41.360		1.35511			4
2025.06.10	00:56:43.817	1.35478				2
2025.06.10	00:56:44.118	1.35472				2
2025.06.10	00:56:44.434	1.35471	1.35512			6
2025.06.10	00:56:44.740	1.35477	1.35511			6
2025.06.10	00:56:45.668	1.35476				2
2025.06.10	00:56:45.976	1.35477				2
2025.06.10	00:56:48.431	1.35478				2
2025.06.10	00:56:51.822		1.35512			4
2025.06.10	00:56:54.588	1.35477	1.35511			6
2025.06.10	00:56:54.899	1.35478				2
2025.06.10	00:56:55.204		1.35512			4
2025.06.10	00:56:56.740		1.35511			4
2025.06.10	00:56:57.048	1.35467				2
2025.06.10	00:56:57.356	1.35478				2
2025.06.10	00:56:57.969	1.35472				2
2025.06.10	00:57:00.125	1.35472				2
2025.06.10	00:57:04.727	1.35468				2
2025.06.10	00:57:09.955		1.35510			4
2025.06.10	00:57:11.497	1.35466				2
2025.06.10	00:57:12.115	1.35467				2
2025.06.10	00:57:12.425	1.35469				2
2025.06.10	00:57:18.889	1.35467				2
2025.06.10	00:57:21.343	1.35473				2
2025.06.10	00:57:21.965	1.35474				2
2025.06.10	00:57:22.268	1.35470				2
2025.06.10	00:57:25.036		1.35511			4
2025.06.10	00:57:26.581		1.35510			4
2025.06.10	00:57:27.809	1.35469				2
2025.06.10	00:57:29.038	1.35467				2
2025.06.10	00:57:32.731	1.35463				2
2025.06.10	00:57:33.038	1.35462				2
2025.06.10	00:57:34.884	1.35464				2
2025.06.10	00:57:35.188		1.35509			4
2025.06.10	00:57:35.495	1.35466				2
2025.06.10	00:57:35.803	1.35467	1.35510			6
2025.06.10	00:57:37.338	1.35470				2
2025.06.10	00:57:37.647	1.35467				2
2025.06.10	00:57:37.953	1.35468				2
2025.06.10	00:57:38.575	1.35467				2
2025.06.10	00:57:38.888	1.35466				2
2025.06.10	00:57:42.883		1.35524			4
2025.06.10	00:57:50.567	1.35467	1.35525			6
2025.06.10	00:57:51.181	1.35470	1.35527			6
2025.06.10	00:57:51.491	1.35467	1.35525			6
2025.06.10	00:57:52.110		1.35511			4
2025.06.10	00:57:52.717	1.35470	1.35510			6
2025.06.10	00:58:00.104	1.35470				2
2025.06.10	00:58:01.028	1.35466				2
2025.06.10	00:58:03.793		1.35507			4
2025.06.10	00:58:07.187	1.35467	1.35509			6
2025.06.10	00:58:07.490	1.35465	1.35503			6
2025.06.10	00:58:09.951		1.35504			4
2025.06.10	00:58:12.107		1.35505			4
2025.06.10	00:58:13.033		1.35504			4
2025.06.10	00:58:20.723	1.35459				2
2025.06.10	00:58:21.037	1.35462				2
2025.06.10	00:58:24.415	1.35457	1.35503			6
2025.06.10	00:58:24.722	1.35460				2
2025.06.10	00:58:25.963	1.35461	1.35504			6
2025.06.10	00:58:26.576	1.35464				2
2025.06.10	00:58:29.345	1.35467	1.35505			6
2025.06.10	00:58:31.187	1.35466				2
2025.06.10	00:58:32.412	1.35465				2
2025.06.10	00:58:41.012	1.35462	1.35502			6
2025.06.10	00:58:41.317		1.35501			4
2025.06.10	00:58:42.243	1.35463				2
2025.06.10	00:58:42.550		1.35503			4
2025.06.10	00:58:45.931	1.35462				2
2025.06.10	00:58:47.465	1.35467	1.35502			6
2025.06.10	00:58:47.774	1.35465				2
2025.06.10	00:58:51.155		1.35503			4
2025.06.10	00:58:52.080		1.35504			4
2025.06.10	00:58:52.700	1.35466				2
2025.06.10	00:58:57.929	1.35465				2
2025.06.10	00:58:58.230	1.35462				2
2025.06.10	00:59:00.072	1.35462	1.35503			6
2025.06.10	00:59:00.380	1.35464				2
2025.06.10	00:59:00.689	1.35460				2
2025.06.10	00:59:01.306	1.35461				2
2025.06.10	00:59:01.617	1.35403	1.35504			6
2025.06.10	00:59:01.921	1.35466	1.35510			6
2025.06.10	00:59:02.539	1.35469				2
2025.06.10	00:59:03.151		1.35507			4
2025.06.10	00:59:03.466	1.35481				2
2025.06.10	00:59:03.769		1.35508			4
2025.06.10	00:59:04.079	1.35482				2
2025.06.10	00:59:04.691		1.35509			4
2025.06.10	00:59:05.611	1.35481	1.35507			6
2025.06.10	00:59:05.917	1.35482	1.35509			6
2025.06.10	00:59:06.532	1.35481	1.35508			6
2025.06.10	00:59:07.140	1.35478				2
2025.06.10	00:59:07.452	1.35475				2
2025.06.10	00:59:09.910	1.35476				2
2025.06.10	00:59:10.220	1.35474				2
2025.06.10	00:59:10.531	1.35475				2
2025.06.10	00:59:12.984		1.35507			4
2025.06.10	00:59:13.292	1.35476				2
2025.06.10	00:59:13.911	1.35477				2
2025.06.10	00:59:14.523	1.35473				2
2025.06.10	00:59:15.139	1.35474				2
2025.06.10	00:59:20.679	1.35475				2
2025.06.10	00:59:23.748	1.35476				2
2025.06.10	00:59:24.057	1.35479	1.35506			6
2025.06.10	00:59:28.369	1.35480				2
2025.06.10	00:59:33.906	1.35478				2
2025.06.10	00:59:34.209	1.35477				2
2025.06.10	00:59:36.977	1.35478				2
2025.06.10	00:59:39.750		1.35505			4
2025.06.10	00:59:41.596	1.35474				2
2025.06.10	00:59:41.899	1.35476				2
2025.06.10	00:59:42.210	1.35473				2
2025.06.10	00:59:43.132	1.35476				2
2025.06.10	00:59:44.670	1.35475				2
2025.06.10	00:59:45.602	1.35477				2
2025.06.10	00:59:46.516	1.35475				2
2025.06.10	00:59:47.137	1.35478				2
2025.06.10	00:59:47.445	1.35474				2
2025.06.10	00:59:49.592	1.35475				2
2025.06.10	00:59:50.515	1.35477				2
2025.06.10	00:59:53.595	1.35482	1.35506			6
2025.06.10	00:59:53.904	1.35481				2
2025.06.10	00:59:54.829	1.35479				2
2025.06.10	00:59:56.054	1.35478				2
2025.06.10	00:59:56.364		1.35505			4
2025.06.10	00:59:57.904	1.35476				2
2025.06.10	00:59:58.517	1.35477				2
2025.06.10	00:59:59.439	1.35476				2
2025.06.10	01:00:00.056	1.35476				2
2025.06.10	01:00:00.364	1.35479	1.35504			6
2025.06.10	01:00:00.665	1.35480	1.35511			6
2025.06.10	01:00:00.970	1.35481	1.35503			6
2025.06.10	01:00:01.283		1.35511			4
2025.06.10	01:00:01.591	1.35479				2
2025.06.10	01:00:01.896	1.35477	1.35510			6
2025.06.10	01:00:02.199	1.35479	1.35511			6
2025.06.10	01:00:02.505	1.35476	1.35528			6
2025.06.10	01:00:02.810	1.35477	1.35527			6
2025.06.10	01:00:03.127	1.35473	1.35526			6
2025.06.10	01:00:03.434	1.35472	1.35534			6
2025.06.10	01:00:03.745	1.35473				2
2025.06.10	01:00:04.055	1.35474	1.35532			6
2025.06.10	01:00:04.965	1.35482	1.35511			6
2025.06.10	01:00:08.340	1.35483				2
2025.06.10	01:00:08.646	1.35484				2
2025.06.10	01:00:08.955	1.35483				2
2025.06.10	01:00:10.179	1.35487				2
2025.06.10	01:00:10.786	1.35481	1.35510			6
2025.06.10	01:00:15.365		1.35509			4
2025.06.10	01:00:15.671	1.35480				2
2025.06.10	01:00:15.977	1.35481				2
2025.06.10	01:00:17.203	1.35479				2
2025.06.10	01:00:17.823	1.35481	1.35507			6
2025.06.10	01:00:18.131	1.35483				2
2025.06.10	01:00:22.723	1.35484				2
2025.06.10	01:00:23.030	1.35500				2
2025.06.10	01:00:24.547	1.35499				2
2025.06.10	01:00:25.160	1.35490	1.35502			6
2025.06.10	01:00:40.127	1.35502	1.35503			6
2025.06.10	01:00:42.267	1.35501	1.35502			6
2025.06.10	01:00:43.191	1.35502	1.35503			6
2025.06.10	01:00:49.606	1.35498	1.35504			6
2025.06.10	01:00:49.917	1.35507	1.35512			6
2025.06.10	01:00:50.833	1.35508				2
2025.06.10	01:00:51.140	1.35506	1.35511			6
2025.06.10	01:00:55.130	1.35505	1.35510			6
2025.06.10	01:00:58.169	1.35507	1.35512			6
2025.06.10	01:00:58.480	1.35508				2
2025.06.10	01:00:59.400	1.35509				2
2025.06.10	01:01:00.020	1.35509				2
2025.06.10	01:01:00.325	1.35508				2
2025.06.10	01:01:00.636	1.35509				2
2025.06.10	01:01:01.557	1.35510				2
2025.06.10	01:01:03.381	1.35511				2
2025.06.10	01:01:04.892	1.35510				2
2025.06.10	01:01:05.198	1.35511				2
2025.06.10	01:01:05.801	1.35510				2
2025.06.10	01:01:06.104	1.35509				2
2025.06.10	01:01:07.015	1.35510				2
2025.06.10	01:01:08.228	1.35509				2
2025.06.10	01:01:10.369	1.35510				2
2025.06.10	01:01:13.118	1.35511				2
2025.06.10	01:01:19.257	1.35510				2
2025.06.10	01:01:19.561	1.35511				2
2025.06.10	01:01:24.710	1.35510				2
2025.06.10	01:01:26.243	1.35512	1.35513			6
2025.06.10	01:01:27.149	1.35510	1.35512			6
2025.06.10	01:01:27.454	1.35509				2
2025.06.10	01:01:27.757	1.35512	1.35513			6
2025.06.10	01:01:28.059	1.35508	1.35512			6
2025.06.10	01:01:29.278	1.35512	1.35516			6
2025.06.10	01:01:30.496	1.35513				2
2025.06.10	01:01:30.804	1.35512	1.35515			6
2025.06.10	01:01:31.106	1.35511				2
2025.06.10	01:01:37.836	1.35513				2
2025.06.10	01:01:42.103	1.35515	1.35516			6
2025.06.10	01:01:48.545	1.35514	1.35515			6
2025.06.10	01:01:51.303	1.35515	1.35516			6
2025.06.10	01:01:52.227	1.35514	1.35515			6
2025.06.10	01:02:00.154	1.35514				2
2025.06.10	01:02:06.600	1.35515	1.35516			6
2025.06.10	01:02:09.960	1.35514	1.35515			6
2025.06.10	01:02:12.707	1.35515	1.35516			6
2025.06.10	01:02:14.232	1.35514	1.35515			6
2025.06.10	01:02:31.357	1.35515	1.35516			6
2025.06.10	01:02:42.285	1.35514	1.35515			6
2025.06.10	01:03:00.265	1.35514				2
2025.06.10	01:03:23.127	1.35513	1.35514			6
2025.06.10	01:03:40.213	1.35514	1.35515			6
2025.06.10	01:03:48.773		1.35517			4
2025.06.10	01:03:49.390	1.35515				2
2025.06.10	01:03:50.300	1.35513				2
2025.06.10	01:03:59.170	1.35512				2
2025.06.10	01:04:00.080	1.35512				2
2025.06.10	01:04:04.933	1.35515				2
2025.06.10	01:04:06.161	1.35511	1.35512			6
2025.06.10	01:04:10.711	1.35510	1.35511			6
2025.06.10	01:04:27.857	1.35509	1.35510			6
2025.06.10	01:04:56.731	1.35507	1.35509			6
2025.06.10	01:04:57.650	1.35506				2
2025.06.10	01:04:59.193	1.35507				2
2025.06.10	01:05:00.121	1.35507				2
2025.06.10	01:05:08.156	1.35508				2
2025.06.10	01:05:20.465	1.35507				2
2025.06.10	01:05:33.968	1.35506				2
2025.06.10	01:05:34.889	1.35507				2
2025.06.10	01:05:35.192	1.35506				2
2025.06.10	01:05:36.724		1.35507			4
2025.06.10	01:05:37.032	1.35504				2
2025.06.10	01:05:37.333	1.35506				2
2025.06.10	01:05:40.400	1.35505				2
2025.06.10	01:05:42.856	1.35506				2
2025.06.10	01:05:59.719	1.35512	1.35516			6
2025.06.10	01:06:00.021	1.35512				2
2025.06.10	01:06:01.264	1.35511				2
2025.06.10	01:06:01.878	1.35512				2
2025.06.10	01:06:13.274	1.35513	1.35514			6
2025.06.10	01:06:14.511	1.35512				2
2025.06.10	01:06:24.358		1.35515			4
2025.06.10	01:06:24.661	1.35518	1.35520			6
2025.06.10	01:06:27.448	1.35519				2
2025.06.10	01:06:28.369	1.35518				2
2025.06.10	01:06:30.225	1.35519				2
2025.06.10	01:06:36.377	1.35520	1.35521			6
2025.06.10	01:07:00.023	1.35521	1.35522			6
2025.06.10	01:07:00.336	1.35520	1.35521			6
2025.06.10	01:07:00.640	1.35519				2
2025.06.10	01:07:03.098	1.35520				2
2025.06.10	01:07:04.950	1.35521	1.35522			6
2025.06.10	01:07:14.180	1.35520	1.35521			6
2025.06.10	01:07:22.493	1.35521	1.35522			6
2025.06.10	01:07:55.299	1.35520	1.35521			6
2025.06.10	01:07:59.284	1.35521	1.35522			6
2025.06.10	01:08:00.203	1.35520	1.35521			6
2025.06.10	01:08:28.125	1.35521	1.35523			6
2025.06.10	01:09:00.121	1.35521				2
2025.06.10	01:09:02.899	1.35522				2
2025.06.10	01:09:23.187		1.35524			4
2025.06.10	01:09:55.171	1.35531	1.35533			6
2025.06.10	01:09:55.475		1.35534			4
2025.06.10	01:09:58.556		1.35535			4
2025.06.10	01:10:00.086	1.35531				2
2025.06.10	01:10:00.387		1.35536			4
2025.06.10	01:10:03.238	1.35532	1.35537			6
2025.06.10	01:10:06.626	1.35531	1.35536			6
2025.06.10	01:10:06.936	1.35532	1.35537			6
2025.06.10	01:10:10.317	1.35533				2
2025.06.10	01:10:10.621	1.35535				2
2025.06.10	01:10:14.299	1.35534				2
2025.06.10	01:10:17.688	1.35533				2
2025.06.10	01:10:18.303	1.35534				2
2025.06.10	01:10:20.142	1.35533				2
2025.06.10	01:10:23.527	1.35535				2
2025.06.10	01:10:24.148	1.35534				2
2025.06.10	01:10:34.283	1.35535				2
2025.06.10	01:10:36.437	1.35536				2
2025.06.10	01:10:46.571	1.35537	1.35538			6
2025.06.10	01:10:51.459		1.35540			4
2025.06.10	01:10:56.669	1.35535				2
2025.06.10	01:10:57.282	1.35534	1.35539			6
2025.06.10	01:11:00.052	1.35534				2
2025.06.10	01:11:00.358	1.35535	1.35540			6
2025.06.10	01:11:07.754	1.35534	1.35539			6
2025.06.10	01:11:41.891	1.35536	1.35540			6
2025.06.10	01:11:46.808		1.35541			4
2025.06.10	01:11:47.108		1.35540			4
2025.06.10	01:11:52.343	1.35535				2
2025.06.10	01:11:53.264	1.35534	1.35539			6
2025.06.10	01:11:56.949	1.35539	1.35544			6
2025.06.10	01:11:57.571	1.35540				2
2025.06.10	01:11:58.800	1.35539				2
2025.06.10	01:12:00.031	1.35539				2
2025.06.10	01:12:04.020	1.35540				2
2025.06.10	01:12:04.952		1.35545			4
2025.06.10	01:12:06.780		1.35544			4
2025.06.10	01:12:09.860		1.35545			4
2025.06.10	01:12:12.010	1.35541				2
2025.06.10	01:12:27.376	1.35542				2
2025.06.10	01:12:28.303	1.35540				2
2025.06.10	01:12:44.002	1.35541				2
2025.06.10	01:12:44.307	1.35540				2
2025.06.10	01:12:54.159	1.35541				2
2025.06.10	01:13:00.017	1.35541				2
2025.06.10	01:13:04.323	1.35542				2
2025.06.10	01:13:04.632	1.35541				2
2025.06.10	01:13:07.402	1.35540				2
2025.06.10	01:13:08.634	1.35539	1.35544			6
2025.06.10	01:13:14.179	1.35540	1.35545			6
2025.06.10	01:13:14.485		1.35544			4
2025.06.10	01:13:18.185	1.35542	1.35546			6
2025.06.10	01:13:27.131	1.35541				2
2025.06.10	01:13:29.595	1.35540	1.35545			6
2025.06.10	01:13:30.207		1.35544			4
2025.06.10	01:13:32.365	1.35541				2
2025.06.10	01:13:39.141	1.35540				2
2025.06.10	01:13:43.147		1.35545			4
2025.06.10	01:13:51.778		1.35544			4
2025.06.10	01:14:00.098	1.35540				2
2025.06.10	01:14:01.636		1.35541			4
2025.06.10	01:14:01.940	1.35534	1.35538			6
2025.06.10	01:14:04.093	1.35533				2
2025.06.10	01:14:05.945		1.35537			4
2025.06.10	01:14:08.115	1.35532				2
2025.06.10	01:14:08.423	1.35533				2
2025.06.10	01:14:08.730		1.35538			4
2025.06.10	01:14:29.053	1.35534				2
2025.06.10	01:14:29.977	1.35533	1.35537			6
2025.06.10	01:14:30.588	1.35532				2
2025.06.10	01:15:00.040	1.35532				2
2025.06.10	01:15:01.282	1.35531	1.35536			6
2025.06.10	01:15:04.371	1.35532				2
2025.06.10	01:15:13.934	1.35531				2
2025.06.10	01:15:15.171	1.35532				2
2025.06.10	01:15:15.476	1.35531				2
2025.06.10	01:15:17.023	1.35532				2
2025.06.10	01:15:22.260	1.35531				2
2025.06.10	01:15:22.569	1.35532				2
2025.06.10	01:15:22.886	1.35531				2
2025.06.10	01:15:23.191	1.35532				2
2025.06.10	01:15:24.724	1.35531				2
2025.06.10	01:15:26.579	1.35532				2
2025.06.10	01:15:29.973	1.35531				2
2025.06.10	01:15:30.282	1.35532				2
2025.06.10	01:15:30.590	1.35531				2
2025.06.10	01:15:33.365	1.35532				2
2025.06.10	01:15:34.591	1.35531				2
2025.06.10	01:15:36.136	1.35532				2
2025.06.10	01:15:37.974	1.35531				2
2025.06.10	01:15:41.039	1.35532				2
2025.06.10	01:15:41.959	1.35531				2
2025.06.10	01:15:45.965	1.35532				2
2025.06.10	01:15:46.277	1.35531				2
2025.06.10	01:15:46.887	1.35530	1.35535			6
2025.06.10	01:15:49.668	1.35532	1.35536			6
2025.06.10	01:15:50.891	1.35530	1.35535			6
2025.06.10	01:15:55.807	1.35531	1.35536			6
2025.06.10	01:15:56.733	1.35529	1.35534			6
2025.06.10	01:16:00.114	1.35529				2
2025.06.10	01:16:02.573	1.35530				2
2025.06.10	01:16:03.189	1.35529				2
2025.06.10	01:16:04.116	1.35530				2
2025.06.10	01:16:34.616	1.35529				2
2025.06.10	01:16:54.703	1.35530				2
2025.06.10	01:16:56.247		1.35535			4
2025.06.10	01:16:56.870	1.35529	1.35534			6
2025.06.10	01:17:00.272	1.35529				2
2025.06.10	01:17:15.681	1.35528	1.35533			6
2025.06.10	01:17:17.211	1.35529	1.35534			6
2025.06.10	01:17:38.110	1.35530				2
2025.06.10	01:17:43.647	1.35529	1.35533			6
2025.06.10	01:17:55.969	1.35530	1.35534			6
2025.06.10	01:17:56.890	1.35529	1.35533			6
2025.06.10	01:17:57.817	1.35530	1.35534			6
2025.06.10	01:18:00.280	1.35530				2
2025.06.10	01:18:05.823	1.35529	1.35533			6
2025.06.10	01:18:06.745	1.35534	1.35538			6
2025.06.10	01:18:07.366		1.35539			4
2025.06.10	01:18:09.521	1.35535	1.35540			6
2025.06.10	01:18:16.610	1.35534	1.35539			6
2025.06.10	01:18:17.537	1.35535	1.35540			6
2025.06.10	01:18:24.005	1.35536	1.35541			6
2025.06.10	01:18:26.784	1.35535	1.35540			6
2025.06.10	01:18:27.087	1.35536				2
2025.06.10	01:18:27.706		1.35541			4
2025.06.10	01:18:29.249	1.35535	1.35540			6
2025.06.10	01:18:38.777	1.35536	1.35541			6
2025.06.10	01:18:40.006	1.35535	1.35540			6
2025.06.10	01:18:45.546	1.35536	1.35541			6
2025.06.10	01:18:47.086	1.35531	1.35536			6
2025.06.10	01:18:47.404	1.35530	1.35535			6
2025.06.10	01:18:48.323	1.35529	1.35534			6
2025.06.10	01:19:00.037	1.35529				2
2025.06.10	01:19:02.499	1.35530	1.35535			6
2025.06.10	01:19:02.807	1.35529	1.35534			6
2025.06.10	01:19:03.113	1.35530	1.35535			6
2025.06.10	01:19:03.421	1.35533	1.35538			6
2025.06.10	01:19:04.039	1.35532	1.35537			6
2025.06.10	01:19:16.197	1.35533	1.35538			6
2025.06.10	01:19:36.482	1.35532	1.35537			6
2025.06.10	01:19:43.848	1.35530	1.35535			6
2025.06.10	01:19:44.460	1.35531	1.35536			6
2025.06.10	01:19:44.767	1.35530	1.35535			6
2025.06.10	01:19:50.283	1.35532	1.35537			6
2025.06.10	01:19:50.593	1.35531	1.35536			6
2025.06.10	01:19:51.512	1.35530	1.35535			6
2025.06.10	01:20:00.122	1.35530				2
2025.06.10	01:20:00.432	1.35531	1.35536			6
2025.06.10	01:20:01.354	1.35529	1.35534			6
2025.06.10	01:20:02.282	1.35528	1.35533			6
2025.06.10	01:20:12.437	1.35527	1.35532			6
2025.06.10	01:20:12.744	1.35528	1.35533			6
2025.06.10	01:20:26.586	1.35527	1.35532			6
2025.06.10	01:21:00.019	1.35527				2
2025.06.10	01:21:24.984	1.35530	1.35535			6
2025.06.10	01:21:27.452	1.35529	1.35534			6
2025.06.10	01:21:28.377	1.35527	1.35532			6
2025.06.10	01:21:55.800	1.35528	1.35533			6
2025.06.10	01:22:00.109	1.35528				2
2025.06.10	01:22:16.114	1.35527	1.35532			6
2025.06.10	01:22:16.725	1.35528	1.35533			6
2025.06.10	01:22:21.013	1.35530	1.35535			6
2025.06.10	01:22:24.065	1.35529	1.35534			6
2025.06.10	01:22:32.058	1.35528	1.35533			6
2025.06.10	01:22:56.105		1.35532			4
2025.06.10	01:23:00.094	1.35528				2
2025.06.10	01:23:08.402	1.35529	1.35533			6
2025.06.10	01:23:38.610	1.35528	1.35532			6
2025.06.10	01:23:55.658	1.35529	1.35533			6
2025.06.10	01:23:56.901	1.35528	1.35532			6
2025.06.10	01:23:59.995	1.35529	1.35533			6
2025.06.10	01:24:00.311	1.35529				2
2025.06.10	01:24:01.236	1.35528	1.35532			6
2025.06.10	01:24:11.764	1.35529	1.35533			6
2025.06.10	01:24:12.993	1.35528	1.35532			6
2025.06.10	01:24:20.116	1.35529	1.35533			6
2025.06.10	01:24:20.423	1.35528	1.35532			6
2025.06.10	01:24:22.270	1.35529	1.35533			6
2025.06.10	01:24:38.245	1.35528	1.35532			6
2025.06.10	01:24:40.087	1.35529	1.35533			6
2025.06.10	01:24:48.366	1.35528	1.35532			6
2025.06.10	01:24:54.215	1.35529	1.35533			6
2025.06.10	01:25:00.074	1.35529				2
2025.06.10	01:25:19.823	1.35531	1.35535			6
2025.06.10	01:25:20.130	1.35530	1.35534			6
2025.06.10	01:25:20.749	1.35527	1.35531			6
2025.06.10	01:25:21.051	1.35528	1.35532			6
2025.06.10	01:25:22.291	1.35525	1.35529			6
2025.06.10	01:25:22.913		1.35528			4
2025.06.10	01:25:23.221		1.35529			4
2025.06.10	01:25:23.835		1.35528			4
2025.06.10	01:25:24.139		1.35529			4
2025.06.10	01:25:25.986		1.35528			4
2025.06.10	01:25:26.298		1.35529			4
2025.06.10	01:25:29.077		1.35528			4
2025.06.10	01:25:29.390		1.35529			4
2025.06.10	01:25:36.473	1.35523	1.35527			6
2025.06.10	01:25:36.785	1.35524	1.35528			6
2025.06.10	01:25:47.890	1.35523	1.35527			6
2025.06.10	01:26:00.239	1.35523				2
2025.06.10	01:26:18.034	1.35524				2
2025.06.10	01:26:18.337		1.35528			4
2025.06.10	01:26:44.497	1.35523	1.35527			6
2025.06.10	01:26:58.988	1.35524	1.35528			6
2025.06.10	01:27:00.226	1.35524				2
2025.06.10	01:27:07.943	1.35525				2
2025.06.10	01:27:08.875		1.35527			4
2025.06.10	01:27:09.189	1.35526	1.35528			6
2025.06.10	01:27:13.510	1.35525				2
2025.06.10	01:27:14.742	1.35526				2
2025.06.10	01:27:15.665	1.35525				2
2025.06.10	01:27:16.281		1.35527			4
2025.06.10	01:27:16.890		1.35528			4
2025.06.10	01:27:29.246	1.35524	1.35527			6
2025.06.10	01:27:29.868	1.35523				2
2025.06.10	01:27:31.725	1.35524				2
2025.06.10	01:27:32.639	1.35523				2
2025.06.10	01:27:33.566	1.35524				2
2025.06.10	01:27:36.361	1.35523				2
2025.06.10	01:27:37.277	1.35524				2
2025.06.10	01:27:44.988		1.35528			4
2025.06.10	01:27:45.608		1.35527			4
2025.06.10	01:27:57.277		1.35528			4
2025.06.10	01:27:58.200	1.35525				2
2025.06.10	01:28:00.051	1.35525				2
2025.06.10	01:28:01.273		1.35526			4
2025.06.10	01:28:19.706	1.35524				2
2025.06.10	01:28:40.685	1.35522				2
2025.06.10	01:29:00.068	1.35522				2
2025.06.10	01:29:01.300		1.35526			4
2025.06.10	01:30:00.101	1.35522				2
2025.06.10	01:30:01.332		1.35524			4
2025.06.10	01:30:01.639	1.35520				2
2025.06.10	01:30:03.176	1.35518	1.35522			6
2025.06.10	01:30:03.489	1.35517	1.35521			6
2025.06.10	01:30:10.257	1.35518	1.35522			6
2025.06.10	01:30:10.567	1.35517	1.35521			6
2025.06.10	01:30:24.127		1.35519			4
2025.06.10	01:30:24.434	1.35516	1.35520			6
2025.06.10	01:30:24.740	1.35518	1.35522			6
2025.06.10	01:30:38.941	1.35516	1.35518			6
2025.06.10	01:30:40.494	1.35517	1.35521			6
2025.06.10	01:30:45.147	1.35516	1.35518			6
2025.06.10	01:30:45.449		1.35520			4
2025.06.10	01:30:50.388	1.35518	1.35522			6
2025.06.10	01:30:58.411	1.35519	1.35523			6
2025.06.10	01:30:59.328	1.35520	1.35524			6
2025.06.10	01:31:00.256	1.35520				2
2025.06.10	01:31:01.500	1.35519	1.35523			6
2025.06.10	01:31:03.043	1.35520	1.35524			6
2025.06.10	01:31:04.587	1.35519	1.35523			6
2025.06.10	01:31:27.083	1.35520	1.35524			6
2025.06.10	01:31:27.384	1.35519	1.35523			6
2025.06.10	01:31:30.471	1.35518	1.35522			6
2025.06.10	01:31:40.397	1.35519	1.35523			6
2025.06.10	01:31:55.856	1.35518	1.35522			6
2025.06.10	01:31:59.266	1.35517	1.35521			6
2025.06.10	01:32:00.196	1.35517				2
2025.06.10	01:32:00.515	1.35518	1.35522			6
2025.06.10	01:32:03.318	1.35519	1.35523			6
2025.06.10	01:32:14.766	1.35518	1.35522			6
2025.06.10	01:32:15.695	1.35517	1.35521			6
2025.06.10	01:32:26.229	1.35518	1.35522			6
2025.06.10	01:32:30.263	1.35517	1.35521			6
2025.06.10	01:32:30.878	1.35518	1.35522			6
2025.06.10	01:33:00.033	1.35518				2
2025.06.10	01:33:31.005		1.35522			4
2025.06.10	01:33:41.265		1.35521			4
2025.06.10	01:33:49.818	1.35519	1.35522			6
2025.06.10	01:33:55.643	1.35518	1.35521			6
2025.06.10	01:33:58.092	1.35519	1.35522			6
2025.06.10	01:34:00.275	1.35519				2
2025.06.10	01:34:03.677	1.35518	1.35521			6
2025.06.10	01:34:04.942	1.35521	1.35524			6
2025.06.10	01:34:05.249		1.35525			4
2025.06.10	01:34:08.340	1.35522	1.35526			6
2025.06.10	01:34:27.834	1.35523				2
2025.06.10	01:34:28.445	1.35522				2
2025.06.10	01:34:30.928		1.35525			4
2025.06.10	01:34:31.234	1.35521				2
2025.06.10	01:34:31.854	1.35520	1.35524			6
2025.06.10	01:34:32.158	1.35518	1.35522			6
2025.06.10	01:34:44.186	1.35517	1.35521			6
2025.06.10	01:35:00.204	1.35517				2
2025.06.10	01:35:03.297	1.35518	1.35522			6
2025.06.10	01:35:04.237	1.35517	1.35521			6
2025.06.10	01:35:04.544	1.35518	1.35522			6
2025.06.10	01:35:05.173	1.35517	1.35521			6
2025.06.10	01:35:47.193	1.35516	1.35520			6
2025.06.10	01:35:56.142	1.35517	1.35521			6
2025.06.10	01:36:00.163	1.35517				2
2025.06.10	01:36:40.925	1.35518	1.35522			6
2025.06.10	01:36:47.105		1.35521			4
2025.06.10	01:37:00.224	1.35518				2
2025.06.10	01:37:47.406		1.35521			4
2025.06.10	01:38:00.003	1.35518				2
2025.06.10	01:38:47.701		1.35521			4
2025.06.10	01:39:00.013	1.35518				2
2025.06.10	01:39:01.855	1.35517	1.35520			6
2025.06.10	01:40:00.112	1.35517				2
2025.06.10	01:40:01.960		1.35520			4
2025.06.10	01:40:09.073	1.35518	1.35521			6
2025.06.10	01:40:18.014	1.35519	1.35522			6
2025.06.10	01:40:20.775	1.35520				2
2025.06.10	01:40:21.394	1.35519				2
2025.06.10	01:40:28.189	1.35520	1.35521			6
2025.06.10	01:40:28.499		1.35522			4
2025.06.10	01:40:35.865	1.35518	1.35521			6
2025.06.10	01:40:38.015	1.35521	1.35522			6
2025.06.10	01:40:41.396	1.35520				2
2025.06.10	01:40:49.700	1.35519				2
2025.06.10	01:40:50.007		1.35521			4
2025.06.10	01:40:55.233	1.35518				2
2025.06.10	01:40:56.470	1.35520				2
2025.06.10	01:40:56.786		1.35522			4
2025.06.10	01:40:57.394	1.35518	1.35521			6
2025.06.10	01:41:00.177	1.35518				2
2025.06.10	01:41:00.488	1.35520	1.35522			6
2025.06.10	01:41:01.105	1.35519				2
2025.06.10	01:41:01.408	1.35518	1.35521			6
2025.06.10	01:41:02.036	1.35517	1.35520			6
2025.06.10	01:41:04.198	1.35516	1.35519			6
2025.06.10	01:41:11.303	1.35517	1.35520			6
2025.06.10	01:41:37.477	1.35516	1.35519			6
2025.06.10	01:41:38.401	1.35517	1.35520			6
2025.06.10	01:42:00.196	1.35517				2
2025.06.10	01:42:01.108	1.35516	1.35517			6
2025.06.10	01:42:01.410	1.35515	1.35516			6
2025.06.10	01:42:02.037	1.35513	1.35515			6
2025.06.10	01:42:02.661	1.35509	1.35513			6
2025.06.10	01:42:03.274		1.35514			4
2025.06.10	01:42:04.208	1.35510				2
2025.06.10	01:42:04.824	1.35509				2
2025.06.10	01:42:07.298	1.35508	1.35513			6
2025.06.10	01:42:08.529	1.35509	1.35514			6
2025.06.10	01:42:15.309		1.35513			4
2025.06.10	01:42:15.924	1.35508				2
2025.06.10	01:42:49.766		1.35512			4
2025.06.10	01:43:00.249	1.35508				2
2025.06.10	01:43:31.328	1.35507	1.35511			6
2025.06.10	01:43:31.947	1.35508	1.35512			6
2025.06.10	01:43:45.480	1.35507	1.35511			6
2025.06.10	01:43:45.787	1.35508	1.35512			6
2025.06.10	01:44:00.225	1.35508				2
2025.06.10	01:44:08.827	1.35509	1.35513			6
2025.06.10	01:44:09.754	1.35508	1.35512			6
2025.06.10	01:44:29.404	1.35507	1.35511			6
2025.06.10	01:44:33.088	1.35508	1.35512			6
2025.06.10	01:44:47.185	1.35507	1.35511			6
2025.06.10	01:44:49.943	1.35508	1.35512			6
2025.06.10	01:44:51.176	1.35507	1.35511			6
2025.06.10	01:44:59.797	1.35508	1.35512			6
2025.06.10	01:45:00.101	1.35508				2
2025.06.10	01:45:07.501	1.35507	1.35511			6
2025.06.10	01:45:20.747	1.35504	1.35506			6
2025.06.10	01:45:24.133	1.35503				2
2025.06.10	01:45:24.444	1.35506	1.35510			6
2025.06.10	01:45:24.750	1.35508	1.35512			6
2025.06.10	01:45:25.683	1.35507	1.35511			6
2025.06.10	01:45:25.990	1.35508	1.35512			6
2025.06.10	01:45:26.295	1.35507	1.35513			6
2025.06.10	01:45:40.152	1.35506	1.35512			6
2025.06.10	01:45:40.457	1.35507	1.35513			6
2025.06.10	01:46:00.099	1.35507				2
2025.06.10	01:46:02.249	1.35506	1.35512			6
2025.06.10	01:46:14.282	1.35507	1.35513			6
2025.06.10	01:46:16.441	1.35504	1.35508			6
2025.06.10	01:46:19.830	1.35505	1.35511			6
2025.06.10	01:46:21.376		1.35512			4
2025.06.10	01:46:29.397	1.35506				2
2025.06.10	01:46:34.321	1.35507	1.35513			6
2025.06.10	01:46:34.630	1.35506	1.35512			6
2025.06.10	01:46:42.029	1.35507	1.35513			6
2025.06.10	01:46:44.182		1.35512			4
2025.06.10	01:46:46.023	1.35506				2
2025.06.10	01:47:00.114	1.35506				2
2025.06.10	01:47:19.490	1.35514	1.35515			6
2025.06.10	01:47:23.182		1.35518			4
2025.06.10	01:47:34.286	1.35513	1.35517			6
2025.06.10	01:47:34.592	1.35510				2
2025.06.10	01:47:35.521	1.35509	1.35516			6
2025.06.10	01:48:00.124	1.35509				2
2025.06.10	01:48:06.591	1.35513	1.35517			6
2025.06.10	01:48:06.899	1.35514				2
2025.06.10	01:48:07.517	1.35513				2
2025.06.10	01:48:07.823	1.35514				2
2025.06.10	01:48:38.926	1.35513				2
2025.06.10	01:48:44.163	1.35515	1.35521			6
2025.06.10	01:48:44.468	1.35516	1.35522			6
2025.06.10	01:48:45.395	1.35515				2
2025.06.10	01:49:00.170	1.35515				2
2025.06.10	01:49:03.558	1.35514	1.35521			6
2025.06.10	01:49:04.792	1.35515	1.35522			6
2025.06.10	01:49:24.159	1.35519	1.35524			6
2025.06.10	01:49:24.470	1.35517				2
2025.06.10	01:49:25.084	1.35516	1.35523			6
2025.06.10	01:49:49.698	1.35515	1.35522			6
2025.06.10	01:50:00.189	1.35515				2
2025.06.10	01:50:00.802	1.35516	1.35523			6
2025.06.10	01:50:02.342		1.35522			4
2025.06.10	01:50:19.285	1.35517	1.35523			6
2025.06.10	01:50:24.832	1.35513	1.35516			6
2025.06.10	01:50:25.136	1.35514				2
2025.06.10	01:51:00.186	1.35514				2
2025.06.10	01:51:06.339	1.35515	1.35520			6
2025.06.10	01:51:08.496	1.35514				2
2025.06.10	01:51:10.650	1.35515				2
2025.06.10	01:51:12.497	1.35514				2
2025.06.10	01:51:29.734	1.35515				2
2025.06.10	01:51:40.775	1.35516				2
2025.06.10	01:51:49.703	1.35515				2
2025.06.10	01:52:00.182	1.35515				2
2025.06.10	01:52:06.640		1.35520			4
2025.06.10	01:52:33.104	1.35516				2
2025.06.10	01:53:00.205	1.35516				2
2025.06.10	01:53:02.361	1.35515				2
2025.06.10	01:53:06.377		1.35521			4
2025.06.10	01:53:08.525	1.35516	1.35522			6
2025.06.10	01:53:09.766	1.35515	1.35521			6
2025.06.10	01:53:26.373	1.35516	1.35522			6
2025.06.10	01:53:33.766	1.35515	1.35521			6
2025.06.10	01:53:37.779	1.35516	1.35522			6
2025.06.10	01:53:38.086	1.35515	1.35521			6
2025.06.10	01:53:38.702	1.35516	1.35522			6
2025.06.10	01:53:48.595	1.35515	1.35521			6
2025.06.10	01:54:00.276	1.35515				2
2025.06.10	01:54:02.116	1.35516				2
2025.06.10	01:54:13.788	1.35515	1.35520			6
2025.06.10	01:54:16.855	1.35516	1.35521			6
2025.06.10	01:54:53.757	1.35517	1.35522			6
2025.06.10	01:54:55.620	1.35516	1.35521			6
2025.06.10	01:54:57.775	1.35517	1.35522			6
2025.06.10	01:55:00.232	1.35517				2
2025.06.10	01:55:01.453	1.35515	1.35520			6
2025.06.10	01:55:03.916	1.35516	1.35521			6
2025.06.10	01:55:04.224	1.35515	1.35520			6
2025.06.10	01:55:07.305	1.35516	1.35521			6
2025.06.10	01:55:28.852	1.35515	1.35520			6
2025.06.10	01:55:31.300	1.35516				2
2025.06.10	01:55:41.963	1.35517	1.35521			6
2025.06.10	01:55:42.264	1.35516	1.35520			6
2025.06.10	01:55:47.785	1.35515	1.35519			6
2025.06.10	01:55:48.099	1.35516	1.35520			6
2025.06.10	01:56:00.104	1.35516				2
2025.06.10	01:56:21.641	1.35517	1.35521			6
2025.06.10	01:56:23.787	1.35519	1.35523			6
2025.06.10	01:56:28.092		1.35522			4
2025.06.10	01:56:29.931	1.35518				2
2025.06.10	01:56:31.157	1.35517	1.35521			6
2025.06.10	01:56:32.076	1.35516	1.35520			6
2025.06.10	01:57:00.002	1.35516				2
2025.06.10	01:57:32.302		1.35520			4
2025.06.10	01:57:33.230	1.35517	1.35521			6
2025.06.10	01:57:36.011	1.35516	1.35520			6
2025.06.10	01:57:44.012	1.35515	1.35519			6
2025.06.10	01:57:46.481	1.35516	1.35520			6
2025.06.10	01:57:46.789	1.35515	1.35519			6
2025.06.10	01:57:49.235	1.35516	1.35520			6
2025.06.10	01:57:50.772	1.35515	1.35519			6
2025.06.10	01:57:52.306	1.35516	1.35520			6
2025.06.10	01:58:00.273	1.35516				2
2025.06.10	01:58:05.186	1.35517				2
2025.06.10	01:58:06.404	1.35520	1.35521			6
2025.06.10	01:58:06.713	1.35519	1.35522			6
2025.06.10	01:58:07.325	1.35518				2
2025.06.10	01:58:07.639	1.35517	1.35521			6
2025.06.10	01:58:08.557	1.35518	1.35522			6
2025.06.10	01:58:09.794	1.35517	1.35521			6
2025.06.10	01:58:23.343	1.35519	1.35523			6
2025.06.10	01:58:23.645	1.35517	1.35521			6
2025.06.10	01:58:24.266	1.35518	1.35522			6
2025.06.10	01:58:24.573	1.35517	1.35521			6
2025.06.10	01:58:25.790	1.35519	1.35522			6
2025.06.10	01:58:26.096	1.35518				2
2025.06.10	01:58:26.404	1.35517	1.35521			6
2025.06.10	01:58:27.332	1.35516	1.35520			6
2025.06.10	01:58:29.787	1.35517	1.35521			6
2025.06.10	01:58:30.092	1.35516	1.35520			6
2025.06.10	01:58:30.700	1.35517	1.35521			6
2025.06.10	01:58:31.315	1.35516	1.35520			6
2025.06.10	01:58:32.560	1.35517	1.35521			6
2025.06.10	01:58:37.790	1.35516	1.35520			6
2025.06.10	01:58:38.403	1.35517	1.35521			6
2025.06.10	01:58:44.879	1.35519				2
2025.06.10	01:58:54.410	1.35520				2
2025.06.10	01:59:00.235	1.35520				2
2025.06.10	01:59:01.148	1.35519				2
2025.06.10	01:59:02.377	1.35516	1.35520			6
2025.06.10	01:59:03.301		1.35521			4
2025.06.10	01:59:15.250	1.35519	1.35524			6
2025.06.10	01:59:15.559	1.35518	1.35523			6
2025.06.10	01:59:15.868	1.35517	1.35522			6
2025.06.10	01:59:26.326	1.35519	1.35524			6
2025.06.10	01:59:27.559	1.35518	1.35523			6
2025.06.10	01:59:28.487	1.35517	1.35522			6
2025.06.10	01:59:29.103	1.35516				2
2025.06.10	01:59:29.733	1.35515	1.35521			6
2025.06.10	01:59:36.518	1.35517	1.35523			6
2025.06.10	01:59:37.439	1.35519				2
2025.06.10	01:59:43.306	1.35520	1.35526			6
2025.06.10	01:59:43.612	1.35521	1.35527			6
2025.06.10	01:59:43.920	1.35522	1.35528			6
2025.06.10	01:59:44.235		1.35529			4
2025.06.10	01:59:45.159	1.35521	1.35528			6
2025.06.10	01:59:45.472	1.35524	1.35529			6
2025.06.10	01:59:51.950	1.35525				2
2025.06.10	01:59:57.506		1.35530			4
2025.06.10	02:00:00.291	1.35526	1.35533			6
2025.06.10	02:00:00.600	1.35525	1.35532			6
2025.06.10	02:00:01.826		1.35531			4
2025.06.10	02:00:04.892	1.35526	1.35533			6
2025.06.10	02:00:05.210	1.35525	1.35532			6
2025.06.10	02:00:06.130		1.35530			4
2025.06.10	02:00:07.059		1.35531			4
2025.06.10	02:00:07.367	1.35526	1.35533			6
2025.06.10	02:00:07.681	1.35524	1.35530			6
2025.06.10	02:00:07.984		1.35531			4
2025.06.10	02:00:08.911	1.35525	1.35530			6
2025.06.10	02:00:12.916		1.35529			4
2025.06.10	02:00:25.560	1.35524				2
2025.06.10	02:00:35.085	1.35525				2
2025.06.10	02:00:35.397		1.35530			4
2025.06.10	02:00:39.996		1.35529			4
2025.06.10	02:00:41.245		1.35531			4
2025.06.10	02:00:41.859		1.35530			4
2025.06.10	02:00:45.255	1.35526	1.35532			6
2025.06.10	02:00:45.565	1.35525	1.35530			6
2025.06.10	02:00:47.102		1.35529			4
2025.06.10	02:00:52.013		1.35530			4
2025.06.10	02:00:55.392		1.35529			4
2025.06.10	02:00:59.985	1.35524				2
2025.06.10	02:01:00.291	1.35524				2
2025.06.10	02:01:02.135	1.35525				2
2025.06.10	02:01:02.439		1.35530			4
2025.06.10	02:01:07.973		1.35529			4
2025.06.10	02:01:19.010		1.35530			4
2025.06.10	02:01:21.759		1.35529			4
2025.06.10	02:01:22.069		1.35530			4
2025.06.10	02:01:23.287	1.35524				2
2025.06.10	02:01:23.906		1.35529			4
2025.06.10	02:01:24.516		1.35530			4
2025.06.10	02:01:25.436		1.35529			4
2025.06.10	02:01:28.210	1.35525				2
2025.06.10	02:01:28.827	1.35524				2
2025.06.10	02:01:38.058		1.35528			4
2025.06.10	02:01:38.366		1.35529			4
2025.06.10	02:01:42.031		1.35530			4
2025.06.10	02:01:47.568		1.35529			4
2025.06.10	02:01:56.818		1.35528			4
2025.06.10	02:02:00.211	1.35524				2
2025.06.10	02:02:01.750		1.35529			4
2025.06.10	02:02:02.366		1.35530			4
2025.06.10	02:02:13.758		1.35529			4
2025.06.10	02:02:28.230	1.35523				2
2025.06.10	02:02:30.700	1.35524				2
2025.06.10	02:02:33.465		1.35528			4
2025.06.10	02:02:37.463		1.35529			4
2025.06.10	02:02:43.020		1.35528			4
2025.06.10	02:02:55.962	1.35523	1.35524			6
2025.06.10	02:02:56.583	1.35519				2
2025.06.10	02:02:56.891	1.35522				2
2025.06.10	02:03:00.280	1.35522				2
2025.06.10	02:03:01.513	1.35516	1.35522			6
2025.06.10	02:03:02.431	1.35515	1.35521			6
2025.06.10	02:03:03.664	1.35514	1.35520			6
2025.06.10	02:03:04.279		1.35521			4
2025.06.10	02:03:06.132		1.35520			4
2025.06.10	02:03:20.296	1.35513	1.35515			6
2025.06.10	02:03:20.906	1.35510				2
2025.06.10	02:03:21.224	1.35509				2
2025.06.10	02:03:21.534	1.35513				2
2025.06.10	02:03:31.997		1.35517			4
2025.06.10	02:03:36.621	1.35512	1.35515			6
2025.06.10	02:03:37.554	1.35513				2
2025.06.10	02:03:37.862	1.35508	1.35514			6
2025.06.10	02:03:38.790		1.35513			4
2025.06.10	02:03:40.335	1.35506				2
2025.06.10	02:03:40.947	1.35505	1.35512			6
2025.06.10	02:03:41.262		1.35511			4
2025.06.10	02:03:44.952		1.35512			4
2025.06.10	02:03:51.110		1.35511			4
2025.06.10	02:04:00.292	1.35505				2
2025.06.10	02:04:12.873	1.35504				2
2025.06.10	02:04:13.494		1.35510			4
