<DATE>	<TIME>	<BID>	<ASK>	<LAST>	<VOLUME>	<FLAGS>
2025.07.16	00:03:30.511	1.33815	1.33905			6
2025.07.16	00:04:00.037	1.33815				2
2025.07.16	00:04:30.512		1.33905			4
2025.07.16	00:05:00.077	1.33815				2
2025.07.16	00:05:30.732		1.33905			4
2025.07.16	00:06:00.101	1.33815				2
2025.07.16	00:06:30.754		1.33905			4
2025.07.16	00:07:00.187	1.33815				2
2025.07.16	00:07:30.847		1.33905			4
2025.07.16	00:08:00.291	1.33815				2
2025.07.16	00:08:31.098		1.33905			4
2025.07.16	00:09:00.050	1.33815				2
2025.07.16	00:09:31.169		1.33905			4
2025.07.16	00:10:00.136	1.33815				2
2025.07.16	00:10:31.260		1.33905			4
2025.07.16	00:11:00.202	1.33815				2
2025.07.16	00:11:22.709	1.33775	1.33933			6
2025.07.16	00:11:23.576	1.33815	1.33905			6
2025.07.16	00:12:00.218	1.33815				2
2025.07.16	00:12:23.622		1.33905			4
2025.07.16	00:13:00.275	1.33815				2
2025.07.16	00:13:23.682		1.33905			4
2025.07.16	00:14:00.072	1.33815				2
2025.07.16	00:14:23.832		1.33905			4
2025.07.16	00:15:00.237	1.33815				2
2025.07.16	00:15:23.937		1.33905			4
2025.07.16	00:16:00.152	1.33815				2
2025.07.16	00:16:24.186		1.33905			4
2025.07.16	00:17:00.235	1.33815				2
2025.07.16	00:17:24.267		1.33905			4
2025.07.16	00:18:00.050	1.33815				2
2025.07.16	00:18:24.394		1.33905			4
2025.07.16	00:19:00.092	1.33815				2
2025.07.16	00:19:24.438		1.33905			4
2025.07.16	00:20:00.211	1.33815				2
2025.07.16	00:20:00.518	1.33773	1.33922			6
2025.07.16	00:20:18.104	1.33778	1.33912			6
2025.07.16	00:20:18.439		1.33918			4
2025.07.16	00:21:00.383	1.33778				2
2025.07.16	00:21:04.219		1.33917			4
2025.07.16	00:21:16.233		1.33918			4
2025.07.16	00:21:24.654		1.33917			4
2025.07.16	00:21:40.687		1.33918			4
2025.07.16	00:22:02.357	1.33778				2
2025.07.16	00:22:29.184		1.33912			4
2025.07.16	00:23:00.091	1.33778				2
2025.07.16	00:23:03.687	1.33779				2
2025.07.16	00:23:13.726		1.33921			4
2025.07.16	00:23:14.958	1.33778				2
2025.07.16	00:23:19.544	1.33779				2
2025.07.16	00:23:23.524		1.33920			4
2025.07.16	00:23:33.002	1.33780	1.33912			6
2025.07.16	00:23:34.359	1.33781				2
2025.07.16	00:23:35.377	1.33806				2
2025.07.16	00:23:57.280		1.33906			4
2025.07.16	00:24:00.356	1.33806				2
2025.07.16	00:24:58.345		1.33906			4
2025.07.16	00:25:01.884	1.33806				2
2025.07.16	00:25:07.871	1.33802				2
2025.07.16	00:25:10.937		1.33909			4
2025.07.16	00:25:35.427		1.33900			4
2025.07.16	00:25:35.774		1.33896			4
2025.07.16	00:25:40.528		1.33895			4
2025.07.16	00:26:00.597	1.33802				2
2025.07.16	00:26:13.833		1.33898			4
2025.07.16	00:26:25.369		1.33894			4
2025.07.16	00:27:03.083	1.33802				2
2025.07.16	00:27:17.501		1.33897			4
2025.07.16	00:27:18.759		1.33900			4
2025.07.16	00:27:31.944	1.33781				2
2025.07.16	00:27:34.287	1.33780				2
2025.07.16	00:27:35.145	1.33781	1.33905			6
2025.07.16	00:27:35.446	1.33780				2
2025.07.16	00:27:38.017	1.33810	1.33887			6
2025.07.16	00:27:38.352		1.33892			4
2025.07.16	00:27:40.361		1.33888			4
2025.07.16	00:27:42.477		1.33886			4
2025.07.16	00:27:47.194		1.33889			4
2025.07.16	00:27:49.657		1.33887			4
2025.07.16	00:27:50.733		1.33890			4
2025.07.16	00:27:58.232		1.33888			4
2025.07.16	00:28:00.569	1.33810				2
2025.07.16	00:28:01.658		1.33885			4
2025.07.16	00:28:08.160		1.33887			4
2025.07.16	00:28:15.529		1.33885			4
2025.07.16	00:28:40.254		1.33887			4
2025.07.16	00:28:47.110		1.33890			4
2025.07.16	00:28:49.011		1.33888			4
2025.07.16	00:28:51.342		1.33886			4
2025.07.16	00:28:57.831		1.33889			4
2025.07.16	00:29:00.357	1.33810				2
2025.07.16	00:29:25.319		1.33886			4
2025.07.16	00:30:00.335	1.33810	1.33884			6
2025.07.16	00:30:00.917		1.33886			4
2025.07.16	00:30:01.583		1.33883			4
2025.07.16	00:30:03.798		1.33882			4
2025.07.16	00:30:10.934		1.33892			4
2025.07.16	00:31:00.294	1.33810				2
2025.07.16	00:31:11.121		1.33892			4
2025.07.16	00:32:00.181	1.33810				2
2025.07.16	00:32:11.292		1.33892			4
2025.07.16	00:33:00.171	1.33810				2
2025.07.16	00:33:11.562		1.33892			4
2025.07.16	00:34:00.148	1.33810				2
2025.07.16	00:34:11.846		1.33892			4
2025.07.16	00:34:38.003	1.33811				2
2025.07.16	00:35:00.166	1.33811				2
2025.07.16	00:35:11.851		1.33892			4
2025.07.16	00:36:00.102	1.33811				2
2025.07.16	00:36:12.093		1.33892			4
2025.07.16	00:37:00.086	1.33811				2
2025.07.16	00:37:12.390		1.33892			4
2025.07.16	00:37:29.620		1.33884			4
2025.07.16	00:38:00.526	1.33811				2
2025.07.16	00:38:31.882		1.33884			4
2025.07.16	00:39:00.942	1.33811				2
2025.07.16	00:39:32.397		1.33884			4
2025.07.16	00:40:00.526	1.33811				2
2025.07.16	00:40:06.338	1.33795	1.33886			6
2025.07.16	00:40:09.164		1.33905			4
2025.07.16	00:40:10.045	1.33797				2
2025.07.16	00:40:10.938	1.33798				2
2025.07.16	00:40:12.842	1.33800	1.33894			6
2025.07.16	00:40:13.698		1.33886			4
2025.07.16	00:40:14.363		1.33892			4
2025.07.16	00:40:16.558		1.33876			4
2025.07.16	00:40:16.910		1.33881			4
2025.07.16	00:40:17.796		1.33891			4
2025.07.16	00:40:21.159		1.33894			4
2025.07.16	00:40:21.462		1.33884			4
2025.07.16	00:40:21.785		1.33883			4
2025.07.16	00:40:38.825		1.33876			4
2025.07.16	00:40:39.166		1.33879			4
2025.07.16	00:40:43.232		1.33877			4
2025.07.16	00:40:45.234		1.33881			4
2025.07.16	00:40:45.678		1.33878			4
2025.07.16	00:40:46.133		1.33873			4
2025.07.16	00:40:46.919		1.33877			4
2025.07.16	00:40:49.751		1.33879			4
2025.07.16	00:40:53.029		1.33873			4
2025.07.16	00:40:58.282		1.33872			4
2025.07.16	00:41:00.946	1.33800	1.33889			6
2025.07.16	00:41:01.311		1.33873			4
2025.07.16	00:41:09.179		1.33872			4
2025.07.16	00:41:12.004		1.33870			4
2025.07.16	00:41:12.882		1.33873			4
2025.07.16	00:41:14.302		1.33879			4
2025.07.16	00:41:14.698		1.33873			4
2025.07.16	00:41:15.683		1.33890			4
2025.07.16	00:41:18.638		1.33883			4
2025.07.16	00:41:29.269		1.33887			4
2025.07.16	00:42:01.459	1.33800				2
2025.07.16	00:42:05.931		1.33889			4
2025.07.16	00:42:16.079		1.33890			4
2025.07.16	00:42:18.638		1.33888			4
2025.07.16	00:42:24.391		1.33886			4
2025.07.16	00:42:24.921		1.33883			4
2025.07.16	00:42:26.106		1.33890			4
2025.07.16	00:42:31.256		1.33891			4
2025.07.16	00:42:31.636		1.33888			4
2025.07.16	00:42:33.847		1.33883			4
2025.07.16	00:42:34.879		1.33881			4
2025.07.16	00:42:36.669		1.33888			4
2025.07.16	00:42:37.089		1.33890			4
2025.07.16	00:42:40.573		1.33888			4
2025.07.16	00:42:47.242		1.33891			4
2025.07.16	00:42:48.305		1.33888			4
2025.07.16	00:42:49.670		1.33890			4
2025.07.16	00:42:55.626		1.33894			4
2025.07.16	00:42:57.784		1.33886			4
2025.07.16	00:43:00.382	1.33800				2
2025.07.16	00:43:09.387		1.33884			4
2025.07.16	00:43:09.704		1.33890			4
2025.07.16	00:43:12.011		1.33888			4
2025.07.16	00:43:15.330		1.33893			4
2025.07.16	00:43:49.722		1.33894			4
2025.07.16	00:43:50.929		1.33892			4
2025.07.16	00:44:03.113	1.33800				2
2025.07.16	00:44:07.027		1.33894			4
2025.07.16	00:44:15.503		1.33892			4
2025.07.16	00:44:16.089		1.33894			4
2025.07.16	00:44:23.609		1.33892			4
2025.07.16	00:44:27.986		1.33881			4
2025.07.16	00:44:29.820		1.33892			4
2025.07.16	00:44:35.282		1.33893			4
2025.07.16	00:44:37.335		1.33882			4
2025.07.16	00:44:41.307		1.33883			4
2025.07.16	00:44:42.220		1.33882			4
2025.07.16	00:44:44.357		1.33893			4
2025.07.16	00:44:44.795		1.33884			4
2025.07.16	00:44:45.715		1.33893			4
2025.07.16	00:44:46.022		1.33879			4
2025.07.16	00:44:46.632		1.33881			4
2025.07.16	00:44:46.933		1.33879			4
2025.07.16	00:44:47.236		1.33880			4
2025.07.16	00:44:49.075	1.33806				2
2025.07.16	00:44:50.296		1.33881			4
2025.07.16	00:44:50.597		1.33883			4
2025.07.16	00:44:52.131		1.33886			4
2025.07.16	00:44:52.488		1.33880			4
2025.07.16	00:44:52.795		1.33879			4
2025.07.16	00:44:53.112		1.33881			4
2025.07.16	00:44:53.419		1.33883			4
2025.07.16	00:44:53.724		1.33886			4
2025.07.16	00:44:54.180		1.33884			4
2025.07.16	00:44:54.790		1.33883			4
2025.07.16	00:44:56.325		1.33884			4
2025.07.16	00:44:57.843		1.33883			4
2025.07.16	00:44:58.145	1.33813	1.33879			6
2025.07.16	00:44:58.446	1.33815	1.33881			6
2025.07.16	00:44:58.753		1.33882			4
2025.07.16	00:45:00.286	1.33815				2
2025.07.16	00:45:03.019	1.33790	1.33880			6
2025.07.16	00:45:06.658	1.33815				2
2025.07.16	00:45:11.222	1.33831	1.33865			6
2025.07.16	00:45:12.724		1.33859			4
2025.07.16	00:45:13.330	1.33823				2
2025.07.16	00:45:16.661		1.33864			4
2025.07.16	00:45:20.007		1.33862			4
2025.07.16	00:45:20.919		1.33864			4
2025.07.16	00:45:21.220		1.33863			4
2025.07.16	00:45:21.525		1.33865			4
2025.07.16	00:45:21.836		1.33866			4
2025.07.16	00:45:22.757		1.33869			4
2025.07.16	00:45:23.062		1.33867			4
2025.07.16	00:45:34.025		1.33866			4
2025.07.16	00:45:37.070		1.33867			4
2025.07.16	00:45:37.376		1.33870			4
2025.07.16	00:45:37.683		1.33874			4
2025.07.16	00:45:38.916		1.33871			4
2025.07.16	00:45:40.428		1.33868			4
2025.07.16	00:45:41.349		1.33867			4
2025.07.16	00:45:52.717		1.33868			4
2025.07.16	00:45:53.634		1.33874			4
2025.07.16	00:45:53.942		1.33869			4
2025.07.16	00:46:00.114	1.33823				2
2025.07.16	00:46:03.818		1.33874			4
2025.07.16	00:46:04.129		1.33864			4
2025.07.16	00:46:05.675		1.33874			4
2025.07.16	00:46:05.984		1.33867			4
2025.07.16	00:46:08.150		1.33870			4
2025.07.16	00:46:08.768		1.33867			4
2025.07.16	00:46:10.310		1.33868			4
2025.07.16	00:46:10.617		1.33865			4
2025.07.16	00:46:11.852		1.33866			4
2025.07.16	00:46:12.774		1.33867			4
2025.07.16	00:46:13.695		1.33868			4
2025.07.16	00:46:16.476	1.33825				2
2025.07.16	00:46:16.780		1.33873			4
2025.07.16	00:46:19.552		1.33878			4
2025.07.16	00:46:19.864		1.33869			4
2025.07.16	00:46:21.405		1.33870			4
2025.07.16	00:46:22.637		1.33868			4
2025.07.16	00:46:28.192	1.33827				2
2025.07.16	00:46:36.536		1.33869			4
2025.07.16	00:46:38.381		1.33868			4
2025.07.16	00:46:39.616		1.33871			4
2025.07.16	00:46:40.234		1.33867			4
2025.07.16	00:46:40.542		1.33868			4
2025.07.16	00:46:47.947		1.33869			4
2025.07.16	00:46:50.408		1.33874			4
2025.07.16	00:46:50.713		1.33863			4
2025.07.16	00:46:51.027		1.33867			4
2025.07.16	00:46:51.637		1.33870			4
2025.07.16	00:46:52.256		1.33867			4
2025.07.16	00:46:54.411		1.33869			4
2025.07.16	00:46:54.715	1.33828				2
2025.07.16	00:46:56.873		1.33867			4
2025.07.16	00:46:57.486	1.33822	1.33872			6
2025.07.16	00:46:57.797		1.33866			4
2025.07.16	00:46:58.410	1.33826	1.33868			6
2025.07.16	00:46:58.723		1.33866			4
2025.07.16	00:47:00.276	1.33826				2
2025.07.16	00:47:00.889		1.33876			4
2025.07.16	00:47:03.049	1.33812	1.33902			6
2025.07.16	00:47:03.662	1.33810	1.33868			6
2025.07.16	00:47:03.972	1.33807	1.33865			6
2025.07.16	00:47:06.133	1.33806	1.33864			6
2025.07.16	00:47:06.750	1.33826				2
2025.07.16	00:47:08.290		1.33865			4
2025.07.16	00:47:08.596		1.33863			4
2025.07.16	00:47:11.670		1.33864			4
2025.07.16	00:47:30.783	1.33824				2
2025.07.16	00:47:31.088		1.33867			4
2025.07.16	00:47:31.400		1.33874			4
2025.07.16	00:47:33.561		1.33867			4
2025.07.16	00:47:34.482		1.33868			4
2025.07.16	00:47:43.417		1.33869			4
2025.07.16	00:47:44.659		1.33867			4
2025.07.16	00:47:44.965		1.33866			4
2025.07.16	00:47:58.244		1.33867			4
2025.07.16	00:47:58.552		1.33868			4
2025.07.16	00:47:58.861		1.33867			4
2025.07.16	00:47:59.171		1.33865			4
2025.07.16	00:48:00.098	1.33824				2
2025.07.16	00:48:01.021		1.33866			4
2025.07.16	00:48:01.331		1.33865			4
2025.07.16	00:48:13.338	1.33823				2
2025.07.16	00:48:13.645		1.33864			4
2025.07.16	00:48:15.183		1.33861			4
2025.07.16	00:48:15.806		1.33862			4
2025.07.16	00:48:17.343		1.33865			4
2025.07.16	00:48:17.647		1.33867			4
2025.07.16	00:48:21.657		1.33869			4
2025.07.16	00:48:21.969		1.33868			4
2025.07.16	00:48:24.736	1.33822				2
2025.07.16	00:48:27.813		1.33869			4
2025.07.16	00:48:28.126	1.33829	1.33865			6
2025.07.16	00:48:31.507		1.33869			4
2025.07.16	00:48:31.814		1.33864			4
2025.07.16	00:48:32.119		1.33867			4
2025.07.16	00:48:36.118		1.33870			4
2025.07.16	00:48:36.432		1.33872			4
2025.07.16	00:48:37.047		1.33870			4
2025.07.16	00:48:38.578		1.33867			4
2025.07.16	00:48:38.892		1.33865			4
2025.07.16	00:48:40.739		1.33868			4
2025.07.16	00:48:41.053		1.33863			4
2025.07.16	00:48:43.199	1.33826	1.33864			6
2025.07.16	00:48:43.510		1.33865			4
2025.07.16	00:48:45.044		1.33866			4
2025.07.16	00:48:46.277		1.33867			4
2025.07.16	00:49:00.133	1.33826				2
2025.07.16	00:49:34.923		1.33868			4
2025.07.16	00:49:42.630	1.33818				2
2025.07.16	00:49:42.940		1.33867			4
2025.07.16	00:49:43.864		1.33868			4
2025.07.16	00:49:44.181		1.33866			4
2025.07.16	00:49:44.486		1.33863			4
2025.07.16	00:49:44.793		1.33866			4
2025.07.16	00:49:45.098		1.33863			4
2025.07.16	00:49:45.413		1.33866			4
2025.07.16	00:49:46.640		1.33861			4
2025.07.16	00:49:47.265	1.33817				2
2025.07.16	00:49:49.104		1.33867			4
2025.07.16	00:49:49.409		1.33865			4
2025.07.16	00:49:50.642		1.33864			4
2025.07.16	00:49:52.182		1.33865			4
2025.07.16	00:49:53.114		1.33867			4
2025.07.16	00:49:53.731		1.33868			4
2025.07.16	00:49:54.650		1.33867			4
2025.07.16	00:49:54.958		1.33866			4
2025.07.16	00:49:55.269		1.33867			4
2025.07.16	00:49:57.735	1.33819	1.33865			6
2025.07.16	00:49:58.039		1.33866			4
2025.07.16	00:49:58.962	1.33821	1.33863			6
2025.07.16	00:50:00.194	1.33821				2
2025.07.16	00:50:00.814		1.33866			4
2025.07.16	00:50:01.119		1.33863			4
2025.07.16	00:50:01.428		1.33862			4
2025.07.16	00:50:04.813		1.33864			4
2025.07.16	00:50:09.129		1.33869			4
2025.07.16	00:50:09.431	1.33820	1.33859			6
2025.07.16	00:50:11.283		1.33865			4
2025.07.16	00:50:11.589		1.33866			4
2025.07.16	00:50:12.825		1.33867			4
2025.07.16	00:50:13.754		1.33868			4
2025.07.16	00:50:14.983		1.33867			4
2025.07.16	00:50:15.286	1.33826	1.33866			6
2025.07.16	00:50:15.606		1.33867			4
2025.07.16	00:50:16.217		1.33868			4
2025.07.16	00:50:21.764		1.33872			4
2025.07.16	00:50:22.076		1.33868			4
2025.07.16	00:50:22.385		1.33872			4
2025.07.16	00:50:22.695		1.33873			4
2025.07.16	00:50:23.314		1.33869			4
2025.07.16	00:50:25.471		1.33864			4
2025.07.16	00:50:25.779		1.33863			4
2025.07.16	00:50:30.394	1.33821	1.33866			6
2025.07.16	00:50:30.708		1.33870			4
2025.07.16	00:50:31.013		1.33867			4
2025.07.16	00:50:33.169		1.33868			4
2025.07.16	00:50:34.094		1.33869			4
2025.07.16	00:50:34.710		1.33868			4
2025.07.16	00:50:43.060		1.33867			4
2025.07.16	00:50:45.210	1.33826				2
2025.07.16	00:50:46.446		1.33868			4
2025.07.16	00:50:51.071		1.33863			4
2025.07.16	00:50:51.379		1.33868			4
2025.07.16	00:50:51.682		1.33864			4
2025.07.16	00:50:51.993		1.33866			4
2025.07.16	00:50:52.298	1.33827				2
2025.07.16	00:50:53.535		1.33867			4
2025.07.16	00:51:00.018	1.33827				2
2025.07.16	00:51:00.948		1.33871			4
2025.07.16	00:51:07.711		1.33872			4
2025.07.16	00:51:08.021		1.33870			4
2025.07.16	00:51:11.415		1.33872			4
2025.07.16	00:51:11.723		1.33870			4
2025.07.16	00:51:12.644		1.33872			4
2025.07.16	00:51:12.952		1.33870			4
2025.07.16	00:51:13.259		1.33869			4
2025.07.16	00:51:13.567		1.33868			4
2025.07.16	00:51:16.650		1.33871			4
2025.07.16	00:51:22.210		1.33870			4
2025.07.16	00:51:23.130		1.33871			4
2025.07.16	00:51:26.518		1.33873			4
2025.07.16	00:51:26.831		1.33866			4
2025.07.16	00:51:29.606		1.33869			4
2025.07.16	00:51:30.217		1.33871			4
2025.07.16	00:51:30.529		1.33868			4
2025.07.16	00:51:30.838		1.33869			4
2025.07.16	00:51:34.541		1.33868			4
2025.07.16	00:51:37.613		1.33870			4
2025.07.16	00:51:46.542		1.33868			4
2025.07.16	00:51:47.469	1.33829	1.33877			6
2025.07.16	00:51:47.775	1.33827	1.33876			6
2025.07.16	00:51:48.393	1.33830	1.33878			6
2025.07.16	00:51:48.697	1.33833	1.33879			6
2025.07.16	00:51:49.008		1.33880			4
2025.07.16	00:51:49.933		1.33879			4
2025.07.16	00:51:50.234	1.33832	1.33878			6
2025.07.16	00:51:50.849	1.33834	1.33881			6
2025.07.16	00:51:51.468		1.33882			4
2025.07.16	00:51:51.776		1.33883			4
2025.07.16	00:51:53.013	1.33831	1.33878			6
2025.07.16	00:51:54.845		1.33881			4
2025.07.16	00:51:55.152		1.33879			4
2025.07.16	00:51:55.457		1.33877			4
2025.07.16	00:51:57.917	1.33833	1.33876			6
2025.07.16	00:51:58.223	1.33831	1.33881			6
2025.07.16	00:51:58.538		1.33880			4
2025.07.16	00:51:59.147		1.33883			4
2025.07.16	00:51:59.453		1.33879			4
2025.07.16	00:52:00.056	1.33831				2
2025.07.16	00:52:02.516	1.33830				2
2025.07.16	00:52:03.751	1.33829	1.33882			6
2025.07.16	00:52:04.056		1.33877			4
2025.07.16	00:52:04.363	1.33827	1.33875			6
2025.07.16	00:52:05.287	1.33828	1.33882			6
2025.07.16	00:52:05.595		1.33879			4
2025.07.16	00:52:05.905		1.33887			4
2025.07.16	00:52:06.211	1.33827	1.33880			6
2025.07.16	00:52:07.138		1.33877			4
2025.07.16	00:52:10.531		1.33881			4
2025.07.16	00:52:11.147		1.33883			4
2025.07.16	00:52:13.609		1.33875			4
2025.07.16	00:52:14.220		1.33878			4
2025.07.16	00:52:14.530		1.33875			4
2025.07.16	00:52:14.836		1.33874			4
2025.07.16	00:52:20.691		1.33875			4
2025.07.16	00:52:22.857		1.33883			4
2025.07.16	00:52:23.156		1.33875			4
2025.07.16	00:52:25.934		1.33887			4
2025.07.16	00:52:28.095		1.33875			4
2025.07.16	00:52:28.706		1.33881			4
2025.07.16	00:52:29.024		1.33878			4
2025.07.16	00:52:29.327		1.33883			4
2025.07.16	00:52:29.642		1.33878			4
2025.07.16	00:52:29.947	1.33828	1.33879			6
2025.07.16	00:52:30.257		1.33873			4
2025.07.16	00:52:30.563		1.33877			4
2025.07.16	00:52:31.185		1.33875			4
2025.07.16	00:52:31.491		1.33874			4
2025.07.16	00:52:32.727		1.33872			4
2025.07.16	00:52:35.817	1.33827	1.33888			6
2025.07.16	00:52:36.132		1.33879			4
2025.07.16	00:52:37.354		1.33880			4
2025.07.16	00:52:37.664		1.33883			4
2025.07.16	00:52:37.969		1.33878			4
2025.07.16	00:52:38.585		1.33872			4
2025.07.16	00:52:38.894		1.33871			4
2025.07.16	00:52:40.439		1.33874			4
2025.07.16	00:52:40.747		1.33876			4
2025.07.16	00:52:43.212		1.33870			4
2025.07.16	00:52:43.523		1.33869			4
2025.07.16	00:52:43.823		1.33870			4
2025.07.16	00:52:45.053		1.33873			4
2025.07.16	00:52:45.363		1.33872			4
2025.07.16	00:52:50.297		1.33884			4
2025.07.16	00:52:50.597		1.33879			4
2025.07.16	00:52:53.374	1.33825				2
2025.07.16	00:52:53.679	1.33824				2
2025.07.16	00:52:54.615	1.33823				2
2025.07.16	00:52:55.535		1.33880			4
2025.07.16	00:52:55.839		1.33881			4
2025.07.16	00:52:57.683	1.33824				2
2025.07.16	00:52:58.304		1.33888			4
2025.07.16	00:52:59.230		1.33884			4
2025.07.16	00:52:59.543		1.33888			4
2025.07.16	00:53:00.157	1.33824				2
2025.07.16	00:53:02.924		1.33885			4
2025.07.16	00:53:03.853		1.33884			4
2025.07.16	00:53:04.473		1.33885			4
2025.07.16	00:53:04.779		1.33884			4
2025.07.16	00:53:05.091	1.33823				2
2025.07.16	00:53:06.324		1.33888			4
2025.07.16	00:53:07.244		1.33884			4
2025.07.16	00:53:08.168		1.33877			4
2025.07.16	00:53:08.785		1.33878			4
2025.07.16	00:53:10.320		1.33886			4
2025.07.16	00:53:11.556	1.33831	1.33887			6
2025.07.16	00:53:11.862		1.33875			4
2025.07.16	00:53:16.486	1.33835	1.33887			6
2025.07.16	00:53:16.794		1.33881			4
2025.07.16	00:53:18.021		1.33882			4
2025.07.16	00:53:18.335		1.33879			4
2025.07.16	00:53:18.944		1.33880			4
2025.07.16	00:53:20.796	1.33836	1.33874			6
2025.07.16	00:53:21.105		1.33875			4
2025.07.16	00:53:21.723	1.33838	1.33881			6
2025.07.16	00:53:22.030	1.33833				2
2025.07.16	00:53:22.334		1.33878			4
2025.07.16	00:53:23.564		1.33873			4
2025.07.16	00:53:23.868		1.33872			4
2025.07.16	00:53:24.175		1.33879			4
2025.07.16	00:53:26.946		1.33875			4
2025.07.16	00:53:27.269		1.33879			4
2025.07.16	00:53:27.580		1.33874			4
2025.07.16	00:53:27.895	1.33830				2
2025.07.16	00:53:31.605	1.33833	1.33884			6
2025.07.16	00:53:31.915		1.33877			4
2025.07.16	00:53:32.220	1.33830				2
2025.07.16	00:53:32.527		1.33876			4
2025.07.16	00:53:32.836	1.33836	1.33880			6
2025.07.16	00:53:33.140	1.33838	1.33879			6
2025.07.16	00:53:33.456		1.33875			4
2025.07.16	00:53:34.385	1.33832	1.33882			6
2025.07.16	00:53:34.690		1.33875			4
2025.07.16	00:53:35.304		1.33881			4
2025.07.16	00:53:35.611		1.33879			4
2025.07.16	00:53:40.525	1.33827	1.33885			6
2025.07.16	00:53:40.839		1.33878			4
2025.07.16	00:53:41.144	1.33831	1.33883			6
2025.07.16	00:53:41.454		1.33878			4
2025.07.16	00:53:46.644	1.33834	1.33880			6
2025.07.16	00:53:46.945		1.33876			4
2025.07.16	00:53:50.959	1.33837	1.33880			6
2025.07.16	00:53:51.271	1.33832	1.33884			6
2025.07.16	00:53:51.573		1.33875			4
2025.07.16	00:53:51.880	1.33835				2
2025.07.16	00:53:53.428		1.33882			4
2025.07.16	00:53:55.576	1.33830	1.33885			6
2025.07.16	00:53:56.195	1.33827	1.33886			6
2025.07.16	00:53:56.499	1.33823	1.33887			6
2025.07.16	00:54:00.176	1.33823				2
2025.07.16	00:54:05.428	1.33824				2
2025.07.16	00:54:22.167	1.33823				2
2025.07.16	00:54:22.478	1.33825				2
2025.07.16	00:54:25.657	1.33824				2
2025.07.16	00:54:30.133		1.33888			4
2025.07.16	00:54:32.223		1.33887			4
2025.07.16	00:54:41.146	1.33823	1.33888			6
2025.07.16	00:54:41.458	1.33826				2
2025.07.16	00:54:42.075	1.33825	1.33887			6
2025.07.16	00:54:43.005	1.33824				2
2025.07.16	00:54:55.959		1.33881			4
2025.07.16	00:54:56.888	1.33825				2
2025.07.16	00:55:00.272	1.33825				2
2025.07.16	00:55:04.273	1.33824	1.33888			6
2025.07.16	00:55:05.503	1.33826	1.33879			6
2025.07.16	00:55:05.821		1.33888			4
2025.07.16	00:55:12.315	1.33825				2
2025.07.16	00:55:21.586	1.33824	1.33889			6
2025.07.16	00:55:21.892		1.33884			4
2025.07.16	00:55:24.043	1.33820	1.33889			6
2025.07.16	00:55:24.965		1.33888			4
2025.07.16	00:55:28.664		1.33887			4
2025.07.16	00:55:29.590	1.33821				2
2025.07.16	00:55:29.893	1.33819				2
2025.07.16	00:55:31.125	1.33826	1.33879			6
2025.07.16	00:55:31.434		1.33887			4
2025.07.16	00:55:32.358	1.33825				2
2025.07.16	00:55:35.752	1.33824	1.33884			6
2025.07.16	00:55:36.054		1.33879			4
2025.07.16	00:55:36.672		1.33885			4
2025.07.16	00:55:36.984		1.33887			4
2025.07.16	00:55:43.444	1.33823				2
2025.07.16	00:55:43.755	1.33822				2
2025.07.16	00:55:44.983	1.33823	1.33886			6
2025.07.16	00:55:45.293		1.33884			4
2025.07.16	00:55:48.066		1.33886			4
2025.07.16	00:55:48.986		1.33887			4
2025.07.16	00:55:49.910		1.33883			4
2025.07.16	00:55:50.837	1.33824	1.33887			6
2025.07.16	00:55:51.141		1.33878			4
2025.07.16	00:55:51.753	1.33822	1.33885			6
2025.07.16	00:55:54.210		1.33887			4
2025.07.16	00:55:54.517		1.33882			4
2025.07.16	00:55:54.832	1.33823	1.33876			6
2025.07.16	00:55:56.976	1.33822	1.33887			6
2025.07.16	00:55:58.830	1.33823	1.33888			6
2025.07.16	00:55:59.134	1.33834	1.33870			6
2025.07.16	00:55:59.443		1.33873			4
2025.07.16	00:56:00.047	1.33834				2
2025.07.16	00:56:00.350	1.33835	1.33875			6
2025.07.16	00:56:00.954		1.33873			4
2025.07.16	00:56:01.260		1.33875			4
2025.07.16	00:56:01.578		1.33873			4
2025.07.16	00:56:01.882		1.33875			4
2025.07.16	00:56:03.115		1.33871			4
2025.07.16	00:56:03.718		1.33870			4
2025.07.16	00:56:05.544		1.33875			4
2025.07.16	00:56:07.688		1.33871			4
2025.07.16	00:56:16.598	1.33834				2
2025.07.16	00:56:16.900		1.33867			4
2025.07.16	00:56:17.831	1.33835	1.33871			6
2025.07.16	00:56:18.143		1.33869			4
2025.07.16	00:56:20.295		1.33868			4
2025.07.16	00:56:21.520		1.33872			4
2025.07.16	00:56:21.835		1.33869			4
2025.07.16	00:56:22.450		1.33872			4
2025.07.16	00:56:22.760		1.33870			4
2025.07.16	00:56:25.531		1.33874			4
2025.07.16	00:56:26.146		1.33872			4
2025.07.16	00:56:27.073		1.33874			4
2025.07.16	00:56:28.290		1.33871			4
2025.07.16	00:56:28.602		1.33872			4
2025.07.16	00:56:30.758		1.33875			4
2025.07.16	00:56:31.072		1.33870			4
2025.07.16	00:56:31.375		1.33875			4
2025.07.16	00:56:31.682		1.33869			4
2025.07.16	00:56:32.299	1.33831				2
2025.07.16	00:56:32.612		1.33868			4
2025.07.16	00:56:34.773		1.33867			4
2025.07.16	00:56:35.081		1.33868			4
2025.07.16	00:56:37.856		1.33867			4
2025.07.16	00:56:44.637		1.33865			4
2025.07.16	00:56:55.089	1.33835				2
2025.07.16	00:56:55.393		1.33867			4
2025.07.16	00:56:56.319		1.33866			4
2025.07.16	00:56:56.627		1.33864			4
2025.07.16	00:56:59.084	1.33830	1.33862			6
2025.07.16	00:57:00.009	1.33832				2
2025.07.16	00:57:19.065		1.33863			4
2025.07.16	00:57:22.127		1.33865			4
2025.07.16	00:57:25.192		1.33863			4
2025.07.16	00:57:29.203		1.33862			4
2025.07.16	00:57:30.434		1.33864			4
2025.07.16	00:57:30.738		1.33867			4
2025.07.16	00:57:31.044		1.33864			4
2025.07.16	00:57:33.511		1.33866			4
2025.07.16	00:57:36.587		1.33863			4
2025.07.16	00:57:42.131		1.33864			4
2025.07.16	00:57:54.159		1.33863			4
2025.07.16	00:57:59.083		1.33862			4
2025.07.16	00:57:59.393		1.33863			4
2025.07.16	00:58:00.009	1.33832				2
2025.07.16	00:58:03.100		1.33862			4
2025.07.16	00:58:15.095		1.33863			4
2025.07.16	00:58:20.341		1.33864			4
2025.07.16	00:58:26.504		1.33865			4
2025.07.16	00:58:26.815		1.33863			4
2025.07.16	00:58:29.896		1.33862			4
2025.07.16	00:58:38.832		1.33861			4
2025.07.16	00:58:39.759	1.33828	1.33868			6
2025.07.16	00:58:40.063		1.33865			4
2025.07.16	00:58:40.682		1.33867			4
2025.07.16	00:58:41.910		1.33865			4
2025.07.16	00:58:47.460		1.33864			4
2025.07.16	00:58:47.770		1.33866			4
2025.07.16	00:58:49.003		1.33867			4
2025.07.16	00:58:52.084		1.33870			4
2025.07.16	00:58:52.389		1.33868			4
2025.07.16	00:58:54.852		1.33870			4
2025.07.16	00:58:55.163	1.33832	1.33865			6
2025.07.16	00:58:55.471	1.33828	1.33868			6
2025.07.16	00:59:00.095	1.33828				2
2025.07.16	00:59:01.014		1.33869			4
2025.07.16	00:59:01.937		1.33867			4
2025.07.16	00:59:02.245		1.33869			4
2025.07.16	00:59:02.550		1.33868			4
2025.07.16	00:59:03.789		1.33869			4
2025.07.16	00:59:06.563		1.33870			4
2025.07.16	00:59:17.027		1.33876			4
2025.07.16	00:59:24.111	1.33821	1.33863			6
2025.07.16	00:59:24.412	1.33823	1.33866			6
2025.07.16	00:59:24.724		1.33860			4
2025.07.16	00:59:25.035		1.33866			4
2025.07.16	00:59:25.648		1.33868			4
2025.07.16	00:59:26.262		1.33876			4
2025.07.16	00:59:27.802		1.33862			4
2025.07.16	00:59:28.421		1.33865			4
2025.07.16	00:59:28.731		1.33864			4
2025.07.16	00:59:29.652		1.33876			4
2025.07.16	00:59:29.962		1.33865			4
2025.07.16	00:59:30.267		1.33876			4
2025.07.16	00:59:30.575		1.33863			4
2025.07.16	00:59:30.885		1.33866			4
2025.07.16	00:59:31.188		1.33864			4
2025.07.16	00:59:32.420		1.33868			4
2025.07.16	00:59:32.730		1.33876			4
2025.07.16	00:59:34.273		1.33865			4
2025.07.16	00:59:34.888		1.33869			4
2025.07.16	00:59:35.196		1.33862			4
2025.07.16	00:59:35.501		1.33860			4
2025.07.16	00:59:35.804		1.33865			4
2025.07.16	00:59:37.347		1.33876			4
2025.07.16	00:59:38.892		1.33866			4
2025.07.16	00:59:39.198		1.33865			4
2025.07.16	00:59:40.740		1.33864			4
2025.07.16	00:59:43.815		1.33863			4
2025.07.16	00:59:46.894		1.33877			4
2025.07.16	00:59:49.056		1.33863			4
2025.07.16	00:59:49.366		1.33864			4
2025.07.16	00:59:49.674		1.33877			4
2025.07.16	00:59:49.983		1.33864			4
2025.07.16	00:59:50.594		1.33861			4
2025.07.16	00:59:51.212		1.33859			4
2025.07.16	00:59:51.517		1.33857			4
2025.07.16	00:59:52.747		1.33877			4
2025.07.16	00:59:53.063		1.33861			4
2025.07.16	00:59:54.596		1.33877			4
2025.07.16	00:59:54.897		1.33868			4
2025.07.16	00:59:55.526		1.33877			4
2025.07.16	00:59:56.136		1.33874			4
2025.07.16	00:59:56.445		1.33877			4
2025.07.16	00:59:57.976		1.33868			4
2025.07.16	00:59:58.902		1.33860			4
2025.07.16	00:59:59.207		1.33858			4
2025.07.16	00:59:59.513		1.33857			4
2025.07.16	00:59:59.821		1.33856			4
2025.07.16	01:00:00.126	1.33823	1.33854			6
2025.07.16	01:00:00.427		1.33865			4
2025.07.16	01:00:00.728		1.33861			4
2025.07.16	01:00:01.042	1.33830	1.33864			6
2025.07.16	01:00:01.355		1.33849			4
2025.07.16	01:00:01.660	1.33819	1.33863			6
2025.07.16	01:00:02.273		1.33858			4
2025.07.16	01:00:03.214		1.33859			4
2025.07.16	01:00:03.521	1.33803	1.33862			6
2025.07.16	01:00:03.823	1.33799	1.33860			6
2025.07.16	01:00:04.128	1.33801				2
2025.07.16	01:00:04.433		1.33862			4
2025.07.16	01:00:05.358		1.33860			4
2025.07.16	01:00:05.666	1.33800				2
2025.07.16	01:00:05.986	1.33799	1.33858			6
2025.07.16	01:00:06.293		1.33859			4
2025.07.16	01:00:06.921	1.33819				2
2025.07.16	01:00:07.233		1.33858			4
2025.07.16	01:00:08.461	1.33822	1.33856			6
2025.07.16	01:00:08.774	1.33819				2
2025.07.16	01:00:09.081		1.33857			4
2025.07.16	01:00:09.397		1.33855			4
2025.07.16	01:00:10.008	1.33821				2
2025.07.16	01:00:10.312	1.33820				2
2025.07.16	01:00:10.939	1.33819	1.33853			6
2025.07.16	01:00:11.245		1.33851			4
2025.07.16	01:00:11.855		1.33854			4
2025.07.16	01:00:12.167		1.33856			4
2025.07.16	01:00:12.474		1.33853			4
2025.07.16	01:00:13.081		1.33854			4
2025.07.16	01:00:14.007		1.33850			4
2025.07.16	01:00:14.311		1.33852			4
2025.07.16	01:00:14.615	1.33822	1.33848			6
2025.07.16	01:00:15.236	1.33825				2
2025.07.16	01:00:15.540	1.33826				2
2025.07.16	01:00:15.843		1.33850			4
2025.07.16	01:00:16.148	1.33825	1.33849			6
2025.07.16	01:00:16.455		1.33830			4
2025.07.16	01:00:17.068		1.33831			4
2025.07.16	01:00:17.378		1.33848			4
2025.07.16	01:00:17.692		1.33830			4
2025.07.16	01:00:18.303	1.33816	1.33845			6
2025.07.16	01:00:18.609		1.33843			4
2025.07.16	01:00:18.913		1.33842			4
2025.07.16	01:00:19.844		1.33844			4
2025.07.16	01:00:20.147		1.33845			4
2025.07.16	01:00:20.454	1.33820	1.33827			6
2025.07.16	01:00:20.759	1.33816	1.33844			6
2025.07.16	01:00:21.068		1.33841			4
2025.07.16	01:00:21.676		1.33840			4
2025.07.16	01:00:22.594		1.33842			4
2025.07.16	01:00:22.904		1.33840			4
2025.07.16	01:00:23.206	1.33818	1.33825			6
2025.07.16	01:00:24.417	1.33816	1.33823			6
2025.07.16	01:00:24.718		1.33841			4
2025.07.16	01:00:25.324	1.33817	1.33824			6
2025.07.16	01:00:25.629	1.33816	1.33843			6
2025.07.16	01:00:26.234	1.33819	1.33826			6
2025.07.16	01:00:26.538	1.33816	1.33841			6
2025.07.16	01:00:26.842		1.33843			4
2025.07.16	01:00:27.148		1.33842			4
2025.07.16	01:00:28.064		1.33841			4
2025.07.16	01:00:29.302	1.33817	1.33824			6
2025.07.16	01:00:29.607	1.33816	1.33840			6
2025.07.16	01:00:29.910	1.33819	1.33826			6
2025.07.16	01:00:30.217	1.33816	1.33844			6
2025.07.16	01:00:30.534		1.33843			4
2025.07.16	01:00:31.450	1.33818	1.33825			6
2025.07.16	01:00:32.065	1.33816	1.33840			6
2025.07.16	01:00:32.371	1.33824	1.33831			6
2025.07.16	01:00:33.581		1.33832			4
2025.07.16	01:00:34.209		1.33831			4
2025.07.16	01:00:34.818	1.33823				2
2025.07.16	01:00:36.046	1.33824				2
2025.07.16	01:00:48.963	1.33829	1.33830			6
2025.07.16	01:00:49.583	1.33834	1.33842			6
2025.07.16	01:00:49.884	1.33836	1.33847			6
2025.07.16	01:00:51.409		1.33846			4
2025.07.16	01:00:52.327	1.33832	1.33833			6
2025.07.16	01:00:52.630	1.33833	1.33834			6
2025.07.16	01:00:57.210	1.33834	1.33835			6
2025.07.16	01:00:57.521	1.33833	1.33834			6
2025.07.16	01:01:00.269	1.33837	1.33838			6
2025.07.16	01:01:00.581	1.33836	1.33839			6
2025.07.16	01:01:01.497		1.33840			4
2025.07.16	01:01:02.403	1.33835	1.33839			6
2025.07.16	01:01:02.708	1.33836				2
2025.07.16	01:01:03.628		1.33838			4
2025.07.16	01:01:06.078	1.33835				2
2025.07.16	01:01:07.912	1.33836	1.33839			6
2025.07.16	01:01:08.213	1.33835	1.33838			6
2025.07.16	01:01:08.823	1.33836				2
2025.07.16	01:01:09.128	1.33835				2
2025.07.16	01:01:10.662	1.33836				2
2025.07.16	01:01:12.795		1.33839			4
2025.07.16	01:01:14.649		1.33838			4
2025.07.16	01:01:15.570		1.33839			4
2025.07.16	01:01:16.798	1.33837	1.33840			6
2025.07.16	01:01:18.330	1.33838	1.33841			6
2025.07.16	01:01:19.239	1.33836	1.33839			6
2025.07.16	01:01:20.151	1.33837	1.33840			6
2025.07.16	01:01:20.761	1.33838	1.33841			6
2025.07.16	01:01:21.369	1.33837	1.33840			6
2025.07.16	01:01:21.977	1.33838	1.33841			6
2025.07.16	01:01:24.445	1.33836	1.33839			6
2025.07.16	01:01:25.359	1.33835	1.33838			6
2025.07.16	01:01:30.245	1.33837	1.33840			6
2025.07.16	01:01:37.923	1.33836	1.33839			6
2025.07.16	01:01:38.225	1.33835	1.33838			6
2025.07.16	01:01:39.144	1.33836	1.33839			6
2025.07.16	01:01:40.967	1.33835	1.33838			6
2025.07.16	01:01:47.994	1.33836	1.33839			6
2025.07.16	01:01:49.222	1.33835	1.33838			6
2025.07.16	01:01:52.266	1.33833	1.33836			6
2025.07.16	01:01:52.569	1.33835	1.33838			6
2025.07.16	01:02:00.156	1.33835				2
2025.07.16	01:02:10.242	1.33834	1.33837			6
2025.07.16	01:02:48.367	1.33835	1.33838			6
2025.07.16	01:02:49.884	1.33834	1.33837			6
2025.07.16	01:02:53.523	1.33835	1.33838			6
2025.07.16	01:02:54.125	1.33834				2
2025.07.16	01:02:55.343	1.33835				2
2025.07.16	01:02:56.874	1.33836	1.33839			6
2025.07.16	01:02:57.180	1.33835				2
2025.07.16	01:02:58.401	1.33836				2
2025.07.16	01:03:00.224	1.33835	1.33838			6
2025.07.16	01:03:00.526	1.33836	1.33839			6
2025.07.16	01:03:00.831	1.33835	1.33838			6
2025.07.16	01:03:01.138	1.33834				2
2025.07.16	01:03:03.277	1.33835				2
2025.07.16	01:03:10.308	1.33836	1.33839			6
2025.07.16	01:03:11.219	1.33835				2
2025.07.16	01:03:12.446	1.33834	1.33838			6
2025.07.16	01:03:13.367		1.33839			4
2025.07.16	01:03:14.292		1.33838			4
2025.07.16	01:03:17.358	1.33835				2
2025.07.16	01:03:49.212	1.33837	1.33840			6
2025.07.16	01:03:49.517	1.33836	1.33839			6
2025.07.16	01:03:54.712	1.33835	1.33838			6
2025.07.16	01:03:59.286	1.33836	1.33839			6
2025.07.16	01:04:00.201	1.33835				2
2025.07.16	01:04:01.739	1.33834	1.33838			6
2025.07.16	01:04:02.356	1.33833	1.33840			6
2025.07.16	01:04:03.276	1.33835	1.33841			6
2025.07.16	01:04:04.201	1.33833	1.33844			6
2025.07.16	01:04:05.123		1.33843			4
2025.07.16	01:04:06.358	1.33834				2
2025.07.16	01:04:07.282		1.33842			4
2025.07.16	01:04:08.215	1.33835				2
2025.07.16	01:04:08.826	1.33834	1.33841			6
2025.07.16	01:04:10.365		1.33840			4
2025.07.16	01:04:11.294	1.33835				2
2025.07.16	01:04:12.216		1.33839			4
2025.07.16	01:04:17.389	1.33836				2
2025.07.16	01:04:30.492	1.33837	1.33840			6
2025.07.16	01:04:31.097	1.33835	1.33839			6
2025.07.16	01:04:32.331	1.33836	1.33840			6
2025.07.16	01:04:33.252		1.33841			4
2025.07.16	01:04:34.171		1.33840			4
2025.07.16	01:04:35.400	1.33837				2
2025.07.16	01:04:36.025	1.33836	1.33839			6
2025.07.16	01:04:36.327	1.33835				2
2025.07.16	01:04:37.249	1.33836				2
2025.07.16	01:04:38.174		1.33840			4
2025.07.16	01:04:39.099	1.33835	1.33839			6
2025.07.16	01:04:39.405		1.33840			4
2025.07.16	01:04:40.330		1.33839			4
2025.07.16	01:04:41.258	1.33836				2
2025.07.16	01:04:41.564	1.33837	1.33840			6
2025.07.16	01:04:42.182	1.33836				2
2025.07.16	01:04:43.398	1.33837				2
2025.07.16	01:05:00.181	1.33837				2
2025.07.16	01:05:36.946	1.33836	1.33839			6
2025.07.16	01:05:37.254	1.33837	1.33840			6
2025.07.16	01:05:38.182	1.33836	1.33839			6
2025.07.16	01:05:39.117	1.33835				2
2025.07.16	01:05:40.343	1.33836				2
2025.07.16	01:05:40.644	1.33837	1.33840			6
2025.07.16	01:05:40.953	1.33836	1.33839			6
2025.07.16	01:05:41.884	1.33837	1.33840			6
2025.07.16	01:05:43.128	1.33835	1.33841			6
2025.07.16	01:05:44.363	1.33836				2
2025.07.16	01:05:44.673	1.33835	1.33840			6
2025.07.16	01:05:45.291		1.33839			4
2025.07.16	01:05:46.220	1.33834	1.33841			6
2025.07.16	01:05:47.147		1.33840			4
2025.07.16	01:05:48.383	1.33835				2
2025.07.16	01:05:49.321		1.33839			4
2025.07.16	01:05:50.561	1.33836	1.33840			6
2025.07.16	01:05:52.112	1.33835	1.33842			6
2025.07.16	01:05:53.354		1.33841			4
2025.07.16	01:05:54.291	1.33836				2
2025.07.16	01:05:55.214		1.33840			4
2025.07.16	01:05:57.388	1.33837				2
2025.07.16	01:05:58.002	1.33840	1.33843			6
2025.07.16	01:05:58.307	1.33843	1.33846			6
2025.07.16	01:05:59.226	1.33840	1.33850			6
2025.07.16	01:06:00.141	1.33840				2
2025.07.16	01:06:02.315	1.33841				2
2025.07.16	01:06:05.404	1.33842				2
2025.07.16	01:06:06.328		1.33849			4
2025.07.16	01:06:08.175		1.33848			4
2025.07.16	01:06:09.404	1.33843				2
2025.07.16	01:06:11.243		1.33847			4
2025.07.16	01:06:14.312	1.33844				2
2025.07.16	01:06:31.738	1.33842	1.33845			6
2025.07.16	01:06:32.969	1.33843	1.33846			6
2025.07.16	01:06:41.195	1.33842	1.33845			6
2025.07.16	01:06:44.257	1.33843	1.33846			6
2025.07.16	01:06:45.478		1.33845			4
2025.07.16	01:06:45.785		1.33846			4
2025.07.16	01:06:54.596	1.33842	1.33845			6
2025.07.16	01:06:59.189	1.33843	1.33846			6
2025.07.16	01:06:59.800	1.33842	1.33845			6
2025.07.16	01:07:00.101	1.33842				2
2025.07.16	01:07:03.460	1.33843	1.33846			6
2025.07.16	01:07:09.290	1.33844	1.33847			6
2025.07.16	01:07:09.595	1.33843	1.33846			6
2025.07.16	01:07:09.911	1.33842	1.33845			6
2025.07.16	01:07:10.216	1.33843	1.33846			6
2025.07.16	01:07:10.826	1.33844	1.33847			6
2025.07.16	01:07:11.137	1.33843	1.33846			6
2025.07.16	01:07:11.750	1.33844	1.33847			6
2025.07.16	01:07:14.203	1.33845	1.33848			6
2025.07.16	01:07:14.504	1.33844	1.33847			6
2025.07.16	01:07:15.437	1.33845	1.33848			6
2025.07.16	01:07:24.042	1.33844	1.33847			6
2025.07.16	01:07:24.354	1.33843	1.33846			6
2025.07.16	01:07:25.269	1.33842				2
2025.07.16	01:07:27.145	1.33843				2
2025.07.16	01:07:29.298	1.33844	1.33847			6
2025.07.16	01:07:46.220	1.33836	1.33839			6
2025.07.16	01:07:46.526	1.33831	1.33834			6
2025.07.16	01:07:47.147	1.33826	1.33838			6
2025.07.16	01:07:48.378		1.33837			4
2025.07.16	01:07:51.163	1.33827				2
2025.07.16	01:07:52.082		1.33838			4
2025.07.16	01:07:53.328	1.33828	1.33837			6
2025.07.16	01:07:54.249		1.33836			4
2025.07.16	01:07:55.180	1.33829				2
2025.07.16	01:07:56.100		1.33835			4
2025.07.16	01:07:57.329	1.33830				2
2025.07.16	01:07:59.191		1.33834			4
2025.07.16	01:08:00.114	1.33830				2
2025.07.16	01:08:01.353	1.33829	1.33833			6
2025.07.16	01:08:02.276	1.33830				2
2025.07.16	01:08:35.511	1.33831	1.33834			6
2025.07.16	01:08:36.427	1.33830	1.33833			6
2025.07.16	01:08:40.408	1.33832	1.33835			6
2025.07.16	01:08:41.338	1.33830	1.33833			6
2025.07.16	01:08:41.639	1.33829	1.33832			6
2025.07.16	01:08:42.250	1.33831	1.33834			6
2025.07.16	01:08:42.868	1.33830	1.33833			6
2025.07.16	01:08:46.268	1.33829	1.33832			6
2025.07.16	01:08:47.821	1.33828	1.33831			6
2025.07.16	01:08:50.594	1.33829	1.33832			6
2025.07.16	01:08:51.829	1.33831	1.33834			6
2025.07.16	01:08:58.325	1.33830	1.33833			6
2025.07.16	01:09:00.175	1.33830				2
2025.07.16	01:09:00.797	1.33831	1.33834			6
2025.07.16	01:09:04.508	1.33830	1.33833			6
2025.07.16	01:09:27.625	1.33827	1.33830			6
2025.07.16	01:09:27.931	1.33825	1.33828			6
2025.07.16	01:09:28.240	1.33822	1.33831			6
2025.07.16	01:09:30.410	1.33821				2
2025.07.16	01:09:32.255	1.33822				2
2025.07.16	01:09:33.187		1.33830			4
2025.07.16	01:09:34.112	1.33823				2
2025.07.16	01:09:35.347		1.33829			4
2025.07.16	01:09:36.274	1.33824				2
2025.07.16	01:09:37.202		1.33828			4
2025.07.16	01:09:39.355	1.33825				2
2025.07.16	01:09:54.313	1.33835	1.33838			6
2025.07.16	01:09:55.232	1.33832	1.33842			6
2025.07.16	01:10:00.172	1.33832				2
2025.07.16	01:10:00.474		1.33841			4
2025.07.16	01:10:03.269	1.33833	1.33840			6
2025.07.16	01:10:03.578	1.33834	1.33841			6
2025.07.16	01:10:04.194		1.33840			4
2025.07.16	01:10:05.122	1.33835				2
2025.07.16	01:10:07.277		1.33839			4
2025.07.16	01:10:09.119	1.33836				2
2025.07.16	01:10:30.792	1.33835	1.33838			6
2025.07.16	01:10:56.185	1.33843	1.33844			6
2025.07.16	01:10:56.489	1.33842				2
2025.07.16	01:10:57.105	1.33839				2
2025.07.16	01:11:00.181	1.33840				2
2025.07.16	01:11:02.648		1.33849			4
2025.07.16	01:11:04.197	1.33841				2
2025.07.16	01:11:06.358	1.33842	1.33848			6
2025.07.16	01:11:07.284	1.33843				2
2025.07.16	01:11:08.199		1.33847			4
2025.07.16	01:11:10.346	1.33844				2
2025.07.16	01:12:00.071	1.33844				2
2025.07.16	01:12:08.388		1.33847			4
2025.07.16	01:13:00.019	1.33844				2
2025.07.16	01:13:08.686		1.33847			4
2025.07.16	01:13:09.610	1.33845	1.33848			6
2025.07.16	01:14:00.070	1.33845				2
2025.07.16	01:14:09.635		1.33848			4
2025.07.16	01:14:54.245	1.33848	1.33851			6
2025.07.16	01:14:54.864	1.33847	1.33850			6
2025.07.16	01:14:55.172	1.33844	1.33852			6
2025.07.16	01:14:55.481		1.33851			4
2025.07.16	01:14:55.793		1.33852			4
2025.07.16	01:15:00.083	1.33845				2
2025.07.16	01:15:00.390	1.33849	1.33856			6
2025.07.16	01:15:00.703	1.33851				2
2025.07.16	01:15:01.010	1.33852				2
2025.07.16	01:15:01.313	1.33851				2
2025.07.16	01:15:02.241	1.33852				2
2025.07.16	01:15:04.701	1.33851				2
2025.07.16	01:15:08.394	1.33852				2
2025.07.16	01:15:08.701		1.33857			4
2025.07.16	01:15:09.310	1.33845	1.33850			6
2025.07.16	01:15:09.626	1.33842	1.33848			6
2025.07.16	01:15:10.236	1.33841	1.33849			6
2025.07.16	01:15:10.543		1.33848			4
2025.07.16	01:15:13.317		1.33847			4
2025.07.16	01:15:16.392	1.33842				2
2025.07.16	01:15:18.234	1.33843				2
2025.07.16	01:15:19.164	1.33833	1.33842			6
2025.07.16	01:15:19.769	1.33835	1.33843			6
2025.07.16	01:15:21.016		1.33837			4
2025.07.16	01:15:21.319	1.33832				2
2025.07.16	01:15:22.246	1.33833				2
2025.07.16	01:15:25.322	1.33834				2
2025.07.16	01:15:26.862	1.33833				2
2025.07.16	01:15:29.307	1.33835	1.33838			6
2025.07.16	01:15:29.610	1.33834				2
2025.07.16	01:15:30.223	1.33835				2
2025.07.16	01:15:42.125	1.33837				2
2025.07.16	01:15:46.400	1.33836				2
2025.07.16	01:15:57.647		1.33839			4
2025.07.16	01:16:00.097	1.33836				2
2025.07.16	01:16:17.810	1.33839	1.33841			6
2025.07.16	01:16:18.114		1.33842			4
2025.07.16	01:16:18.726	1.33841	1.33844			6
2025.07.16	01:16:31.278	1.33843	1.33846			6
2025.07.16	01:16:34.633	1.33842	1.33845			6
2025.07.16	01:17:00.204	1.33842				2
2025.07.16	01:17:05.741	1.33841	1.33844			6
2025.07.16	01:17:17.733	1.33839	1.33842			6
2025.07.16	01:18:00.233	1.33839				2
2025.07.16	01:18:09.456	1.33838	1.33841			6
2025.07.16	01:18:12.531	1.33839	1.33842			6
2025.07.16	01:18:18.672	1.33838	1.33841			6
2025.07.16	01:18:19.291	1.33837	1.33842			6
2025.07.16	01:18:22.381		1.33841			4
2025.07.16	01:18:25.169	1.33838				2
2025.07.16	01:18:38.161	1.33836	1.33842			6
2025.07.16	01:18:49.306	1.33837				2
2025.07.16	01:18:50.233		1.33841			4
2025.07.16	01:18:52.394	1.33838				2
2025.07.16	01:19:00.308	1.33838				2
2025.07.16	01:19:03.975	1.33836	1.33839			6
2025.07.16	01:19:04.283	1.33833				2
2025.07.16	01:19:07.389		1.33840			4
2025.07.16	01:19:08.320	1.33834				2
2025.07.16	01:19:10.183	1.33835				2
2025.07.16	01:19:11.109		1.33839			4
2025.07.16	01:19:12.353	1.33838	1.33842			6
2025.07.16	01:19:12.663	1.33840	1.33844			6
2025.07.16	01:19:13.278	1.33837	1.33845			6
2025.07.16	01:19:19.167	1.33838				2
2025.07.16	01:19:21.340	1.33839				2
2025.07.16	01:19:23.198	1.33840				2
2025.07.16	01:19:24.130		1.33844			4
2025.07.16	01:19:26.249	1.33841				2
2025.07.16	01:19:27.462	1.33840	1.33842			6
2025.07.16	01:19:28.389	1.33839				2
2025.07.16	01:19:29.298	1.33840				2
2025.07.16	01:19:45.740	1.33837	1.33840			6
2025.07.16	01:19:46.347	1.33836				2
2025.07.16	01:19:48.204	1.33837				2
2025.07.16	01:20:00.100	1.33837				2
2025.07.16	01:20:01.008	1.33840	1.33842			6
2025.07.16	01:20:01.311	1.33837				2
2025.07.16	01:20:02.232	1.33838				2
2025.07.16	01:20:03.162	1.33839				2
2025.07.16	01:20:04.393	1.33837	1.33841			6
2025.07.16	01:20:05.325	1.33836	1.33842			6
2025.07.16	01:20:09.357	1.33837				2
2025.07.16	01:20:10.292	1.33838				2
2025.07.16	01:20:11.218	1.33839				2
2025.07.16	01:20:22.189	1.33841	1.33844			6
2025.07.16	01:20:30.390	1.33842	1.33845			6
2025.07.16	01:20:34.651	1.33841	1.33844			6
2025.07.16	01:21:00.264	1.33841				2
2025.07.16	01:21:06.667	1.33844	1.33847			6
2025.07.16	01:21:08.195	1.33843	1.33849			6
2025.07.16	01:21:08.506	1.33842				2
2025.07.16	01:21:09.737	1.33843				2
2025.07.16	01:21:17.177		1.33848			4
2025.07.16	01:21:17.799	1.33842				2
2025.07.16	01:21:18.106	1.33843				2
2025.07.16	01:21:19.338		1.33847			4
2025.07.16	01:21:20.268	1.33844				2
2025.07.16	01:22:00.031	1.33844				2
2025.07.16	01:22:03.977	1.33846	1.33849			6
2025.07.16	01:22:05.188	1.33843	1.33850			6
2025.07.16	01:22:06.103	1.33844				2
2025.07.16	01:22:08.259	1.33845				2
2025.07.16	01:22:09.177		1.33849			4
2025.07.16	01:22:12.249	1.33846				2
2025.07.16	01:22:16.537	1.33850	1.33853			6
2025.07.16	01:22:17.149	1.33847	1.33855			6
2025.07.16	01:22:18.085	1.33846				2
2025.07.16	01:22:19.948	1.33847				2
2025.07.16	01:22:24.298	1.33848				2
2025.07.16	01:22:25.226	1.33849				2
2025.07.16	01:22:27.374	1.33850				2
2025.07.16	01:22:28.296		1.33854			4
2025.07.16	01:22:28.908	1.33849	1.33850			6
2025.07.16	01:22:29.222	1.33844	1.33848			6
2025.07.16	01:22:30.136	1.33843	1.33849			6
2025.07.16	01:22:31.064	1.33842				2
2025.07.16	01:22:33.219	1.33843				2
2025.07.16	01:22:37.531	1.33842				2
2025.07.16	01:22:38.152		1.33848			4
2025.07.16	01:22:39.383	1.33843				2
2025.07.16	01:22:41.236		1.33847			4
2025.07.16	01:22:43.379	1.33844				2
2025.07.16	01:23:00.154	1.33844				2
2025.07.16	01:23:37.104	1.33843	1.33846			6
2025.07.16	01:24:00.073	1.33843				2
2025.07.16	01:24:37.236		1.33846			4
2025.07.16	01:24:49.260	1.33844	1.33847			6
2025.07.16	01:24:50.184	1.33842	1.33849			6
2025.07.16	01:24:54.195		1.33848			4
2025.07.16	01:24:54.507	1.33843				2
2025.07.16	01:24:58.212		1.33847			4
2025.07.16	01:25:00.056	1.33843				2
2025.07.16	01:25:02.209	1.33844				2
2025.07.16	01:25:05.282	1.33845				2
2025.07.16	01:25:08.051	1.33844				2
2025.07.16	01:25:58.340		1.33847			4
2025.07.16	01:26:00.192	1.33844	1.33849			6
2025.07.16	01:26:05.120		1.33848			4
2025.07.16	01:26:08.212		1.33847			4
2025.07.16	01:26:34.803	1.33839	1.33841			6
2025.07.16	01:26:35.107	1.33840	1.33844			6
2025.07.16	01:26:35.413	1.33841				2
2025.07.16	01:26:44.365		1.33843			4
2025.07.16	01:26:47.142		1.33842			4
2025.07.16	01:27:00.008	1.33841				2
2025.07.16	01:27:02.148	1.33842	1.33845			6
2025.07.16	01:27:03.370	1.33841	1.33846			6
2025.07.16	01:27:04.294		1.33845			4
2025.07.16	01:27:04.903	1.33842				2
2025.07.16	01:27:05.216	1.33841				2
2025.07.16	01:27:07.379	1.33842				2
2025.07.16	01:27:20.519	1.33843	1.33846			6
2025.07.16	01:27:40.754	1.33844	1.33847			6
2025.07.16	01:27:54.029	1.33845	1.33848			6
2025.07.16	01:27:55.262	1.33844	1.33847			6
2025.07.16	01:28:00.211	1.33844				2
2025.07.16	01:28:11.026	1.33843	1.33846			6
2025.07.16	01:28:19.953	1.33844	1.33847			6
2025.07.16	01:28:43.011	1.33845	1.33848			6
2025.07.16	01:28:44.237	1.33844	1.33847			6
2025.07.16	01:29:00.052	1.33844				2
2025.07.16	01:29:06.249	1.33843				2
2025.07.16	01:29:08.102	1.33844				2
2025.07.16	01:29:25.443	1.33843	1.33846			6
2025.07.16	01:29:25.746	1.33844	1.33847			6
2025.07.16	01:29:42.713	1.33843	1.33846			6
2025.07.16	01:29:43.021	1.33844	1.33847			6
2025.07.16	01:29:43.325	1.33843	1.33850			6
2025.07.16	01:29:50.136		1.33849			4
2025.07.16	01:29:51.996	1.33845	1.33850			6
2025.07.16	01:29:52.305	1.33844				2
2025.07.16	01:29:53.235	1.33843				2
2025.07.16	01:29:59.978	1.33844				2
2025.07.16	01:30:00.290	1.33844				2
2025.07.16	01:30:03.058	1.33841	1.33853			6
2025.07.16	01:30:03.366		1.33852			4
2025.07.16	01:30:03.681	1.33842	1.33853			6
2025.07.16	01:30:04.290		1.33852			4
2025.07.16	01:30:05.219	1.33843				2
2025.07.16	01:30:06.135	1.33844	1.33851			6
2025.07.16	01:30:06.752		1.33850			4
2025.07.16	01:30:08.290	1.33845				2
2025.07.16	01:30:10.133	1.33844	1.33848			6
2025.07.16	01:30:11.957	1.33846	1.33850			6
2025.07.16	01:30:12.262	1.33845	1.33849			6
2025.07.16	01:30:14.100	1.33846				2
2025.07.16	01:30:59.814	1.33847	1.33850			6
2025.07.16	01:31:00.118	1.33846	1.33851			6
2025.07.16	01:31:01.058		1.33850			4
2025.07.16	01:31:01.681	1.33845	1.33849			6
2025.07.16	01:31:02.303	1.33843	1.33850			6
2025.07.16	01:31:05.398	1.33844				2
2025.07.16	01:31:07.256	1.33845				2
2025.07.16	01:31:08.185		1.33849			4
2025.07.16	01:31:10.344	1.33846				2
2025.07.16	01:31:13.698	1.33845	1.33848			6
2025.07.16	01:31:20.107	1.33846	1.33849			6
2025.07.16	01:31:20.409	1.33847	1.33850			6
2025.07.16	01:31:21.333	1.33845				2
2025.07.16	01:31:24.422	1.33846				2
2025.07.16	01:31:25.034	1.33845				2
2025.07.16	01:31:27.498	1.33846				2
2025.07.16	01:31:28.723	1.33845				2
2025.07.16	01:31:30.253	1.33846				2
2025.07.16	01:31:33.318	1.33847				2
2025.07.16	01:31:48.535	1.33846	1.33849			6
2025.07.16	01:31:49.144	1.33845				2
2025.07.16	01:31:51.323	1.33846				2
2025.07.16	01:31:52.839	1.33849	1.33852			6
2025.07.16	01:31:53.140	1.33845				2
2025.07.16	01:32:00.253	1.33845				2
2025.07.16	01:32:00.560	1.33846				2
2025.07.16	01:32:02.732	1.33845				2
2025.07.16	01:32:03.349	1.33846				2
2025.07.16	01:32:05.209	1.33847				2
2025.07.16	01:32:06.137		1.33851			4
2025.07.16	01:32:08.288	1.33848				2
2025.07.16	01:32:15.013	1.33847	1.33850			6
2025.07.16	01:32:15.322	1.33844	1.33847			6
2025.07.16	01:32:16.240	1.33843	1.33849			6
2025.07.16	01:32:16.544	1.33844				2
2025.07.16	01:32:16.852	1.33843	1.33850			6
2025.07.16	01:32:21.166		1.33849			4
2025.07.16	01:32:22.109	1.33844				2
2025.07.16	01:32:23.344		1.33848			4
2025.07.16	01:32:24.254	1.33845				2
2025.07.16	01:33:00.249	1.33845				2
2025.07.16	01:33:23.453		1.33848			4
2025.07.16	01:33:25.917	1.33848	1.33851			6
2025.07.16	01:33:27.137	1.33844	1.33852			6
2025.07.16	01:33:28.985		1.33851			4
2025.07.16	01:33:29.292	1.33843	1.33849			6
2025.07.16	01:33:32.073		1.33848			4
2025.07.16	01:33:32.381		1.33849			4
2025.07.16	01:33:32.994	1.33844				2
2025.07.16	01:33:33.296		1.33848			4
2025.07.16	01:33:34.221		1.33849			4
2025.07.16	01:33:34.847	1.33843	1.33850			6
2025.07.16	01:33:39.190		1.33849			4
2025.07.16	01:33:40.117	1.33844				2
2025.07.16	01:33:41.351		1.33848			4
2025.07.16	01:33:43.181	1.33845				2
2025.07.16	01:33:55.661	1.33843	1.33846			6
2025.07.16	01:33:56.571	1.33844				2
2025.07.16	01:33:57.180	1.33842	1.33847			6
2025.07.16	01:34:00.266	1.33842				2
2025.07.16	01:34:02.136	1.33843				2
2025.07.16	01:34:03.074	1.33844				2
2025.07.16	01:34:04.002	1.33843				2
2025.07.16	01:34:05.244	1.33844				2
2025.07.16	01:34:57.438		1.33847			4
2025.07.16	01:35:00.196	1.33844				2
2025.07.16	01:35:55.415	1.33845	1.33848			6
2025.07.16	01:35:56.339	1.33844	1.33850			6
2025.07.16	01:35:56.643		1.33851			4
2025.07.16	01:35:57.568		1.33850			4
2025.07.16	01:36:00.027	1.33844				2
2025.07.16	01:36:00.332	1.33843				2
2025.07.16	01:36:04.314		1.33849			4
2025.07.16	01:36:04.621	1.33844				2
2025.07.16	01:36:07.384		1.33848			4
2025.07.16	01:36:10.170	1.33845				2
2025.07.16	01:36:57.545	1.33846	1.33849			6
2025.07.16	01:36:58.175	1.33844	1.33850			6
2025.07.16	01:36:59.723	1.33843				2
2025.07.16	01:37:00.028	1.33843				2
2025.07.16	01:37:06.562	1.33844				2
2025.07.16	01:37:12.144	1.33843				2
2025.07.16	01:37:13.386	1.33844				2
2025.07.16	01:37:15.250	1.33845				2
2025.07.16	01:37:16.182		1.33849			4
2025.07.16	01:37:19.235	1.33846				2
2025.07.16	01:37:27.143	1.33845	1.33848			6
2025.07.16	01:37:27.444	1.33846	1.33849			6
2025.07.16	01:37:50.305	1.33845	1.33848			6
2025.07.16	01:37:54.265	1.33848	1.33851			6
2025.07.16	01:37:55.177	1.33846	1.33855			6
2025.07.16	01:37:56.105	1.33847				2
2025.07.16	01:37:56.414	1.33846				2
2025.07.16	01:37:59.201		1.33856			4
2025.07.16	01:38:00.140	1.33847				2
2025.07.16	01:38:00.450		1.33855			4
2025.07.16	01:38:01.379	1.33846				2
2025.07.16	01:38:03.241	1.33847				2
2025.07.16	01:38:03.866	1.33846				2
2025.07.16	01:38:04.185	1.33847				2
2025.07.16	01:38:05.117		1.33854			4
2025.07.16	01:38:05.420		1.33853			4
2025.07.16	01:38:08.522		1.33854			4
2025.07.16	01:38:10.377	1.33848				2
2025.07.16	01:38:12.240	1.33849				2
2025.07.16	01:38:13.170		1.33853			4
2025.07.16	01:38:13.471	1.33850	1.33854			6
2025.07.16	01:38:14.382	1.33849	1.33853			6
2025.07.16	01:38:17.137	1.33850				2
2025.07.16	01:38:18.057	1.33851	1.33854			6
2025.07.16	01:38:19.577	1.33850	1.33853			6
2025.07.16	01:38:22.609	1.33851	1.33854			6
2025.07.16	01:38:22.909	1.33850	1.33853			6
2025.07.16	01:38:23.211	1.33851	1.33854			6
2025.07.16	01:38:30.517	1.33850	1.33853			6
2025.07.16	01:38:36.618	1.33851	1.33854			6
2025.07.16	01:38:36.924	1.33850	1.33853			6
2025.07.16	01:38:53.970	1.33851	1.33854			6
2025.07.16	01:38:54.580	1.33850	1.33853			6
2025.07.16	01:38:55.192	1.33851	1.33854			6
2025.07.16	01:39:00.088	1.33851				2
2025.07.16	01:39:02.544	1.33850	1.33853			6
2025.07.16	01:39:03.466	1.33851	1.33854			6
2025.07.16	01:39:06.226	1.33850	1.33853			6
2025.07.16	01:39:11.404	1.33851	1.33854			6
2025.07.16	01:39:12.020	1.33850	1.33853			6
2025.07.16	01:39:23.921	1.33851	1.33854			6
2025.07.16	01:39:26.051	1.33846	1.33849			6
2025.07.16	01:39:27.277	1.33843	1.33851			6
2025.07.16	01:39:31.938	1.33844				2
2025.07.16	01:39:36.278	1.33845				2
2025.07.16	01:39:38.137	1.33846				2
2025.07.16	01:39:39.377		1.33850			4
2025.07.16	01:39:42.177	1.33847				2
2025.07.16	01:39:43.709	1.33846	1.33849			6
2025.07.16	01:39:44.016	1.33847	1.33850			6
2025.07.16	01:40:00.196	1.33847				2
2025.07.16	01:40:06.901	1.33854	1.33857			6
2025.07.16	01:40:07.208	1.33855	1.33858			6
2025.07.16	01:40:08.126	1.33852	1.33860			6
2025.07.16	01:40:11.518		1.33859			4
2025.07.16	01:40:11.825		1.33860			4
2025.07.16	01:40:13.689		1.33859			4
2025.07.16	01:40:14.307	1.33851				2
2025.07.16	01:40:15.234	1.33853				2
2025.07.16	01:40:16.486	1.33852				2
2025.07.16	01:40:16.795	1.33851				2
2025.07.16	01:40:17.107	1.33852				2
2025.07.16	01:40:18.343		1.33858			4
2025.07.16	01:40:19.270	1.33853				2
2025.07.16	01:40:20.193		1.33857			4
2025.07.16	01:40:22.332	1.33854				2
2025.07.16	01:40:25.972	1.33851	1.33853			6
2025.07.16	01:40:26.280	1.33849	1.33852			6
2025.07.16	01:40:27.198	1.33847	1.33853			6
2025.07.16	01:40:29.980		1.33852			4
2025.07.16	01:40:30.912		1.33853			4
2025.07.16	01:40:31.220		1.33852			4
2025.07.16	01:40:31.538	1.33846				2
2025.07.16	01:40:32.157	1.33847				2
2025.07.16	01:40:32.772	1.33848	1.33853			6
2025.07.16	01:40:33.376		1.33852			4
2025.07.16	01:40:33.685	1.33849	1.33853			6
2025.07.16	01:40:35.833	1.33848	1.33852			6
2025.07.16	01:40:36.137	1.33849				2
2025.07.16	01:40:36.448	1.33850	1.33853			6
2025.07.16	01:40:37.368	1.33849	1.33852			6
2025.07.16	01:40:38.281	1.33850	1.33853			6
2025.07.16	01:40:41.340	1.33851	1.33854			6
2025.07.16	01:40:41.650	1.33850	1.33853			6
2025.07.16	01:40:42.260	1.33849	1.33852			6
2025.07.16	01:40:42.564	1.33850	1.33853			6
2025.07.16	01:40:59.343	1.33845	1.33848			6
2025.07.16	01:40:59.950	1.33844	1.33847			6
2025.07.16	01:41:00.251	1.33842	1.33848			6
2025.07.16	01:41:00.557		1.33849			4
2025.07.16	01:41:04.282		1.33848			4
2025.07.16	01:41:05.211	1.33843				2
2025.07.16	01:41:06.137		1.33847			4
2025.07.16	01:41:07.383	1.33844				2
2025.07.16	01:41:13.516	1.33845	1.33848			6
2025.07.16	01:41:14.121	1.33844	1.33847			6
2025.07.16	01:41:18.398	1.33845	1.33848			6
2025.07.16	01:41:29.364	1.33844	1.33847			6
2025.07.16	01:41:39.085	1.33845	1.33848			6
2025.07.16	01:41:39.393	1.33846	1.33849			6
2025.07.16	01:41:46.128	1.33845	1.33848			6
2025.07.16	01:41:47.355	1.33846	1.33849			6
2025.07.16	01:41:48.569	1.33845	1.33848			6
2025.07.16	01:41:48.870	1.33846	1.33849			6
2025.07.16	01:41:49.777	1.33845	1.33848			6
2025.07.16	01:41:59.602	1.33844	1.33846			6
2025.07.16	01:41:59.909	1.33842	1.33845			6
2025.07.16	01:42:00.221	1.33840	1.33847			6
2025.07.16	01:42:00.530		1.33845			4
2025.07.16	01:42:00.839	1.33839				2
2025.07.16	01:42:01.150		1.33846			4
2025.07.16	01:42:01.454	1.33841	1.33847			6
2025.07.16	01:42:02.079	1.33842	1.33849			6
2025.07.16	01:42:05.475	1.33844				2
2025.07.16	01:42:08.258		1.33848			4
2025.07.16	01:42:10.109		1.33847			4
2025.07.16	01:42:17.468	1.33845	1.33848			6
2025.07.16	01:42:17.773	1.33844	1.33847			6
2025.07.16	01:42:20.541	1.33845	1.33848			6
2025.07.16	01:42:26.647	1.33844	1.33847			6
2025.07.16	01:42:38.289	1.33845	1.33848			6
2025.07.16	01:43:00.009	1.33845				2
2025.07.16	01:43:38.305		1.33848			4
2025.07.16	01:44:00.139	1.33845				2
2025.07.16	01:44:38.576		1.33848			4
2025.07.16	01:45:00.064	1.33845				2
2025.07.16	01:45:16.658	1.33847	1.33850			6
2025.07.16	01:45:16.964	1.33848	1.33851			6
2025.07.16	01:45:17.268	1.33845	1.33852			6
2025.07.16	01:45:23.108	1.33846				2
2025.07.16	01:45:24.031	1.33845	1.33851			6
2025.07.16	01:45:26.174	1.33846				2
2025.07.16	01:45:29.251	1.33848	1.33852			6
2025.07.16	01:45:30.168	1.33847				2
2025.07.16	01:45:30.476	1.33845	1.33851			6
2025.07.16	01:45:30.784	1.33849	1.33853			6
2025.07.16	01:45:31.702	1.33848				2
2025.07.16	01:45:32.319		1.33852			4
2025.07.16	01:45:32.625	1.33849	1.33853			6
2025.07.16	01:45:36.308	1.33850				2
2025.07.16	01:45:40.599	1.33849	1.33852			6
2025.07.16	01:45:41.207	1.33848				2
2025.07.16	01:45:42.123	1.33849				2
2025.07.16	01:45:50.017	1.33847	1.33850			6
2025.07.16	01:45:50.324	1.33845				2
2025.07.16	01:45:50.933	1.33846	1.33852			6
2025.07.16	01:45:51.243	1.33845				2
2025.07.16	01:45:53.398	1.33846				2
2025.07.16	01:45:55.241	1.33847				2
2025.07.16	01:45:56.171		1.33851			4
2025.07.16	01:46:00.168	1.33848				2
2025.07.16	01:46:00.780	1.33847	1.33850			6
2025.07.16	01:46:02.305	1.33846				2
2025.07.16	01:46:03.224	1.33847				2
2025.07.16	01:46:10.555	1.33848	1.33851			6
2025.07.16	01:46:21.237	1.33847	1.33850			6
2025.07.16	01:46:29.501	1.33846	1.33849			6
2025.07.16	01:46:51.917	1.33845	1.33848			6
2025.07.16	01:46:54.063	1.33846	1.33849			6
2025.07.16	01:46:55.296	1.33845	1.33850			6
2025.07.16	01:46:56.223		1.33849			4
2025.07.16	01:46:58.370	1.33846				2
2025.07.16	01:47:00.217	1.33846				2
2025.07.16	01:47:07.577	1.33847	1.33850			6
2025.07.16	01:47:19.354	1.33846	1.33849			6
2025.07.16	01:47:20.290	1.33844	1.33850			6
2025.07.16	01:47:22.164	1.33845				2
2025.07.16	01:47:23.102		1.33849			4
2025.07.16	01:47:25.286	1.33846				2
2025.07.16	01:48:00.111	1.33846				2
2025.07.16	01:48:10.344	1.33845	1.33848			6
2025.07.16	01:48:11.273	1.33843	1.33849			6
2025.07.16	01:48:12.200		1.33850			4
2025.07.16	01:48:14.362	1.33842	1.33848			6
2025.07.16	01:48:23.349	1.33843				2
2025.07.16	01:48:25.203	1.33844				2
2025.07.16	01:48:28.303	1.33845				2
2025.07.16	01:48:36.578	1.33844	1.33847			6
2025.07.16	01:48:38.426	1.33845	1.33848			6
2025.07.16	01:48:38.740	1.33844	1.33847			6
2025.07.16	01:48:39.346	1.33842	1.33848			6
2025.07.16	01:48:42.129	1.33843				2
2025.07.16	01:48:43.366		1.33847			4
2025.07.16	01:48:45.228	1.33844				2
2025.07.16	01:48:46.149	1.33845	1.33848			6
2025.07.16	01:48:47.988	1.33844	1.33847			6
2025.07.16	01:48:53.786	1.33845	1.33848			6
2025.07.16	01:49:00.202	1.33845				2
2025.07.16	01:49:01.125	1.33844	1.33847			6
2025.07.16	01:49:01.738	1.33845	1.33848			6
2025.07.16	01:49:02.044	1.33844	1.33847			6
2025.07.16	01:49:02.345	1.33842	1.33848			6
2025.07.16	01:49:03.264		1.33849			4
2025.07.16	01:49:04.198	1.33843				2
2025.07.16	01:49:05.128		1.33850			4
2025.07.16	01:49:06.361		1.33849			4
2025.07.16	01:49:07.291	1.33844	1.33848			6
2025.07.16	01:49:09.153	1.33845				2
2025.07.16	01:49:17.196	1.33846	1.33849			6
2025.07.16	01:49:18.128	1.33844	1.33850			6
2025.07.16	01:49:19.038	1.33843				2
2025.07.16	01:49:20.572	1.33842				2
2025.07.16	01:49:20.881	1.33843				2
2025.07.16	01:49:21.495	1.33842				2
2025.07.16	01:49:21.800	1.33843				2
2025.07.16	01:49:24.263	1.33844				2
2025.07.16	01:49:25.188	1.33845	1.33849			6
2025.07.16	01:49:26.110	1.33846				2
2025.07.16	01:49:27.029	1.33845	1.33848			6
2025.07.16	01:49:28.246	1.33844				2
2025.07.16	01:49:29.175	1.33846	1.33849			6
2025.07.16	01:49:30.095	1.33845				2
2025.07.16	01:49:31.316	1.33846				2
2025.07.16	01:49:52.988	1.33847	1.33850			6
2025.07.16	01:50:00.017	1.33847				2
2025.07.16	01:50:53.044		1.33850			4
2025.07.16	01:50:58.273	1.33846	1.33849			6
2025.07.16	01:50:59.206	1.33843	1.33850			6
2025.07.16	01:51:00.136	1.33843				2
2025.07.16	01:51:04.158	1.33844				2
2025.07.16	01:51:05.084		1.33852			4
2025.07.16	01:51:05.710	1.33845	1.33851			6
2025.07.16	01:51:06.322	1.33844	1.33850			6
2025.07.16	01:51:06.639	1.33845				2
2025.07.16	01:51:09.425	1.33844				2
2025.07.16	01:51:10.054	1.33845				2
2025.07.16	01:51:10.679	1.33844				2
2025.07.16	01:51:10.985	1.33845				2
2025.07.16	01:51:12.842	1.33844				2
2025.07.16	01:51:13.149	1.33845				2
2025.07.16	01:51:13.772	1.33846				2
2025.07.16	01:51:18.123	1.33847				2
2025.07.16	01:51:19.959	1.33845	1.33848			6
2025.07.16	01:51:20.264	1.33843	1.33850			6
2025.07.16	01:51:27.102		1.33849			4
2025.07.16	01:51:28.342	1.33844				2
2025.07.16	01:51:29.276		1.33848			4
2025.07.16	01:51:29.893	1.33845	1.33849			6
2025.07.16	01:51:30.200	1.33844	1.33850			6
2025.07.16	01:51:31.131	1.33845				2
2025.07.16	01:51:32.370		1.33849			4
2025.07.16	01:51:34.202	1.33846				2
2025.07.16	01:52:00.125	1.33846				2
2025.07.16	01:52:32.490		1.33849			4
2025.07.16	01:52:50.909	1.33845	1.33848			6
2025.07.16	01:52:52.137	1.33842	1.33849			6
2025.07.16	01:52:58.948	1.33844				2
2025.07.16	01:53:00.180	1.33844				2
2025.07.16	01:53:00.490	1.33843				2
2025.07.16	01:53:02.343	1.33844	1.33848			6
2025.07.16	01:53:06.361	1.33845				2
2025.07.16	01:53:17.343	1.33844	1.33847			6
2025.07.16	01:53:18.267		1.33848			4
2025.07.16	01:53:19.201		1.33847			4
2025.07.16	01:53:25.648	1.33846	1.33849			6
2025.07.16	01:53:26.256	1.33843				2
2025.07.16	01:53:32.691		1.33850			4
2025.07.16	01:53:34.232	1.33844				2
2025.07.16	01:53:36.386	1.33845				2
2025.07.16	01:53:37.310		1.33849			4
2025.07.16	01:53:39.148	1.33846				2
2025.07.16	01:53:50.742	1.33847	1.33850			6
2025.07.16	01:53:52.862	1.33853	1.33856			6
2025.07.16	01:53:53.167	1.33854	1.33857			6
2025.07.16	01:53:54.085	1.33852	1.33858			6
2025.07.16	01:53:56.251	1.33851				2
2025.07.16	01:54:00.292	1.33851				2
2025.07.16	01:54:01.217	1.33852	1.33859			6
2025.07.16	01:54:01.835		1.33858			4
2025.07.16	01:54:02.764		1.33859			4
2025.07.16	01:54:03.390		1.33858			4
2025.07.16	01:54:04.320	1.33853				2
2025.07.16	01:54:06.174		1.33857			4
2025.07.16	01:54:09.226	1.33854				2
2025.07.16	01:54:12.276	1.33855	1.33858			6
2025.07.16	01:54:12.585	1.33854	1.33857			6
2025.07.16	01:54:22.970	1.33855	1.33858			6
2025.07.16	01:54:24.195	1.33854	1.33857			6
2025.07.16	01:54:26.641	1.33855	1.33858			6
2025.07.16	01:54:53.770	1.33856				2
2025.07.16	01:54:55.605	1.33855				2
2025.07.16	01:55:00.225	1.33855				2
2025.07.16	01:55:02.369	1.33856	1.33859			6
2025.07.16	01:55:16.438		1.33858			4
2025.07.16	01:55:16.744		1.33859			4
2025.07.16	01:56:00.151	1.33856				2
2025.07.16	01:56:09.163	1.33855				2
2025.07.16	01:56:10.410		1.33860			4
2025.07.16	01:56:11.034		1.33859			4
2025.07.16	01:56:11.341		1.33860			4
2025.07.16	01:56:12.271		1.33859			4
2025.07.16	01:56:16.306	1.33856				2
2025.07.16	01:56:26.242	1.33855				2
2025.07.16	01:56:28.105	1.33856				2
2025.07.16	01:56:29.354	1.33855	1.33858			6
2025.07.16	01:56:30.281	1.33853	1.33859			6
2025.07.16	01:56:32.431	1.33852				2
2025.07.16	01:56:33.054	1.33853				2
2025.07.16	01:56:35.228	1.33852				2
2025.07.16	01:56:36.164	1.33853				2
2025.07.16	01:56:38.333	1.33854				2
2025.07.16	01:56:39.274		1.33858			4
2025.07.16	01:56:42.365	1.33855				2
2025.07.16	01:56:47.303	1.33854				2
2025.07.16	01:56:49.143	1.33855				2
2025.07.16	01:56:51.280	1.33854	1.33859			6
2025.07.16	01:56:52.198		1.33858			4
2025.07.16	01:56:54.373	1.33855				2
2025.07.16	01:56:56.205	1.33854	1.33859			6
2025.07.16	01:56:57.124		1.33858			4
2025.07.16	01:56:59.301	1.33855				2
2025.07.16	01:57:00.222	1.33855				2
2025.07.16	01:57:00.524	1.33854	1.33857			6
2025.07.16	01:57:00.831	1.33849	1.33852			6
2025.07.16	01:57:01.134	1.33851	1.33854			6
2025.07.16	01:57:01.436	1.33852	1.33855			6
2025.07.16	01:57:02.346	1.33848				2
2025.07.16	01:57:08.811	1.33850	1.33856			6
2025.07.16	01:57:09.128	1.33851	1.33857			6
2025.07.16	01:57:09.733		1.33858			4
2025.07.16	01:57:12.206	1.33852				2
2025.07.16	01:57:16.202	1.33853				2
2025.07.16	01:57:16.808		1.33857			4
2025.07.16	01:57:20.176	1.33854				2
2025.07.16	01:57:20.781	1.33855	1.33858			6
2025.07.16	01:57:50.672	1.33854	1.33857			6
2025.07.16	01:57:55.546	1.33855	1.33858			6
2025.07.16	01:57:58.574	1.33854	1.33857			6
2025.07.16	01:57:59.792	1.33855	1.33858			6
2025.07.16	01:58:00.093	1.33855				2
2025.07.16	01:58:59.300	1.33854				2
2025.07.16	01:58:59.918		1.33858			4
2025.07.16	01:59:00.231	1.33854				2
2025.07.16	01:59:02.398	1.33855				2
2025.07.16	01:59:12.321	1.33854				2
2025.07.16	01:59:13.253	1.33855				2
2025.07.16	01:59:18.197	1.33854	1.33859			6
2025.07.16	01:59:19.121		1.33858			4
2025.07.16	01:59:22.223	1.33855				2
2025.07.16	01:59:24.396	1.33854	1.33859			6
2025.07.16	01:59:25.324	1.33852				2
2025.07.16	01:59:26.238	1.33853				2
2025.07.16	01:59:28.396	1.33854				2
2025.07.16	01:59:30.255		1.33858			4
2025.07.16	01:59:32.110	1.33855				2
2025.07.16	02:00:00.044	1.33855				2
2025.07.16	02:00:00.353	1.33854				2
2025.07.16	02:00:01.281	1.33852	1.33859			6
2025.07.16	02:00:01.593	1.33853				2
2025.07.16	02:00:02.213	1.33852				2
2025.07.16	02:00:04.696	1.33853				2
2025.07.16	02:00:05.944	1.33852				2
2025.07.16	02:00:06.250	1.33846	1.33853			6
2025.07.16	02:00:07.189	1.33844	1.33850			6
2025.07.16	02:00:09.041	1.33843				2
2025.07.16	02:00:10.286	1.33844				2
2025.07.16	02:00:12.142	1.33845	1.33851			6
2025.07.16	02:00:13.379		1.33850			4
2025.07.16	02:00:13.684		1.33851			4
2025.07.16	02:00:14.308	1.33844	1.33850			6
2025.07.16	02:00:14.616	1.33845	1.33851			6
2025.07.16	02:00:18.328	1.33846				2
2025.07.16	02:00:19.261	1.33847	1.33850			6
2025.07.16	02:00:19.570		1.33851			4
2025.07.16	02:00:22.004	1.33846	1.33850			6
2025.07.16	02:00:23.241	1.33847				2
2025.07.16	02:00:24.763	1.33848	1.33851			6
2025.07.16	02:00:27.209	1.33847	1.33850			6
2025.07.16	02:00:28.116	1.33848	1.33851			6
2025.07.16	02:00:33.601	1.33847	1.33850			6
2025.07.16	02:00:34.520	1.33848	1.33851			6
2025.07.16	02:00:40.627	1.33851	1.33854			6
2025.07.16	02:00:41.238	1.33849	1.33855			6
2025.07.16	02:00:41.847	1.33850	1.33856			6
2025.07.16	02:00:42.164	1.33851				2
2025.07.16	02:00:44.015	1.33850	1.33855			6
2025.07.16	02:00:44.335		1.33854			4
2025.07.16	02:00:45.260		1.33855			4
2025.07.16	02:00:46.194		1.33854			4
2025.07.16	02:00:48.362	1.33851				2
2025.07.16	02:01:00.268	1.33851				2
2025.07.16	02:01:02.715	1.33848	1.33851			6
2025.07.16	02:01:03.021		1.33850			4
2025.07.16	02:01:03.326	1.33846				2
2025.07.16	02:01:04.264	1.33844	1.33849			6
2025.07.16	02:01:05.193	1.33845	1.33851			6
2025.07.16	02:01:06.123	1.33844				2
2025.07.16	02:01:07.053		1.33850			4
2025.07.16	02:01:07.360	1.33845	1.33851			6
2025.07.16	02:01:09.217	1.33846	1.33850			6
2025.07.16	02:01:09.536		1.33851			4
2025.07.16	02:01:10.152		1.33850			4
2025.07.16	02:01:11.707	1.33845	1.33849			6
2025.07.16	02:01:12.331	1.33846				2
2025.07.16	02:01:15.396	1.33845	1.33848			6
2025.07.16	02:01:16.617	1.33844	1.33847			6
2025.07.16	02:01:23.938	1.33845	1.33848			6
2025.07.16	02:01:34.945	1.33844	1.33847			6
2025.07.16	02:01:35.247	1.33845	1.33848			6
2025.07.16	02:02:00.134	1.33845				2
2025.07.16	02:02:11.316	1.33846	1.33849			6
2025.07.16	02:02:11.937	1.33845	1.33848			6
2025.07.16	02:02:36.159	1.33844	1.33847			6
2025.07.16	02:02:41.092	1.33845	1.33848			6
2025.07.16	02:02:42.316	1.33844	1.33849			6
2025.07.16	02:02:44.166		1.33848			4
2025.07.16	02:02:47.242	1.33845				2
2025.07.16	02:03:00.141	1.33845				2
2025.07.16	02:03:00.446	1.33846	1.33849			6
2025.07.16	02:03:02.290	1.33845	1.33850			6
2025.07.16	02:03:04.128		1.33849			4
2025.07.16	02:03:06.279	1.33846				2
2025.07.16	02:03:10.586	1.33847	1.33850			6
2025.07.16	02:03:18.570	1.33849				2
2025.07.16	02:03:19.788		1.33851			4
2025.07.16	02:03:20.405	1.33845				2
2025.07.16	02:03:21.018	1.33844	1.33850			6
2025.07.16	02:03:26.569	1.33843	1.33849			6
2025.07.16	02:03:31.217	1.33844				2
2025.07.16	02:03:32.133	1.33845				2
2025.07.16	02:03:35.192	1.33846				2
2025.07.16	02:03:44.076	1.33847				2
2025.07.16	02:03:47.768	1.33852	1.33855			6
2025.07.16	02:03:48.076	1.33851	1.33854			6
2025.07.16	02:03:48.987	1.33852	1.33855			6
2025.07.16	02:03:49.295	1.33849				2
2025.07.16	02:03:53.899	1.33851	1.33856			6
2025.07.16	02:03:54.525	1.33852				2
2025.07.16	02:03:55.449	1.33851				2
2025.07.16	02:03:57.897		1.33858			4
2025.07.16	02:03:58.206		1.33857			4
2025.07.16	02:04:00.058	1.33851				2
2025.07.16	02:04:00.375	1.33852				2
2025.07.16	02:04:01.292		1.33856			4
2025.07.16	02:04:03.133	1.33853				2
2025.07.16	02:05:00.161	1.33853				2
2025.07.16	02:05:01.374		1.33856			4
2025.07.16	02:05:03.225	1.33854	1.33857			6
2025.07.16	02:06:00.286	1.33854				2
2025.07.16	02:06:03.353		1.33857			4
2025.07.16	02:07:00.102	1.33854				2
2025.07.16	02:07:03.479		1.33857			4
2025.07.16	02:07:27.100		1.33856			4
2025.07.16	02:07:27.402	1.33852	1.33855			6
2025.07.16	02:07:28.317	1.33849				2
2025.07.16	02:07:37.373		1.33854			4
2025.07.16	02:07:40.154		1.33853			4
2025.07.16	02:07:43.223	1.33850				2
2025.07.16	02:08:00.011	1.33850				2
2025.07.16	02:08:03.393	1.33851				2
2025.07.16	02:08:10.780		1.33854			4
2025.07.16	02:08:11.400	1.33852				2
2025.07.16	02:08:16.955	1.33851				2
2025.07.16	02:08:17.264	1.33852				2
2025.07.16	02:08:29.314	1.33855	1.33857			6
2025.07.16	02:08:29.933	1.33856	1.33859			6
2025.07.16	02:08:31.164		1.33860			4
2025.07.16	02:08:41.377		1.33859			4
2025.07.16	02:08:43.232		1.33858			4
2025.07.16	02:08:45.084	1.33853	1.33857			6
2025.07.16	02:08:46.020	1.33855	1.33856			6
2025.07.16	02:08:49.412	1.33853				2
2025.07.16	02:08:50.325	1.33855				2
2025.07.16	02:08:51.237		1.33857			4
2025.07.16	02:08:54.327		1.33856			4
2025.07.16	02:09:00.162	1.33855				2
2025.07.16	02:09:05.640	1.33852	1.33854			6
2025.07.16	02:09:06.255	1.33853	1.33856			6
2025.07.16	02:09:07.180	1.33855				2
2025.07.16	02:09:27.051		1.33857			4
2025.07.16	02:09:40.190	1.33857	1.33860			6
2025.07.16	02:09:40.506		1.33859			4
2025.07.16	02:09:41.119	1.33858				2
2025.07.16	02:09:41.433	1.33860	1.33861			6
2025.07.16	02:10:00.231	1.33860				2
2025.07.16	02:10:04.206	1.33857	1.33859			6
2025.07.16	02:10:31.050	1.33858	1.33860			6
2025.07.16	02:10:48.351	1.33857				2
2025.07.16	02:10:49.272	1.33856				2
2025.07.16	02:10:49.588	1.33855	1.33859			6
2025.07.16	02:10:50.217	1.33854				2
2025.07.16	02:10:51.156	1.33855	1.33860			6
2025.07.16	02:10:52.396	1.33854				2
2025.07.16	02:10:55.199	1.33855				2
2025.07.16	02:10:55.828	1.33854	1.33859			6
2025.07.16	02:10:56.130		1.33858			4
2025.07.16	02:11:00.152	1.33855				2
2025.07.16	02:11:35.110	1.33856				2
2025.07.16	02:11:41.014		1.33859			4
2025.07.16	02:11:45.038		1.33861			4
2025.07.16	02:11:45.358	1.33857	1.33860			6
2025.07.16	02:11:45.663		1.33861			4
2025.07.16	02:11:52.186		1.33860			4
2025.07.16	02:11:54.363		1.33861			4
2025.07.16	02:11:57.147		1.33860			4
2025.07.16	02:11:59.933	1.33856	1.33859			6
2025.07.16	02:12:00.243	1.33856	1.33860			6
2025.07.16	02:12:01.171		1.33859			4
2025.07.16	02:12:06.395	1.33857				2
2025.07.16	02:12:18.641	1.33858	1.33861			6
2025.07.16	02:12:19.257		1.33862			4
2025.07.16	02:12:19.877	1.33859				2
2025.07.16	02:12:27.642	1.33858				2
2025.07.16	02:12:27.947	1.33862	1.33865			6
2025.07.16	02:12:28.266		1.33866			4
2025.07.16	02:12:35.404	1.33863	1.33868			6
2025.07.16	02:12:40.333		1.33867			4
2025.07.16	02:12:43.379	1.33864				2
2025.07.16	02:12:58.918	1.33861	1.33864			6
2025.07.16	02:12:59.220	1.33852	1.33856			6
2025.07.16	02:13:00.154	1.33852				2
2025.07.16	02:13:07.898	1.33849	1.33853			6
2025.07.16	02:13:12.232		1.33852			4
2025.07.16	02:13:14.378		1.33853			4
2025.07.16	02:13:15.302	1.33850				2
2025.07.16	02:13:23.229	1.33851	1.33854			6
2025.07.16	02:13:23.837	1.33850	1.33853			6
2025.07.16	02:13:24.144	1.33851	1.33854			6
2025.07.16	02:13:24.457	1.33850	1.33853			6
2025.07.16	02:13:24.764	1.33851	1.33854			6
2025.07.16	02:13:25.991	1.33850	1.33853			6
2025.07.16	02:13:26.305	1.33849	1.33852			6
2025.07.16	02:13:38.267	1.33848	1.33851			6
2025.07.16	02:13:39.489	1.33849	1.33852			6
2025.07.16	02:13:47.118	1.33850	1.33853			6
2025.07.16	02:13:59.936	1.33849	1.33852			6
2025.07.16	02:14:00.247	1.33849				2
2025.07.16	02:14:05.426	1.33850	1.33853			6
2025.07.16	02:14:10.319	1.33849	1.33852			6
2025.07.16	02:14:12.458	1.33850	1.33853			6
2025.07.16	02:14:14.901	1.33849	1.33852			6
2025.07.16	02:14:15.203	1.33850	1.33853			6
2025.07.16	02:14:29.873	1.33851	1.33854			6
2025.07.16	02:14:35.451	1.33850	1.33853			6
2025.07.16	02:14:36.683	1.33851	1.33854			6
2025.07.16	02:14:39.456	1.33850	1.33853			6
2025.07.16	02:15:00.238	1.33850				2
2025.07.16	02:15:01.791	1.33851	1.33854			6
2025.07.16	02:15:03.031	1.33858	1.33860			6
2025.07.16	02:15:03.333		1.33861			4
2025.07.16	02:15:03.638	1.33859				2
2025.07.16	02:15:04.256	1.33860	1.33862			6
2025.07.16	02:15:06.420		1.33863			4
2025.07.16	02:15:13.250		1.33862			4
2025.07.16	02:15:16.335		1.33861			4
2025.07.16	02:15:20.638	1.33859				2
2025.07.16	02:15:27.358	1.33858	1.33860			6
2025.07.16	02:15:28.280	1.33859				2
2025.07.16	02:15:31.014		1.33861			4
2025.07.16	02:15:35.595	1.33857	1.33859			6
2025.07.16	02:15:56.919	1.33858	1.33860			6
2025.07.16	02:15:57.833		1.33861			4
2025.07.16	02:15:58.138	1.33859				2
2025.07.16	02:15:58.751	1.33858	1.33860			6
2025.07.16	02:15:59.061		1.33859			4
2025.07.16	02:16:00.288	1.33858				2
2025.07.16	02:16:03.387	1.33856				2
2025.07.16	02:16:19.057	1.33855	1.33858			6
2025.07.16	02:16:19.379	1.33856	1.33859			6
2025.07.16	02:16:20.609	1.33855	1.33858			6
2025.07.16	02:16:20.927	1.33856	1.33859			6
2025.07.16	02:16:21.231	1.33855	1.33858			6
2025.07.16	02:16:21.541	1.33856	1.33859			6
2025.07.16	02:16:25.258	1.33855	1.33858			6
2025.07.16	02:16:26.801	1.33856	1.33859			6
2025.07.16	02:16:46.545	1.33855	1.33858			6
2025.07.16	02:16:47.167	1.33856	1.33859			6
2025.07.16	02:16:59.172	1.33855	1.33858			6
2025.07.16	02:17:00.097	1.33855				2
2025.07.16	02:17:08.086	1.33856	1.33859			6
2025.07.16	02:17:09.323	1.33855				2
2025.07.16	02:17:13.321	1.33856				2
2025.07.16	02:17:26.820	1.33859	1.33862			6
2025.07.16	02:17:27.137	1.33858	1.33863			6
2025.07.16	02:17:28.054	1.33857				2
2025.07.16	02:17:30.214	1.33855	1.33861			6
2025.07.16	02:17:30.519		1.33860			4
2025.07.16	02:17:32.061		1.33859			4
2025.07.16	02:17:32.376	1.33856	1.33862			6
2025.07.16	02:17:32.687		1.33860			4
2025.07.16	02:17:41.322		1.33861			4
2025.07.16	02:17:42.234		1.33860			4
2025.07.16	02:17:44.387	1.33857				2
2025.07.16	02:17:45.926	1.33859	1.33862			6
2025.07.16	02:17:47.144	1.33858				2
2025.07.16	02:17:48.370	1.33859				2
2025.07.16	02:18:00.290	1.33859				2
2025.07.16	02:18:02.120	1.33858	1.33861			6
2025.07.16	02:18:06.106	1.33856	1.33859			6
2025.07.16	02:18:07.338		1.33860			4
2025.07.16	02:18:10.122	1.33857				2
2025.07.16	02:18:15.957	1.33856	1.33859			6
2025.07.16	02:18:46.573	1.33855	1.33858			6
2025.07.16	02:18:49.655	1.33856	1.33859			6
2025.07.16	02:18:50.269	1.33857	1.33860			6
2025.07.16	02:18:58.304	1.33858	1.33861			6
2025.07.16	02:18:59.233	1.33856	1.33862			6
2025.07.16	02:19:00.157	1.33856				2
2025.07.16	02:19:01.390	1.33857				2
2025.07.16	02:19:04.166	1.33858				2
2025.07.16	02:19:07.882	1.33859	1.33863			6
2025.07.16	02:19:08.197	1.33860				2
2025.07.16	02:19:09.426	1.33858	1.33861			6
2025.07.16	02:19:10.337	1.33857	1.33863			6
2025.07.16	02:19:17.130		1.33862			4
2025.07.16	02:19:18.351		1.33861			4
2025.07.16	02:19:19.280	1.33858				2
2025.07.16	02:19:27.556	1.33857	1.33860			6
2025.07.16	02:19:28.163	1.33856	1.33861			6
2025.07.16	02:19:29.690		1.33860			4
2025.07.16	02:19:30.308		1.33859			4
2025.07.16	02:20:00.145	1.33856				2
2025.07.16	02:20:01.661	1.33859	1.33862			6
2025.07.16	02:20:01.964	1.33860	1.33863			6
2025.07.16	02:20:02.271	1.33858	1.33864			6
2025.07.16	02:20:02.573	1.33872	1.33878			6
2025.07.16	02:20:02.876	1.33874	1.33880			6
2025.07.16	02:20:03.185		1.33879			4
2025.07.16	02:20:03.809	1.33873	1.33878			6
2025.07.16	02:20:04.727	1.33872				2
2025.07.16	02:20:05.667	1.33873				2
2025.07.16	02:20:06.281		1.33877			4
2025.07.16	02:20:06.903	1.33867	1.33872			6
2025.07.16	02:20:07.210		1.33873			4
2025.07.16	02:20:07.528	1.33868				2
2025.07.16	02:20:08.459	1.33869				2
2025.07.16	02:20:09.698		1.33874			4
2025.07.16	02:20:11.876	1.33870				2
2025.07.16	02:20:12.184	1.33872	1.33877			6
2025.07.16	02:20:12.486	1.33873	1.33878			6
2025.07.16	02:20:12.796		1.33879			4
2025.07.16	02:20:14.357	1.33874				2
2025.07.16	02:20:14.961	1.33873	1.33878			6
2025.07.16	02:20:16.198		1.33877			4
2025.07.16	02:20:18.369	1.33871	1.33875			6
2025.07.16	02:20:19.292	1.33870	1.33874			6
2025.07.16	02:20:20.226	1.33871				2
2025.07.16	02:20:25.713	1.33870	1.33873			6
2025.07.16	02:20:29.996	1.33869	1.33872			6
2025.07.16	02:20:31.513	1.33868	1.33871			6
2025.07.16	02:20:32.738	1.33869	1.33872			6
2025.07.16	02:20:33.656	1.33866	1.33869			6
2025.07.16	02:20:33.960	1.33867				2
2025.07.16	02:20:34.868	1.33866				2
2025.07.16	02:20:44.937	1.33865	1.33868			6
2025.07.16	02:20:46.770	1.33868	1.33871			6
2025.07.16	02:21:00.149	1.33866	1.33869			6
2025.07.16	02:21:01.365	1.33865	1.33868			6
2025.07.16	02:21:03.187	1.33870	1.33872			6
2025.07.16	02:21:03.489	1.33871	1.33874			6
2025.07.16	02:21:04.398	1.33870	1.33873			6
2025.07.16	02:21:05.613	1.33869	1.33872			6
2025.07.16	02:21:07.758	1.33870	1.33873			6
2025.07.16	02:21:09.898	1.33871	1.33874			6
2025.07.16	02:21:10.507	1.33870	1.33873			6
2025.07.16	02:21:10.819	1.33871	1.33874			6
2025.07.16	02:21:11.753	1.33870	1.33873			6
2025.07.16	02:21:14.181	1.33866	1.33869			6
2025.07.16	02:21:15.091	1.33865	1.33870			6
2025.07.16	02:21:17.250		1.33869			4
2025.07.16	02:21:19.117	1.33866				2
2025.07.16	02:21:19.427	1.33867				2
2025.07.16	02:21:23.694	1.33866				2
2025.07.16	02:21:26.471	1.33867	1.33870			6
2025.07.16	02:21:26.778		1.33869			4
2025.07.16	02:21:27.401		1.33870			4
2025.07.16	02:21:31.112	1.33868	1.33871			6
2025.07.16	02:21:32.051		1.33869			4
2025.07.16	02:21:39.156	1.33867	1.33870			6
2025.07.16	02:21:40.388		1.33869			4
2025.07.16	02:21:43.163	1.33869	1.33872			6
2025.07.16	02:21:43.783	1.33870	1.33873			6
2025.07.16	02:21:45.331	1.33869	1.33872			6
2025.07.16	02:21:46.867	1.33870	1.33873			6
2025.07.16	02:22:00.176	1.33870				2
2025.07.16	02:22:12.384	1.33871	1.33874			6
2025.07.16	02:22:14.544	1.33870	1.33873			6
2025.07.16	02:22:31.247	1.33871	1.33874			6
2025.07.16	02:22:40.543	1.33872	1.33875			6
2025.07.16	02:22:41.164	1.33873	1.33876			6
2025.07.16	02:22:41.783	1.33874	1.33877			6
2025.07.16	02:22:42.407	1.33873	1.33878			6
2025.07.16	02:22:43.030	1.33872	1.33877			6
2025.07.16	02:22:43.338		1.33876			4
2025.07.16	02:22:44.263		1.33877			4
2025.07.16	02:22:45.190		1.33876			4
2025.07.16	02:22:47.345	1.33873				2
2025.07.16	02:22:54.465	1.33874	1.33877			6
2025.07.16	02:23:00.055	1.33874				2
2025.07.16	02:23:02.852	1.33873	1.33876			6
2025.07.16	02:23:03.470	1.33874				2
2025.07.16	02:23:03.778		1.33877			4
2025.07.16	02:23:09.655	1.33875	1.33878			6
2025.07.16	02:23:11.198		1.33879			4
2025.07.16	02:23:13.358	1.33876				2
2025.07.16	02:23:28.186	1.33880	1.33883			6
2025.07.16	02:23:29.113	1.33879	1.33885			6
2025.07.16	02:23:37.164		1.33884			4
2025.07.16	02:23:37.782		1.33885			4
2025.07.16	02:23:39.327		1.33884			4
2025.07.16	02:23:41.178		1.33883			4
2025.07.16	02:23:43.328	1.33880				2
2025.07.16	02:23:49.137	1.33882	1.33885			6
2025.07.16	02:23:49.743	1.33881	1.33884			6
2025.07.16	02:23:50.348	1.33880				2
2025.07.16	02:23:52.203	1.33881				2
2025.07.16	02:23:52.822	1.33880				2
2025.07.16	02:23:54.360	1.33881				2
2025.07.16	02:23:55.895	1.33882	1.33885			6
2025.07.16	02:23:56.200	1.33881	1.33884			6
2025.07.16	02:23:56.514	1.33880	1.33883			6
2025.07.16	02:24:00.170	1.33880				2
2025.07.16	02:24:10.230	1.33876	1.33879			6
2025.07.16	02:24:11.144		1.33880			4
2025.07.16	02:24:14.843		1.33879			4
2025.07.16	02:24:28.935	1.33877	1.33880			6
2025.07.16	02:24:29.548		1.33879			4
2025.07.16	02:24:29.854	1.33876				2
2025.07.16	02:24:30.770	1.33877	1.33880			6
2025.07.16	02:24:37.464	1.33879	1.33882			6
2025.07.16	02:24:38.375	1.33878	1.33883			6
2025.07.16	02:24:38.682		1.33884			4
2025.07.16	02:24:38.999		1.33883			4
2025.07.16	02:24:43.317		1.33882			4
2025.07.16	02:24:44.254	1.33879				2
2025.07.16	02:24:52.796	1.33878	1.33881			6
2025.07.16	02:24:57.396		1.33880			4
2025.07.16	02:24:59.826		1.33881			4
2025.07.16	02:25:00.136	1.33879	1.33882			6
2025.07.16	02:25:01.360		1.33883			4
2025.07.16	02:25:02.283		1.33882			4
2025.07.16	02:25:04.752	1.33880				2
2025.07.16	02:25:05.971	1.33879				2
2025.07.16	02:25:06.579	1.33880	1.33883			6
2025.07.16	02:25:08.416	1.33879	1.33882			6
2025.07.16	02:25:57.041	1.33876	1.33879			6
2025.07.16	02:25:58.278	1.33875	1.33880			6
2025.07.16	02:26:00.126	1.33875				2
2025.07.16	02:26:01.364	1.33876				2
2025.07.16	02:26:01.666	1.33878	1.33885			6
2025.07.16	02:26:09.080	1.33879				2
2025.07.16	02:26:09.383		1.33884			4
2025.07.16	02:26:10.306		1.33883			4
2025.07.16	02:26:11.537		1.33884			4
2025.07.16	02:26:14.293		1.33883			4
2025.07.16	02:26:16.130	1.33880				2
2025.07.16	02:26:20.724	1.33877	1.33880			6
2025.07.16	02:26:21.025	1.33876	1.33879			6
2025.07.16	02:26:21.331	1.33875	1.33880			6
2025.07.16	02:26:27.151		1.33879			4
2025.07.16	02:26:29.306	1.33876				2
2025.07.16	02:26:41.845	1.33877	1.33880			6
2025.07.16	02:26:47.337	1.33876	1.33879			6
2025.07.16	02:26:48.862	1.33877	1.33880			6
2025.07.16	02:26:49.467	1.33878				2
2025.07.16	02:26:50.378	1.33877				2
2025.07.16	02:26:52.217	1.33878				2
2025.07.16	02:27:00.154	1.33878				2
2025.07.16	02:27:07.750	1.33881	1.33884			6
2025.07.16	02:27:08.059	1.33883	1.33886			6
2025.07.16	02:27:08.363	1.33881	1.33887			6
2025.07.16	02:27:10.500		1.33886			4
2025.07.16	02:27:10.808		1.33887			4
2025.07.16	02:27:11.729		1.33886			4
2025.07.16	02:27:12.956	1.33880				2
2025.07.16	02:27:16.964	1.33879				2
2025.07.16	02:27:17.276	1.33880				2
2025.07.16	02:27:19.114	1.33881				2
2025.07.16	02:27:20.341		1.33885			4
2025.07.16	02:27:21.263	1.33882				2
2025.07.16	02:27:36.847	1.33879	1.33880			6
2025.07.16	02:27:37.161	1.33875				2
2025.07.16	02:27:39.317	1.33876				2
2025.07.16	02:27:40.241	1.33877				2
2025.07.16	02:27:41.156	1.33878				2
2025.07.16	02:27:43.310	1.33879				2
2025.07.16	02:27:55.790	1.33878				2
2025.07.16	02:27:56.097		1.33879			4
2025.07.16	02:27:56.708	1.33877				2
2025.07.16	02:27:58.849	1.33876				2
2025.07.16	02:28:00.078	1.33876				2
2025.07.16	02:28:00.692		1.33878			4
2025.07.16	02:28:05.283		1.33879			4
2025.07.16	02:28:19.293	1.33877				2
2025.07.16	02:28:23.568	1.33876				2
2025.07.16	02:28:49.329	1.33877				2
2025.07.16	02:28:53.629	1.33876				2
2025.07.16	02:29:00.093	1.33877				2
2025.07.16	02:29:05.006	1.33876				2
2025.07.16	02:29:05.319		1.33879			4
2025.07.16	02:29:10.527	1.33877				2
2025.07.16	02:29:16.042		1.33880			4
2025.07.16	02:29:17.272		1.33879			4
2025.07.16	02:29:17.578	1.33876				2
2025.07.16	02:29:20.644	1.33877				2
2025.07.16	02:29:29.248		1.33880			4
2025.07.16	02:29:34.771		1.33879			4
2025.07.16	02:29:54.134	1.33876				2
2025.07.16	02:30:00.029	1.33876				2
2025.07.16	02:30:00.338	1.33877				2
2025.07.16	02:30:01.281	1.33875				2
2025.07.16	02:30:01.908	1.33876				2
2025.07.16	02:30:02.212	1.33875				2
2025.07.16	02:30:03.146	1.33874				2
2025.07.16	02:30:04.397	1.33873				2
2025.07.16	02:30:08.124	1.33874				2
2025.07.16	02:30:10.293	1.33875				2
2025.07.16	02:30:12.164	1.33876				2
2025.07.16	02:30:13.101	1.33873				2
2025.07.16	02:30:21.174	1.33874				2
2025.07.16	02:30:21.485	1.33875	1.33880			6
2025.07.16	02:30:21.785	1.33876				2
2025.07.16	02:30:22.106	1.33874				2
2025.07.16	02:30:22.732	1.33877	1.33881			6
2025.07.16	02:30:23.043	1.33876	1.33882			6
2025.07.16	02:30:24.283	1.33873	1.33879			6
2025.07.16	02:30:24.587		1.33880			4
2025.07.16	02:30:29.258		1.33879			4
2025.07.16	02:30:33.294	1.33874				2
2025.07.16	02:30:34.211	1.33875				2
2025.07.16	02:30:36.390	1.33874	1.33877			6
2025.07.16	02:30:36.700	1.33873				2
2025.07.16	02:30:37.011	1.33875				2
2025.07.16	02:30:37.320	1.33873				2
2025.07.16	02:30:38.873	1.33872				2
2025.07.16	02:30:42.914	1.33874	1.33879			6
2025.07.16	02:30:46.327	1.33875				2
2025.07.16	02:30:48.186	1.33876				2
2025.07.16	02:30:51.229	1.33877				2
2025.07.16	02:31:00.073	1.33877				2
2025.07.16	02:31:11.342		1.33878			4
2025.07.16	02:31:11.649	1.33876	1.33879			6
2025.07.16	02:31:12.554		1.33878			4
2025.07.16	02:31:16.835		1.33879			4
2025.07.16	02:31:30.890	1.33877				2
2025.07.16	02:31:51.707	1.33878	1.33880			6
2025.07.16	02:31:52.014	1.33877				2
2025.07.16	02:32:00.272	1.33877				2
2025.07.16	02:32:03.335	1.33876				2
2025.07.16	02:32:04.257	1.33877				2
2025.07.16	02:32:06.401	1.33876				2
2025.07.16	02:32:07.326		1.33881			4
2025.07.16	02:32:08.251		1.33880			4
2025.07.16	02:32:10.105	1.33877				2
2025.07.16	02:32:10.412	1.33878				2
2025.07.16	02:32:11.335	1.33877				2
2025.07.16	02:32:14.395	1.33878				2
2025.07.16	02:32:17.151	1.33877				2
2025.07.16	02:32:18.690		1.33882			4
2025.07.16	02:32:19.302		1.33881			4
2025.07.16	02:32:21.149	1.33878				2
2025.07.16	02:32:28.465		1.33880			4
2025.07.16	02:32:32.119	1.33880	1.33882			6
2025.07.16	02:32:32.422	1.33881				2
2025.07.16	02:32:33.331	1.33876				2
2025.07.16	02:32:40.750	1.33877				2
2025.07.16	02:32:41.372	1.33878				2
2025.07.16	02:32:42.301	1.33882	1.33887			6
2025.07.16	02:32:42.611	1.33880	1.33885			6
2025.07.16	02:32:42.913	1.33881				2
2025.07.16	02:32:43.221	1.33880				2
2025.07.16	02:32:45.682	1.33879				2
2025.07.16	02:32:48.180	1.33880				2
2025.07.16	02:32:49.105	1.33881				2
2025.07.16	02:32:52.214	1.33882				2
2025.07.16	02:32:53.764	1.33877	1.33880			6
2025.07.16	02:32:54.376	1.33876				2
2025.07.16	02:33:00.268	1.33876				2
2025.07.16	02:33:02.134	1.33877				2
2025.07.16	02:33:03.693		1.33881			4
2025.07.16	02:33:04.001		1.33880			4
2025.07.16	02:33:06.140	1.33878				2
2025.07.16	02:33:09.498	1.33879				2
2025.07.16	02:33:10.100	1.33878				2
2025.07.16	02:33:17.129		1.33881			4
2025.07.16	02:33:17.430	1.33879				2
2025.07.16	02:33:18.342	1.33878	1.33880			6
2025.07.16	02:33:20.484	1.33877				2
2025.07.16	02:33:21.090	1.33878				2
2025.07.16	02:33:32.433	1.33877				2
2025.07.16	02:34:00.258	1.33877				2
2025.07.16	02:34:02.078	1.33879	1.33881			6
2025.07.16	02:34:03.312	1.33878				2
2025.07.16	02:34:05.176	1.33879				2
2025.07.16	02:34:09.143	1.33878	1.33880			6
2025.07.16	02:34:10.369	1.33876				2
2025.07.16	02:34:14.384	1.33877				2
2025.07.16	02:34:23.828	1.33878				2
2025.07.16	02:34:36.364	1.33877				2
2025.07.16	02:34:45.885		1.33879			4
2025.07.16	02:34:46.502		1.33880			4
2025.07.16	02:35:00.001	1.33877				2
2025.07.16	02:35:04.966	1.33879	1.33882			6
2025.07.16	02:35:05.268	1.33880				2
2025.07.16	02:35:05.878	1.33879				2
2025.07.16	02:35:06.195	1.33875	1.33880			6
2025.07.16	02:35:16.107	1.33876	1.33881			6
2025.07.16	02:35:16.412	1.33877				2
2025.07.16	02:35:17.341	1.33875				2
2025.07.16	02:35:18.274	1.33877	1.33880			6
2025.07.16	02:35:18.581	1.33876				2
2025.07.16	02:35:19.511	1.33875				2
2025.07.16	02:35:24.142	1.33876				2
2025.07.16	02:35:26.596	1.33877	1.33881			6
2025.07.16	02:35:27.524	1.33878				2
2025.07.16	02:35:30.285	1.33879				2
2025.07.16	02:35:31.191	1.33878				2
2025.07.16	02:35:35.177	1.33879				2
2025.07.16	02:35:38.240	1.33878	1.33880			6
2025.07.16	02:35:38.544		1.33879			4
2025.07.16	02:35:39.459	1.33877	1.33880			6
2025.07.16	02:35:40.374	1.33875				2
2025.07.16	02:35:42.237	1.33876				2
2025.07.16	02:35:45.360	1.33877				2
2025.07.16	02:36:00.076	1.33877				2
2025.07.16	02:36:03.432	1.33879	1.33882			6
2025.07.16	02:36:03.734	1.33881	1.33884			6
2025.07.16	02:36:04.340	1.33879	1.33885			6
2025.07.16	02:36:07.123	1.33881				2
2025.07.16	02:36:08.048	1.33880				2
2025.07.16	02:36:08.665	1.33883	1.33887			6
2025.07.16	02:36:10.826		1.33888			4
2025.07.16	02:36:12.999	1.33881	1.33885			6
2025.07.16	02:36:13.305	1.33880	1.33884			6
2025.07.16	02:36:15.177	1.33878				2
2025.07.16	02:36:20.123	1.33879				2
2025.07.16	02:36:21.366	1.33880				2
2025.07.16	02:36:21.991	1.33881				2
2025.07.16	02:36:25.342	1.33882				2
2025.07.16	02:36:35.993	1.33883				2
2025.07.16	02:36:41.492		1.33886			4
2025.07.16	02:36:41.795	1.33885	1.33887			6
2025.07.16	02:36:43.937	1.33886	1.33889			6
2025.07.16	02:36:44.245	1.33887				2
2025.07.16	02:36:48.530	1.33888				2
2025.07.16	02:36:49.749	1.33887				2
2025.07.16	02:36:52.203	1.33888				2
2025.07.16	02:36:52.813	1.33889	1.33890			6
2025.07.16	02:36:53.115	1.33888	1.33889			6
2025.07.16	02:36:54.341	1.33887				2
2025.07.16	02:36:55.271	1.33888				2
2025.07.16	02:36:56.190		1.33890			4
2025.07.16	02:36:56.495		1.33889			4
2025.07.16	02:36:58.314		1.33890			4
2025.07.16	02:36:58.626		1.33889			4
2025.07.16	02:36:59.239		1.33890			4
2025.07.16	02:37:00.151	1.33888				2
2025.07.16	02:37:16.963		1.33889			4
2025.07.16	02:37:17.569	1.33887				2
2025.07.16	02:37:19.099		1.33890			4
2025.07.16	02:37:21.238		1.33889			4
2025.07.16	02:37:24.311		1.33890			4
2025.07.16	02:37:24.927	1.33888	1.33891			6
2025.07.16	02:37:25.237		1.33889			4
2025.07.16	02:37:27.982		1.33891			4
2025.07.16	02:37:31.952		1.33889			4
2025.07.16	02:37:32.857	1.33887				2
2025.07.16	02:37:46.667	1.33888	1.33890			6
2025.07.16	02:37:46.969	1.33891	1.33894			6
2025.07.16	02:37:47.272	1.33889	1.33895			6
2025.07.16	02:37:47.584	1.33888				2
2025.07.16	02:37:49.454		1.33894			4
2025.07.16	02:37:53.780	1.33887				2
2025.07.16	02:37:54.097	1.33888				2
2025.07.16	02:37:54.724		1.33893			4
2025.07.16	02:37:55.034	1.33887				2
2025.07.16	02:37:57.197	1.33888				2
2025.07.16	02:37:58.121	1.33889				2
2025.07.16	02:38:00.285	1.33890				2
2025.07.16	02:38:00.894	1.33891	1.33894			6
2025.07.16	02:38:01.201	1.33890				2
2025.07.16	02:38:01.509	1.33891				2
2025.07.16	02:38:01.818	1.33890				2
2025.07.16	02:38:02.138	1.33891				2
2025.07.16	02:38:06.102	1.33890	1.33893			6
2025.07.16	02:38:09.477	1.33891	1.33894			6
2025.07.16	02:38:27.819	1.33892	1.33895			6
2025.07.16	02:38:38.798	1.33893				2
2025.07.16	02:38:41.848	1.33891	1.33894			6
2025.07.16	02:38:42.767	1.33890	1.33893			6
2025.07.16	02:38:43.388		1.33894			4
2025.07.16	02:38:48.364		1.33893			4
2025.07.16	02:38:48.984		1.33894			4
2025.07.16	02:38:49.294	1.33891				2
2025.07.16	02:38:55.414	1.33890	1.33893			6
2025.07.16	02:38:56.025		1.33891			4
2025.07.16	02:38:56.329	1.33888	1.33890			6
2025.07.16	02:38:57.248	1.33885				2
2025.07.16	02:39:00.053	1.33885				2
2025.07.16	02:39:01.294		1.33889			4
2025.07.16	02:39:03.156	1.33886				2
2025.07.16	02:39:04.402	1.33887				2
2025.07.16	02:39:06.269	1.33888				2
2025.07.16	02:39:14.233	1.33887	1.33890			6
2025.07.16	02:39:15.768	1.33888				2
2025.07.16	02:39:16.676	1.33887				2
2025.07.16	02:39:16.987	1.33888				2
2025.07.16	02:39:22.797		1.33889			4
2025.07.16	02:39:24.014	1.33887				2
2025.07.16	02:39:25.230	1.33888				2
2025.07.16	02:39:29.516		1.33890			4
2025.07.16	02:39:31.969		1.33891			4
2025.07.16	02:39:33.493		1.33890			4
2025.07.16	02:39:39.322		1.33889			4
2025.07.16	02:39:40.552	1.33890	1.33893			6
2025.07.16	02:39:40.857	1.33891	1.33894			6
2025.07.16	02:39:42.395	1.33890	1.33895			6
2025.07.16	02:39:43.616		1.33894			4
2025.07.16	02:39:43.926		1.33895			4
2025.07.16	02:39:47.952	1.33891				2
2025.07.16	02:39:51.046	1.33888	1.33892			6
2025.07.16	02:39:55.390	1.33887				2
2025.07.16	02:39:56.016	1.33893	1.33897			6
2025.07.16	02:39:56.317		1.33898			4
2025.07.16	02:39:57.239		1.33897			4
2025.07.16	02:40:00.022	1.33893				2
2025.07.16	02:40:00.328		1.33898			4
2025.07.16	02:40:02.199	1.33894	1.33897			6
2025.07.16	02:40:02.506	1.33895				2
2025.07.16	02:40:09.350	1.33896				2
2025.07.16	02:40:13.322		1.33898			4
2025.07.16	02:40:13.627	1.33897				2
2025.07.16	02:40:13.935	1.33907	1.33909			6
2025.07.16	02:40:15.150	1.33905				2
2025.07.16	02:40:15.759	1.33906				2
2025.07.16	02:40:16.061	1.33905	1.33910			6
2025.07.16	02:40:16.382	1.33907				2
2025.07.16	02:40:16.686	1.33909	1.33915			6
2025.07.16	02:40:16.992		1.33916			4
2025.07.16	02:40:17.297	1.33908	1.33914			6
2025.07.16	02:40:17.921	1.33909	1.33915			6
2025.07.16	02:40:18.226	1.33908				2
2025.07.16	02:40:18.547	1.33909				2
2025.07.16	02:40:21.321	1.33908	1.33914			6
2025.07.16	02:40:21.630	1.33907	1.33913			6
2025.07.16	02:40:22.564	1.33908	1.33914			6
2025.07.16	02:40:23.179	1.33909				2
2025.07.16	02:40:24.110		1.33915			4
2025.07.16	02:40:24.430		1.33914			4
2025.07.16	02:40:25.359	1.33910				2
2025.07.16	02:40:25.669	1.33909				2
2025.07.16	02:40:27.199		1.33913			4
2025.07.16	02:40:27.508	1.33908	1.33912			6
2025.07.16	02:40:30.389	1.33909				2
2025.07.16	02:40:32.528	1.33908	1.33910			6
2025.07.16	02:40:32.832		1.33909			4
2025.07.16	02:40:33.744	1.33907				2
2025.07.16	02:40:38.030	1.33906	1.33907			6
2025.07.16	02:40:38.334	1.33901	1.33902			6
2025.07.16	02:40:39.244	1.33900				2
2025.07.16	02:40:40.182	1.33899				2
2025.07.16	02:40:43.230	1.33900				2
2025.07.16	02:40:45.065	1.33899				2
2025.07.16	02:40:45.676	1.33900				2
2025.07.16	02:40:50.542		1.33903			4
2025.07.16	02:40:50.845	1.33901	1.33904			6
2025.07.16	02:40:55.107	1.33902				2
2025.07.16	02:40:56.332	1.33901				2
2025.07.16	02:40:56.640	1.33902				2
2025.07.16	02:40:59.676	1.33903	1.33905			6
2025.07.16	02:40:59.979	1.33902				2
2025.07.16	02:41:00.287	1.33902				2
2025.07.16	02:41:01.211	1.33899	1.33900			6
2025.07.16	02:41:01.513	1.33898				2
2025.07.16	02:41:01.815		1.33899			4
2025.07.16	02:41:06.682	1.33897				2
2025.07.16	02:41:14.332	1.33898				2
2025.07.16	02:41:14.639	1.33897				2
2025.07.16	02:41:17.081	1.33901	1.33904			6
2025.07.16	02:41:21.951	1.33902				2
2025.07.16	02:41:22.862	1.33901				2
2025.07.16	02:41:23.168	1.33902				2
2025.07.16	02:41:24.708	1.33901				2
2025.07.16	02:41:29.297	1.33902	1.33903			6
2025.07.16	02:41:29.604	1.33901	1.33904			6
2025.07.16	02:41:30.812	1.33900	1.33903			6
2025.07.16	02:41:44.858	1.33903	1.33906			6
2025.07.16	02:41:45.161	1.33905				2
2025.07.16	02:41:45.463	1.33904				2
2025.07.16	02:41:46.090	1.33902				2
2025.07.16	02:41:47.331	1.33903				2
2025.07.16	02:41:50.134	1.33904				2
2025.07.16	02:41:51.040		1.33907			4
2025.07.16	02:41:51.345	1.33906	1.33908			6
2025.07.16	02:41:52.261	1.33905				2
2025.07.16	02:41:53.182	1.33906				2
2025.07.16	02:41:55.316	1.33907	1.33909			6
2025.07.16	02:41:58.389	1.33906				2
2025.07.16	02:41:59.602	1.33911	1.33913			6
2025.07.16	02:41:59.905	1.33913	1.33915			6
2025.07.16	02:42:00.206	1.33910				2
2025.07.16	02:42:01.451	1.33909				2
2025.07.16	02:42:01.768		1.33914			4
2025.07.16	02:42:03.321	1.33910				2
2025.07.16	02:42:06.108	1.33909				2
2025.07.16	02:42:07.359		1.33912			4
2025.07.16	02:42:07.660	1.33907	1.33910			6
2025.07.16	02:42:07.969	1.33905				2
2025.07.16	02:42:10.146	1.33908	1.33912			6
2025.07.16	02:42:11.677	1.33910	1.33915			6
2025.07.16	02:42:13.203	1.33913	1.33916			6
2025.07.16	02:42:13.505	1.33912				2
2025.07.16	02:42:14.425		1.33915			4
2025.07.16	02:42:15.038		1.33916			4
2025.07.16	02:42:16.283	1.33913				2
2025.07.16	02:42:16.585		1.33915			4
2025.07.16	02:42:19.941	1.33912				2
2025.07.16	02:42:20.848	1.33913				2
2025.07.16	02:42:21.152	1.33912				2
2025.07.16	02:42:23.600	1.33913				2
2025.07.16	02:42:25.423	1.33912				2
2025.07.16	02:42:26.638	1.33913				2
2025.07.16	02:42:27.242	1.33912				2
2025.07.16	02:42:30.302		1.33914			4
2025.07.16	02:42:31.220	1.33914	1.33917			6
2025.07.16	02:42:31.829		1.33916			4
2025.07.16	02:42:32.129	1.33913	1.33915			6
2025.07.16	02:42:33.043		1.33916			4
2025.07.16	02:42:33.343		1.33915			4
2025.07.16	02:42:33.649	1.33912				2
2025.07.16	02:42:33.953		1.33914			4
2025.07.16	02:42:34.259	1.33915	1.33918			6
2025.07.16	02:42:34.566	1.33916	1.33917			6
2025.07.16	02:42:34.872		1.33919			4
2025.07.16	02:42:35.179	1.33913				2
2025.07.16	02:42:35.793	1.33914				2
2025.07.16	02:42:36.417		1.33918			4
2025.07.16	02:42:37.032		1.33919			4
2025.07.16	02:42:37.662		1.33918			4
2025.07.16	02:42:38.284		1.33919			4
2025.07.16	02:42:40.145		1.33918			4
2025.07.16	02:42:41.374	1.33915				2
2025.07.16	02:42:41.990	1.33916	1.33919			6
2025.07.16	02:42:48.407	1.33917	1.33920			6
2025.07.16	02:42:48.711	1.33918				2
2025.07.16	02:42:49.014	1.33917	1.33919			6
2025.07.16	02:42:49.319		1.33920			4
2025.07.16	02:42:51.462	1.33916	1.33919			6
2025.07.16	02:42:52.378	1.33917				2
2025.07.16	02:43:00.030	1.33917				2
2025.07.16	02:43:00.334		1.33920			4
2025.07.16	02:43:00.635	1.33918	1.33919			6
2025.07.16	02:43:00.937		1.33921			4
2025.07.16	02:43:01.545		1.33920			4
2025.07.16	02:43:01.851		1.33921			4
2025.07.16	02:43:02.466		1.33920			4
2025.07.16	02:43:02.769		1.33921			4
2025.07.16	02:43:03.383	1.33917	1.33920			6
2025.07.16	02:43:06.734	1.33918	1.33921			6
2025.07.16	02:43:07.641	1.33917	1.33920			6
2025.07.16	02:43:07.949	1.33918	1.33919			6
2025.07.16	02:43:12.826		1.33921			4
2025.07.16	02:43:13.130	1.33919				2
2025.07.16	02:43:14.042	1.33918				2
2025.07.16	02:43:14.344	1.33917	1.33919			6
2025.07.16	02:43:37.600	1.33918				2
2025.07.16	02:43:40.702	1.33917				2
2025.07.16	02:43:41.326	1.33918				2
2025.07.16	02:43:43.185	1.33920	1.33921			6
2025.07.16	02:43:43.487	1.33924	1.33925			6
2025.07.16	02:43:43.794	1.33923				2
2025.07.16	02:43:44.103	1.33925	1.33928			6
2025.07.16	02:43:44.410	1.33923				2
2025.07.16	02:43:44.719	1.33924	1.33927			6
2025.07.16	02:43:45.038		1.33928			4
2025.07.16	02:43:45.956	1.33925				2
2025.07.16	02:43:46.271		1.33929			4
2025.07.16	02:43:46.578		1.33928			4
2025.07.16	02:43:51.203		1.33929			4
2025.07.16	02:43:51.526		1.33928			4
2025.07.16	02:43:52.459		1.33929			4
2025.07.16	02:43:55.264	1.33926				2
2025.07.16	02:43:55.879	1.33925				2
2025.07.16	02:43:56.191	1.33926				2
2025.07.16	02:43:58.354	1.33927				2
2025.07.16	02:43:58.662		1.33928			4
2025.07.16	02:43:59.586	1.33926				2
2025.07.16	02:44:00.196	1.33926	1.33927			6
2025.07.16	02:44:00.504	1.33925				2
2025.07.16	02:44:07.223	1.33926				2
2025.07.16	02:44:09.358	1.33925				2
2025.07.16	02:44:13.924	1.33926				2
2025.07.16	02:44:14.233		1.33929			4
2025.07.16	02:44:16.675	1.33925	1.33928			6
2025.07.16	02:44:17.586		1.33927			4
2025.07.16	02:44:18.194	1.33926				2
2025.07.16	02:44:19.423		1.33929			4
2025.07.16	02:44:20.030		1.33927			4
2025.07.16	02:44:20.333	1.33925				2
2025.07.16	02:44:20.637	1.33926	1.33929			6
2025.07.16	02:44:20.941	1.33925	1.33928			6
2025.07.16	02:44:21.246	1.33926	1.33927			6
2025.07.16	02:44:26.758		1.33929			4
2025.07.16	02:44:27.367	1.33925	1.33928			6
2025.07.16	02:44:28.273	1.33926	1.33929			6
2025.07.16	02:44:28.884	1.33925	1.33928			6
2025.07.16	02:44:29.790	1.33926	1.33929			6
2025.07.16	02:44:33.128	1.33925	1.33928			6
2025.07.16	02:44:34.354	1.33926	1.33929			6
2025.07.16	02:44:34.662	1.33925	1.33928			6
