<DATE>	<TIME>	<BID>	<ASK>	<LAST>	<VOLUME>	<FLAGS>
2025.05.19	00:03:30.823	1.32666	1.32858			6
2025.05.19	00:04:00.042	1.32666				2
2025.05.19	00:04:30.841		1.32858			4
2025.05.19	00:04:34.514	1.32669				2
2025.05.19	00:05:00.290	1.32669				2
2025.05.19	00:05:03.987	1.32702	1.32894			6
2025.05.19	00:05:08.599	1.32703	1.32895			6
2025.05.19	00:05:08.909	1.32704	1.32896			6
2025.05.19	00:05:21.856	1.32705	1.32897			6
2025.05.19	00:05:26.773	1.32706	1.32898			6
2025.05.19	00:05:37.237	1.32707	1.32899			6
2025.05.19	00:05:47.986	1.32708	1.32900			6
2025.05.19	00:06:00.281	1.32708				2
2025.05.19	00:06:06.122	1.32707	1.32899			6
2025.05.19	00:06:12.276	1.32704	1.32896			6
2025.05.19	00:06:15.635	1.32689	1.32881			6
2025.05.19	00:06:15.944	1.32680	1.32868			6
2025.05.19	00:06:16.250	1.32694	1.32850			6
2025.05.19	00:06:16.556	1.32684	1.32862			6
2025.05.19	00:06:16.860	1.32680	1.32868			6
2025.05.19	00:06:17.170	1.32671	1.32863			6
2025.05.19	00:06:17.471	1.32680	1.32872			6
2025.05.19	00:06:19.303	1.32684	1.32876			6
2025.05.19	00:06:21.141	1.32694	1.32886			6
2025.05.19	00:06:21.446	1.32672	1.32864			6
2025.05.19	00:06:22.670	1.32676	1.32868			6
2025.05.19	00:06:26.031	1.32670	1.32862			6
2025.05.19	00:06:35.200	1.32664	1.32856			6
2025.05.19	00:06:54.771	1.32663	1.32855			6
2025.05.19	00:07:00.267	1.32663				2
2025.05.19	00:07:02.095		1.32854			4
2025.05.19	00:07:06.682		1.32849			4
2025.05.19	00:07:09.129		1.32850			4
2025.05.19	00:07:10.959		1.32844			4
2025.05.19	00:07:11.264		1.32843			4
2025.05.19	00:07:16.762		1.32838			4
2025.05.19	00:07:21.037		1.32832			4
2025.05.19	00:07:26.544		1.32826			4
2025.05.19	00:07:31.136		1.32824			4
2025.05.19	00:07:34.505		1.32825			4
2025.05.19	00:07:40.617		1.32824			4
2025.05.19	00:07:49.789		1.32825			4
2025.05.19	00:08:00.208	1.32663				2
2025.05.19	00:08:00.820		1.32838			4
2025.05.19	00:08:50.075		1.32839			4
2025.05.19	00:09:00.259	1.32663				2
2025.05.19	00:09:04.565		1.32844			4
2025.05.19	00:09:05.483		1.32839			4
2025.05.19	00:09:32.278		1.32836			4
2025.05.19	00:09:40.265	1.32668				2
2025.05.19	00:09:56.263		1.32834			4
2025.05.19	00:09:58.717		1.32835			4
2025.05.19	00:10:00.269	1.32668				2
2025.05.19	00:10:05.196		1.32836			4
2025.05.19	00:10:07.049		1.32835			4
2025.05.19	00:10:07.658		1.32834			4
2025.05.19	00:10:08.890		1.32835			4
2025.05.19	00:10:10.425		1.32858			4
2025.05.19	00:10:35.040	1.32671				2
2025.05.19	00:11:00.279	1.32671				2
2025.05.19	00:11:10.431		1.32858			4
2025.05.19	00:12:00.286	1.32671				2
2025.05.19	00:12:10.710		1.32858			4
2025.05.19	00:13:00.048	1.32671				2
2025.05.19	00:13:10.777		1.32858			4
2025.05.19	00:14:00.115	1.32671				2
2025.05.19	00:14:10.602		1.32834			4
2025.05.19	00:14:10.906		1.32832			4
2025.05.19	00:14:13.040		1.32831			4
2025.05.19	00:14:14.568		1.32832			4
2025.05.19	00:14:16.416		1.32831			4
2025.05.19	00:14:22.867		1.32830			4
2025.05.19	00:14:23.792		1.32829			4
2025.05.19	00:14:25.939		1.32828			4
2025.05.19	00:14:32.396		1.32830			4
2025.05.19	00:14:32.700		1.32829			4
2025.05.19	00:14:34.246		1.32830			4
2025.05.19	00:14:38.857		1.32829			4
2025.05.19	00:14:39.166		1.32828			4
2025.05.19	00:14:45.935		1.32827			4
2025.05.19	00:14:46.858		1.32826			4
2025.05.19	00:14:54.557		1.32825			4
2025.05.19	00:14:56.086	1.32680	1.32844			6
2025.05.19	00:14:56.391		1.32842			4
2025.05.19	00:14:56.696		1.32841			4
2025.05.19	00:14:58.520		1.32842			4
2025.05.19	00:15:00.051	1.32680				2
2025.05.19	00:15:00.657		1.32851			4
2025.05.19	00:15:00.968		1.32852			4
2025.05.19	00:15:01.278		1.32861			4
2025.05.19	00:15:10.500	1.32675				2
2025.05.19	00:15:42.515		1.32862			4
2025.05.19	00:15:42.819	1.32680	1.32861			6
2025.05.19	00:16:00.068	1.32680				2
2025.05.19	00:16:35.456	1.32710	1.32891			6
2025.05.19	00:16:48.683	1.32742	1.32873			6
2025.05.19	00:17:00.451	1.32742				2
2025.05.19	00:17:32.332	1.32761				2
2025.05.19	00:17:49.184		1.32873			4
2025.05.19	00:18:00.416	1.32761				2
2025.05.19	00:18:51.883		1.32873			4
2025.05.19	00:19:01.303	1.32761				2
2025.05.19	00:19:22.328	1.32763				2
2025.05.19	00:19:37.156	1.32775	1.32887			6
2025.05.19	00:19:39.283		1.32913			4
2025.05.19	00:20:00.439	1.32775				2
2025.05.19	00:20:08.849	1.32788				2
2025.05.19	00:20:39.284		1.32912			4
2025.05.19	00:21:00.287	1.32788				2
2025.05.19	00:21:39.286		1.32912			4
2025.05.19	00:21:57.703		1.32911			4
2025.05.19	00:22:00.285	1.32788				2
2025.05.19	00:22:50.449		1.32910			4
2025.05.19	00:23:00.409	1.32788				2
2025.05.19	00:23:51.288		1.32910			4
2025.05.19	00:23:57.802		1.32909			4
2025.05.19	00:24:03.884	1.32788				2
2025.05.19	00:24:40.450		1.32908			4
2025.05.19	00:24:41.083	1.32810				2
2025.05.19	00:24:50.313	1.32788				2
2025.05.19	00:25:00.457	1.32788				2
2025.05.19	00:25:30.411		1.32907			4
2025.05.19	00:26:00.283	1.32788				2
2025.05.19	00:26:30.451		1.32907			4
2025.05.19	00:26:40.320	1.32787	1.32906			6
2025.05.19	00:26:58.945	1.32788				2
2025.05.19	00:27:01.483	1.32788				2
2025.05.19	00:27:41.385		1.32906			4
2025.05.19	00:28:00.584	1.32788				2
2025.05.19	00:28:20.453		1.32905			4
2025.05.19	00:29:00.885	1.32788				2
2025.05.19	00:29:04.021	1.32749	1.32910			6
2025.05.19	00:29:48.041	1.32722	1.32896			6
2025.05.19	00:29:51.121	1.32730				2
2025.05.19	00:29:51.431		1.32906			4
2025.05.19	00:30:00.046	1.32730				2
2025.05.19	00:30:01.283	1.32732				2
2025.05.19	00:30:19.145	1.32737				2
2025.05.19	00:30:22.538		1.32907			4
2025.05.19	00:30:24.073		1.32908			4
2025.05.19	00:30:32.711	1.32729	1.32859			6
2025.05.19	00:30:36.842	1.32680	1.32857			6
2025.05.19	00:30:37.152	1.32688	1.32840			6
2025.05.19	00:30:38.306	1.32680	1.32856			6
2025.05.19	00:31:00.165	1.32680				2
2025.05.19	00:31:06.023		1.32851			4
2025.05.19	00:31:07.303		1.32856			4
2025.05.19	00:31:33.201		1.32853			4
2025.05.19	00:31:34.183		1.32856			4
2025.05.19	00:31:37.270	1.32719	1.32828			6
2025.05.19	00:31:37.581	1.32730	1.32837			6
2025.05.19	00:32:00.227	1.32730				2
2025.05.19	00:32:22.782	1.32719	1.32828			6
2025.05.19	00:32:24.707	1.32730	1.32838			6
2025.05.19	00:32:28.913	1.32718	1.32831			6
2025.05.19	00:33:00.449	1.32718				2
2025.05.19	00:33:23.914	1.32719	1.32828			6
2025.05.19	00:34:00.588	1.32719				2
2025.05.19	00:34:25.184		1.32828			4
2025.05.19	00:35:01.310	1.32719				2
2025.05.19	00:35:09.974	1.32664	1.32856			6
2025.05.19	00:35:12.136	1.32719	1.32828			6
2025.05.19	00:36:00.285	1.32719				2
2025.05.19	00:36:15.070		1.32828			4
2025.05.19	00:37:03.286	1.32719				2
2025.05.19	00:37:16.787		1.32828			4
2025.05.19	00:37:40.148	1.32702				2
2025.05.19	00:38:02.383	1.32702				2
2025.05.19	00:38:16.842		1.32828			4
2025.05.19	00:39:00.449	1.32702				2
2025.05.19	00:39:17.683		1.32828			4
2025.05.19	00:40:06.748	1.32702				2
2025.05.19	00:40:17.615		1.32851			4
2025.05.19	00:41:00.385	1.32702				2
2025.05.19	00:41:17.629		1.32851			4
2025.05.19	00:41:36.892	1.32712				2
2025.05.19	00:41:40.722	1.32702				2
2025.05.19	00:41:41.955	1.32705	1.32868			6
2025.05.19	00:41:48.307	1.32683	1.32875			6
2025.05.19	00:41:58.179	1.32684	1.32876			6
2025.05.19	00:42:00.029	1.32684				2
2025.05.19	00:42:05.872	1.32685	1.32877			6
2025.05.19	00:42:10.832	1.32684	1.32876			6
2025.05.19	00:42:12.677	1.32685	1.32877			6
2025.05.19	00:42:14.528	1.32684	1.32876			6
2025.05.19	00:42:16.073	1.32682	1.32874			6
2025.05.19	00:42:29.323	1.32685	1.32877			6
2025.05.19	00:42:33.644	1.32686	1.32878			6
2025.05.19	00:42:34.260	1.32685	1.32877			6
2025.05.19	00:42:34.565	1.32686	1.32878			6
2025.05.19	00:42:38.894	1.32685	1.32877			6
2025.05.19	00:42:39.508	1.32686	1.32878			6
2025.05.19	00:42:40.742	1.32684	1.32876			6
2025.05.19	00:42:49.679	1.32682	1.32874			6
2025.05.19	00:42:56.760	1.32681	1.32873			6
2025.05.19	00:43:00.155	1.32681				2
2025.05.19	00:43:01.385	1.32680	1.32872			6
2025.05.19	00:43:09.082	1.32682	1.32874			6
2025.05.19	00:43:19.877	1.32681	1.32873			6
2025.05.19	00:43:23.274	1.32707	1.32868			6
2025.05.19	00:43:36.182	1.32690				2
2025.05.19	00:43:41.832	1.32708				2
2025.05.19	00:43:59.789	1.32719				2
2025.05.19	00:44:01.182	1.32719				2
2025.05.19	00:44:25.483		1.32868			4
2025.05.19	00:45:01.310	1.32719				2
2025.05.19	00:45:02.206	1.32698	1.32890			6
2025.05.19	00:45:04.369	1.32719	1.32868			6
2025.05.19	00:45:08.695	1.32735	1.32852			6
2025.05.19	00:46:00.091	1.32735				2
2025.05.19	00:46:08.715		1.32852			4
2025.05.19	00:47:00.112	1.32735				2
2025.05.19	00:47:01.953	1.32713	1.32873			6
2025.05.19	00:47:04.416	1.32735	1.32852			6
2025.05.19	00:48:00.128	1.32735				2
2025.05.19	00:48:04.438		1.32852			4
2025.05.19	00:49:00.253	1.32735				2
2025.05.19	00:49:04.573		1.32852			4
2025.05.19	00:49:29.849	1.32734				2
2025.05.19	00:50:00.056	1.32734				2
2025.05.19	00:50:04.682		1.32852			4
2025.05.19	00:51:00.130	1.32734				2
2025.05.19	00:51:04.744		1.32852			4
2025.05.19	00:52:00.277	1.32734				2
2025.05.19	00:52:04.890		1.32852			4
2025.05.19	00:53:00.016	1.32734				2
2025.05.19	00:53:04.954		1.32852			4
2025.05.19	00:54:00.003	1.32734				2
2025.05.19	00:54:05.243		1.32852			4
2025.05.19	00:54:30.738		1.32831			4
2025.05.19	00:55:00.294	1.32734				2
2025.05.19	00:55:25.761	1.32730				2
2025.05.19	00:55:31.009		1.32831			4
2025.05.19	00:56:00.003	1.32730				2
2025.05.19	00:56:31.109		1.32831			4
2025.05.19	00:57:00.108	1.32730				2
2025.05.19	00:57:31.229		1.32831			4
2025.05.19	00:58:00.114	1.32730				2
2025.05.19	00:58:31.482		1.32831			4
2025.05.19	00:59:00.134	1.32730				2
2025.05.19	00:59:31.559		1.32831			4
2025.05.19	01:00:00.219	1.32730				2
2025.05.19	01:00:00.907	1.32699	1.32872			6
2025.05.19	01:00:01.550	1.32732	1.32842			6
2025.05.19	01:00:01.851	1.32699	1.32876			6
2025.05.19	01:00:02.172	1.32701				2
2025.05.19	01:00:04.080	1.32730	1.32840			6
2025.05.19	01:00:04.691	1.32767	1.32835			6
2025.05.19	01:00:08.396		1.32840			4
2025.05.19	01:00:09.629	1.32786				2
2025.05.19	01:00:10.859	1.32748	1.32798			6
2025.05.19	01:00:11.160	1.32777	1.32845			6
2025.05.19	01:00:12.406		1.32847			4
2025.05.19	01:00:23.102	1.32752	1.32841			6
2025.05.19	01:00:27.053	1.32754				2
2025.05.19	01:00:27.363	1.32755				2
2025.05.19	01:00:27.667	1.32757	1.32847			6
2025.05.19	01:00:28.889	1.32758				2
2025.05.19	01:00:29.191	1.32761				2
2025.05.19	01:00:29.497	1.32764				2
2025.05.19	01:00:30.113	1.32765				2
2025.05.19	01:00:30.732	1.32764				2
2025.05.19	01:00:31.047	1.32766				2
2025.05.19	01:00:31.956	1.32787	1.32856			6
2025.05.19	01:00:34.409		1.32862			4
2025.05.19	01:00:34.715	1.32781				2
2025.05.19	01:00:35.625	1.32806				2
2025.05.19	01:00:36.541	1.32781	1.32864			6
2025.05.19	01:00:42.065	1.32806	1.32841			6
2025.05.19	01:00:49.389		1.32838			4
2025.05.19	01:00:49.694	1.32830	1.32845			6
2025.05.19	01:00:49.997	1.32824				2
2025.05.19	01:00:54.589		1.32841			4
2025.05.19	01:00:55.810		1.32861			4
2025.05.19	01:00:56.122	1.32806				2
2025.05.19	01:00:59.790	1.32798				2
2025.05.19	01:01:00.100	1.32798				2
2025.05.19	01:01:01.006	1.32832	1.32839			6
2025.05.19	01:01:01.312	1.32836	1.32837			6
2025.05.19	01:01:01.622		1.32840			4
2025.05.19	01:01:03.153	1.32834	1.32835			6
2025.05.19	01:01:03.459	1.32824	1.32832			6
2025.05.19	01:01:04.078	1.32823	1.32851			6
2025.05.19	01:01:05.300	1.32835	1.32841			6
2025.05.19	01:01:06.216	1.32845	1.32851			6
2025.05.19	01:01:08.378	1.32842	1.32848			6
2025.05.19	01:01:08.982	1.32839	1.32845			6
2025.05.19	01:01:09.284	1.32845	1.32851			6
2025.05.19	01:01:09.900	1.32844	1.32850			6
2025.05.19	01:01:10.209	1.32840	1.32846			6
2025.05.19	01:01:10.523	1.32839	1.32845			6
2025.05.19	01:01:12.668	1.32844	1.32850			6
2025.05.19	01:01:13.277	1.32841	1.32847			6
2025.05.19	01:01:13.896	1.32839	1.32845			6
2025.05.19	01:01:15.128	1.32843	1.32849			6
2025.05.19	01:01:17.586	1.32844	1.32850			6
2025.05.19	01:01:18.498	1.32847	1.32853			6
2025.05.19	01:01:20.330	1.32852	1.32858			6
2025.05.19	01:01:21.852	1.32848	1.32854			6
2025.05.19	01:01:22.160	1.32847	1.32853			6
2025.05.19	01:01:25.822	1.32849	1.32855			6
2025.05.19	01:01:26.741	1.32852	1.32858			6
2025.05.19	01:01:27.044	1.32848	1.32854			6
2025.05.19	01:01:27.665	1.32850	1.32856			6
2025.05.19	01:01:27.972	1.32848	1.32854			6
2025.05.19	01:01:29.196	1.32849	1.32855			6
2025.05.19	01:01:29.500	1.32848	1.32854			6
2025.05.19	01:01:32.258	1.32849				2
2025.05.19	01:01:51.224		1.32853			4
2025.05.19	01:01:53.675	1.32850	1.32854			6
2025.05.19	01:01:56.420	1.32849	1.32853			6
2025.05.19	01:01:57.337	1.32850	1.32854			6
2025.05.19	01:01:58.547	1.32849	1.32853			6
2025.05.19	01:02:00.085	1.32849				2
2025.05.19	01:02:00.693	1.32856	1.32860			6
2025.05.19	01:02:04.352	1.32857	1.32861			6
2025.05.19	01:02:07.087	1.32855	1.32859			6
2025.05.19	01:02:07.391	1.32854	1.32858			6
2025.05.19	01:02:12.587	1.32858	1.32862			6
2025.05.19	01:02:14.420	1.32860	1.32864			6
2025.05.19	01:02:15.039	1.32864	1.32868			6
2025.05.19	01:02:18.096	1.32865	1.32869			6
2025.05.19	01:02:19.921	1.32858	1.32862			6
2025.05.19	01:02:21.153		1.32863			4
2025.05.19	01:02:23.294		1.32862			4
2025.05.19	01:02:25.137	1.32859	1.32863			6
2025.05.19	01:02:47.823	1.32854	1.32858			6
2025.05.19	01:02:48.124	1.32853	1.32857			6
2025.05.19	01:02:50.278	1.32857	1.32861			6
2025.05.19	01:02:54.860	1.32861	1.32865			6
2025.05.19	01:02:55.163	1.32865	1.32869			6
2025.05.19	01:02:55.470	1.32866	1.32870			6
2025.05.19	01:02:56.086	1.32863	1.32867			6
2025.05.19	01:02:56.389	1.32867	1.32871			6
2025.05.19	01:02:58.230	1.32872	1.32876			6
2025.05.19	01:02:58.538	1.32876	1.32880			6
2025.05.19	01:02:58.842	1.32904	1.32908			6
2025.05.19	01:02:59.147	1.32901	1.32915			6
2025.05.19	01:02:59.464	1.32900	1.32910			6
2025.05.19	01:03:00.077	1.32900				2
2025.05.19	01:03:00.687	1.32895	1.32909			6
2025.05.19	01:03:01.002	1.32894				2
2025.05.19	01:03:03.476		1.32911			4
2025.05.19	01:03:04.400	1.32885	1.32904			6
2025.05.19	01:03:05.015	1.32883	1.32890			6
2025.05.19	01:03:08.369	1.32885	1.32903			6
2025.05.19	01:03:11.771	1.32888	1.32895			6
2025.05.19	01:03:12.695	1.32887	1.32894			6
2025.05.19	01:03:16.667	1.32888	1.32895			6
2025.05.19	01:03:17.280	1.32892	1.32899			6
2025.05.19	01:03:17.580	1.32893	1.32900			6
2025.05.19	01:03:17.887	1.32890	1.32897			6
2025.05.19	01:03:18.198	1.32893	1.32909			6
2025.05.19	01:03:20.366	1.32904	1.32911			6
2025.05.19	01:03:21.283	1.32903	1.32910			6
2025.05.19	01:03:21.893	1.32901	1.32908			6
2025.05.19	01:03:23.122	1.32902	1.32909			6
2025.05.19	01:03:23.425	1.32904	1.32911			6
2025.05.19	01:03:24.959	1.32902	1.32909			6
2025.05.19	01:03:26.506	1.32901	1.32908			6
2025.05.19	01:03:28.043	1.32904	1.32911			6
2025.05.19	01:03:28.346	1.32905	1.32912			6
2025.05.19	01:03:29.261	1.32911	1.32918			6
2025.05.19	01:03:29.567	1.32910	1.32917			6
2025.05.19	01:03:30.176	1.32906	1.32913			6
2025.05.19	01:03:30.793	1.32911	1.32918			6
2025.05.19	01:03:31.400	1.32907	1.32914			6
2025.05.19	01:03:34.456	1.32917	1.32924			6
2025.05.19	01:03:34.760	1.32925	1.32932			6
2025.05.19	01:03:43.384	1.32919	1.32926			6
2025.05.19	01:03:45.526	1.32924	1.32931			6
2025.05.19	01:03:45.837	1.32929	1.32936			6
2025.05.19	01:03:46.139	1.32932	1.32939			6
2025.05.19	01:03:46.445	1.32928	1.32935			6
2025.05.19	01:03:47.660	1.32934	1.32941			6
2025.05.19	01:03:47.962	1.32939	1.32946			6
2025.05.19	01:03:48.267	1.32941				2
2025.05.19	01:03:48.576	1.32938	1.32945			6
2025.05.19	01:03:49.497	1.32937	1.32944			6
2025.05.19	01:03:50.109	1.32936	1.32943			6
2025.05.19	01:03:50.413	1.32937	1.32944			6
2025.05.19	01:03:52.263	1.32934	1.32941			6
2025.05.19	01:03:58.679	1.32935	1.32942			6
2025.05.19	01:04:00.207	1.32935				2
2025.05.19	01:04:00.509	1.32937	1.32944			6
2025.05.19	01:04:02.362		1.32943			4
2025.05.19	01:04:04.490	1.32941	1.32947			6
2025.05.19	01:04:04.793	1.32940	1.32946			6
2025.05.19	01:04:05.093	1.32938	1.32944			6
2025.05.19	01:04:05.396	1.32940	1.32946			6
2025.05.19	01:04:07.544	1.32941	1.32947			6
2025.05.19	01:04:10.908	1.32940	1.32946			6
2025.05.19	01:04:11.519	1.32938	1.32944			6
2025.05.19	01:04:20.106		1.32943			4
2025.05.19	01:04:25.320	1.32937	1.32942			6
2025.05.19	01:04:25.930	1.32943	1.32948			6
2025.05.19	01:04:26.235	1.32935	1.32940			6
2025.05.19	01:04:27.159	1.32934				2
2025.05.19	01:04:27.474	1.32925	1.32931			6
2025.05.19	01:04:28.389	1.32924	1.32930			6
2025.05.19	01:04:29.916	1.32927	1.32933			6
2025.05.19	01:04:35.120		1.32932			4
2025.05.19	01:04:35.424	1.32925	1.32930			6
2025.05.19	01:04:35.734	1.32923	1.32928			6
2025.05.19	01:04:39.122	1.32926	1.32931			6
2025.05.19	01:04:43.737	1.32928	1.32933			6
2025.05.19	01:04:46.815	1.32929	1.32934			6
2025.05.19	01:04:47.731	1.32933	1.32938			6
2025.05.19	01:04:51.701	1.32931	1.32936			6
2025.05.19	01:04:52.318	1.32930	1.32935			6
2025.05.19	01:04:54.156	1.32933	1.32937			6
2025.05.19	01:04:54.464	1.32930	1.32934			6
2025.05.19	01:04:54.774	1.32933	1.32937			6
2025.05.19	01:04:55.382	1.32932	1.32936			6
2025.05.19	01:04:57.205	1.32933	1.32937			6
2025.05.19	01:04:57.506	1.32936	1.32940			6
2025.05.19	01:04:58.739	1.32934	1.32938			6
2025.05.19	01:04:59.979	1.32932	1.32936			6
2025.05.19	01:05:00.284	1.32932				2
2025.05.19	01:05:00.596	1.32929	1.32933			6
2025.05.19	01:05:00.905	1.32928	1.32932			6
2025.05.19	01:05:06.739	1.32924	1.32928			6
2025.05.19	01:05:07.041	1.32918	1.32922			6
2025.05.19	01:05:07.345	1.32917				2
2025.05.19	01:05:12.856	1.32918	1.32923			6
2025.05.19	01:05:13.159		1.32922			4
2025.05.19	01:05:14.690	1.32919	1.32923			6
2025.05.19	01:05:14.999	1.32918	1.32922			6
2025.05.19	01:05:17.457	1.32916	1.32920			6
2025.05.19	01:05:22.646	1.32917	1.32921			6
2025.05.19	01:05:26.609	1.32925	1.32929			6
2025.05.19	01:05:26.910	1.32927	1.32931			6
2025.05.19	01:05:27.216	1.32928	1.32932			6
2025.05.19	01:05:29.050	1.32931	1.32935			6
2025.05.19	01:05:29.358	1.32928	1.32932			6
2025.05.19	01:05:33.013	1.32927	1.32931			6
2025.05.19	01:05:34.229	1.32928	1.32932			6
2025.05.19	01:05:35.155	1.32927	1.32931			6
2025.05.19	01:05:36.080	1.32928	1.32932			6
2025.05.19	01:05:47.126	1.32926	1.32930			6
2025.05.19	01:05:49.272	1.32927				2
2025.05.19	01:05:49.877	1.32925	1.32928			6
2025.05.19	01:05:50.182	1.32926	1.32929			6
2025.05.19	01:06:00.003	1.32926				2
2025.05.19	01:06:07.047		1.32927			4
2025.05.19	01:06:10.407	1.32923	1.32924			6
2025.05.19	01:06:18.946	1.32924	1.32925			6
2025.05.19	01:06:21.697	1.32928	1.32929			6
2025.05.19	01:06:21.999	1.32932	1.32933			6
2025.05.19	01:06:25.989	1.32933	1.32934			6
2025.05.19	01:06:31.506	1.32936	1.32937			6
2025.05.19	01:06:31.816	1.32938	1.32939			6
2025.05.19	01:06:34.570	1.32937	1.32938			6
2025.05.19	01:06:34.880	1.32934	1.32935			6
2025.05.19	01:06:40.670	1.32933	1.32934			6
2025.05.19	01:06:40.975	1.32932	1.32933			6
2025.05.19	01:06:41.279	1.32934	1.32935			6
2025.05.19	01:06:47.400	1.32933	1.32934			6
2025.05.19	01:06:48.632	1.32932	1.32933			6
2025.05.19	01:06:48.939	1.32933	1.32934			6
2025.05.19	01:07:00.267	1.32933				2
2025.05.19	01:07:01.183	1.32937	1.32938			6
2025.05.19	01:07:10.393	1.32940	1.32941			6
2025.05.19	01:07:11.628	1.32939	1.32940			6
2025.05.19	01:07:15.932	1.32940	1.32941			6
2025.05.19	01:07:20.243	1.32941	1.32942			6
2025.05.19	01:08:00.243	1.32941				2
2025.05.19	01:08:01.165	1.32945	1.32948			6
2025.05.19	01:08:02.087	1.32941	1.32942			6
2025.05.19	01:08:03.010	1.32944	1.32945			6
2025.05.19	01:08:03.318	1.32943	1.32944			6
2025.05.19	01:08:08.836	1.32944	1.32946			6
2025.05.19	01:08:30.713	1.32942	1.32943			6
2025.05.19	01:08:31.947	1.32941	1.32942			6
2025.05.19	01:08:32.258	1.32942	1.32943			6
2025.05.19	01:08:32.567	1.32941	1.32942			6
2025.05.19	01:08:42.068	1.32930	1.32932			6
2025.05.19	01:08:43.297	1.32929	1.32933			6
2025.05.19	01:08:44.525	1.32936	1.32937			6
2025.05.19	01:08:44.830	1.32938	1.32939			6
2025.05.19	01:08:46.668		1.32942			4
2025.05.19	01:08:47.279		1.32940			4
2025.05.19	01:09:00.168	1.32938				2
2025.05.19	01:09:00.784	1.32943	1.32945			6
2025.05.19	01:09:05.699		1.32947			4
2025.05.19	01:09:09.684	1.32944	1.32948			6
2025.05.19	01:09:17.342	1.32943	1.32947			6
2025.05.19	01:09:18.269	1.32944				2
2025.05.19	01:09:36.996	1.32945	1.32948			6
2025.05.19	01:09:37.299	1.32946	1.32949			6
2025.05.19	01:09:37.602	1.32944	1.32947			6
2025.05.19	01:09:42.838	1.32939	1.32942			6
2025.05.19	01:09:43.453	1.32943	1.32946			6
2025.05.19	01:09:43.758	1.32942	1.32945			6
2025.05.19	01:09:46.844	1.32944	1.32947			6
2025.05.19	01:09:58.855	1.32945	1.32948			6
2025.05.19	01:10:00.090	1.32945				2
2025.05.19	01:10:08.995	1.32944	1.32947			6
2025.05.19	01:10:10.550	1.32943	1.32946			6
2025.05.19	01:10:11.474	1.32939	1.32942			6
2025.05.19	01:10:22.910	1.32940	1.32943			6
2025.05.19	01:10:26.904	1.32939	1.32942			6
2025.05.19	01:10:27.209		1.32940			4
2025.05.19	01:10:29.371		1.32942			4
2025.05.19	01:10:29.679	1.32940	1.32941			6
2025.05.19	01:10:32.466		1.32942			4
2025.05.19	01:10:35.230		1.32941			4
2025.05.19	01:10:36.460	1.32939	1.32942			6
2025.05.19	01:10:41.381	1.32937	1.32940			6
2025.05.19	01:10:49.384	1.32939	1.32942			6
2025.05.19	01:10:58.029	1.32943	1.32946			6
2025.05.19	01:10:58.340	1.32944	1.32947			6
2025.05.19	01:11:00.189	1.32944				2
2025.05.19	01:11:04.840	1.32945	1.32948			6
2025.05.19	01:11:15.024	1.32944	1.32947			6
2025.05.19	01:11:18.409	1.32945	1.32948			6
2025.05.19	01:11:20.245	1.32944	1.32947			6
2025.05.19	01:11:41.587	1.32945	1.32948			6
2025.05.19	01:11:41.895	1.32955	1.32956			6
2025.05.19	01:11:42.208	1.32953	1.32957			6
2025.05.19	01:11:43.142	1.32955	1.32959			6
2025.05.19	01:11:46.230	1.32961	1.32965			6
2025.05.19	01:11:46.840	1.32959	1.32963			6
2025.05.19	01:11:47.161	1.32961	1.32965			6
2025.05.19	01:11:47.468	1.32960	1.32964			6
2025.05.19	01:11:47.771	1.32959	1.32963			6
2025.05.19	01:11:49.016	1.32963	1.32967			6
2025.05.19	01:11:51.483	1.32962	1.32966			6
2025.05.19	01:12:00.149	1.32962				2
2025.05.19	01:12:01.387	1.32963	1.32967			6
2025.05.19	01:12:01.691	1.32962	1.32966			6
2025.05.19	01:12:02.007	1.32964	1.32968			6
2025.05.19	01:12:02.312	1.32963	1.32967			6
2025.05.19	01:12:09.721	1.32962	1.32966			6
2025.05.19	01:12:14.687	1.32960	1.32964			6
2025.05.19	01:12:15.309	1.32962	1.32966			6
2025.05.19	01:12:24.928	1.32960	1.32964			6
2025.05.19	01:12:25.238	1.32959	1.32963			6
2025.05.19	01:12:25.854		1.32962			4
2025.05.19	01:12:26.477	1.32955	1.32959			6
2025.05.19	01:12:26.784	1.32953	1.32957			6
2025.05.19	01:12:28.975	1.32955	1.32959			6
2025.05.19	01:12:41.406	1.32956	1.32960			6
2025.05.19	01:12:44.811	1.32955	1.32959			6
2025.05.19	01:12:45.133	1.32956	1.32960			6
2025.05.19	01:12:46.054	1.32955	1.32959			6
2025.05.19	01:12:55.678	1.32956	1.32960			6
2025.05.19	01:13:00.005	1.32956				2
2025.05.19	01:13:03.107	1.32959	1.32963			6
2025.05.19	01:13:07.456	1.32963	1.32967			6
2025.05.19	01:13:07.775	1.32962	1.32966			6
2025.05.19	01:13:13.665	1.32963	1.32967			6
2025.05.19	01:13:15.220	1.32962	1.32966			6
2025.05.19	01:13:15.534	1.32963	1.32967			6
2025.05.19	01:13:28.832	1.32962	1.32966			6
2025.05.19	01:13:32.552	1.32963	1.32967			6
2025.05.19	01:13:33.787	1.32961	1.32965			6
2025.05.19	01:13:34.715	1.32962	1.32966			6
2025.05.19	01:13:40.594	1.32963	1.32967			6
2025.05.19	01:13:44.625	1.32964	1.32968			6
2025.05.19	01:13:45.556	1.32965	1.32969			6
2025.05.19	01:13:46.172	1.32966	1.32970			6
2025.05.19	01:13:59.156	1.32967				2
2025.05.19	01:14:00.069	1.32967				2
2025.05.19	01:14:00.681	1.32969	1.32972			6
2025.05.19	01:14:02.207		1.32973			4
2025.05.19	01:14:05.620	1.32968	1.32972			6
2025.05.19	01:14:10.877	1.32969	1.32973			6
2025.05.19	01:14:11.494	1.32968	1.32972			6
2025.05.19	01:14:11.804	1.32969	1.32973			6
2025.05.19	01:14:12.732	1.32968	1.32972			6
2025.05.19	01:14:15.222	1.32974	1.32975			6
2025.05.19	01:14:19.215	1.32975	1.32976			6
2025.05.19	01:14:26.303	1.32976	1.32977			6
2025.05.19	01:14:33.099	1.32975	1.32976			6
2025.05.19	01:14:35.239	1.32976	1.32977			6
2025.05.19	01:14:37.074	1.32980	1.32983			6
2025.05.19	01:14:37.379	1.32979	1.32980			6
2025.05.19	01:14:39.853	1.32975	1.32976			6
2025.05.19	01:14:41.409	1.32974	1.32977			6
2025.05.19	01:14:45.431	1.32976				2
2025.05.19	01:14:46.980	1.32974				2
2025.05.19	01:14:49.139		1.32978			4
2025.05.19	01:14:52.844	1.32975				2
2025.05.19	01:14:55.004	1.32969	1.32973			6
2025.05.19	01:14:55.311	1.32968	1.32972			6
2025.05.19	01:14:56.240	1.32969				2
2025.05.19	01:14:56.855	1.32968				2
2025.05.19	01:15:00.265	1.32972	1.32973			6
2025.05.19	01:15:04.284	1.32973	1.32974			6
2025.05.19	01:15:04.898	1.32972	1.32973			6
2025.05.19	01:15:06.750	1.32971	1.32972			6
2025.05.19	01:15:08.307	1.32972	1.32973			6
2025.05.19	01:15:08.616	1.32971	1.32972			6
2025.05.19	01:15:22.198	1.32972	1.32973			6
2025.05.19	01:15:24.348	1.32971	1.32972			6
2025.05.19	01:15:24.968	1.32972	1.32973			6
2025.05.19	01:15:25.894	1.32971				2
2025.05.19	01:15:31.423	1.32970	1.32974			6
2025.05.19	01:15:33.270		1.32973			4
2025.05.19	01:15:34.201	1.32972				2
2025.05.19	01:15:40.686		1.32976			4
2025.05.19	01:15:40.991	1.32973	1.32977			6
2025.05.19	01:15:49.356	1.32966	1.32970			6
2025.05.19	01:15:50.287		1.32971			4
2025.05.19	01:15:51.513	1.32965	1.32970			6
2025.05.19	01:15:55.229	1.32964	1.32969			6
2025.05.19	01:15:58.323		1.32968			4
2025.05.19	01:16:00.177	1.32964				2
2025.05.19	01:16:02.015	1.32965	1.32969			6
2025.05.19	01:16:05.409	1.32963	1.32967			6
2025.05.19	01:16:05.717	1.32964	1.32968			6
2025.05.19	01:16:06.337	1.32965	1.32969			6
2025.05.19	01:16:11.283	1.32964	1.32968			6
2025.05.19	01:16:11.593	1.32963	1.32967			6
2025.05.19	01:16:12.203	1.32964	1.32968			6
2025.05.19	01:16:12.823	1.32963	1.32967			6
2025.05.19	01:16:14.671	1.32965				2
2025.05.19	01:16:15.904	1.32972	1.32975			6
2025.05.19	01:16:16.840		1.32976			4
2025.05.19	01:16:17.150		1.32977			4
2025.05.19	01:16:18.999	1.32973	1.32978			6
2025.05.19	01:16:30.423	1.32974				2
2025.05.19	01:16:35.367	1.32977	1.32981			6
2025.05.19	01:16:37.542		1.32982			4
2025.05.19	01:16:38.782		1.32981			4
2025.05.19	01:16:39.711	1.32976	1.32980			6
2025.05.19	01:16:50.256	1.32975				2
2025.05.19	01:16:56.736		1.32979			4
2025.05.19	01:17:00.138	1.32975				2
2025.05.19	01:17:03.544	1.32976	1.32980			6
2025.05.19	01:17:10.062	1.32982	1.32986			6
2025.05.19	01:17:10.985	1.32983	1.32987			6
2025.05.19	01:17:11.292		1.32988			4
2025.05.19	01:17:12.849	1.32986	1.32991			6
2025.05.19	01:17:16.260	1.32985	1.32990			6
2025.05.19	01:17:16.873	1.32988	1.32992			6
2025.05.19	01:17:17.485	1.32992	1.32993			6
2025.05.19	01:17:23.041	1.32994	1.32999			6
2025.05.19	01:17:23.359	1.32993	1.32998			6
2025.05.19	01:17:31.701	1.32994	1.32999			6
2025.05.19	01:17:32.010	1.32993	1.32998			6
2025.05.19	01:17:34.176	1.32996	1.33001			6
2025.05.19	01:17:51.296	1.32995	1.33000			6
2025.05.19	01:17:52.229	1.32993	1.32998			6
2025.05.19	01:18:00.278	1.32993				2
2025.05.19	01:18:02.138	1.32994	1.32997			6
2025.05.19	01:18:03.378	1.32993				2
2025.05.19	01:18:11.407	1.32994	1.32998			6
2025.05.19	01:18:37.989	1.32993	1.32997			6
2025.05.19	01:18:56.565	1.32994	1.32998			6
2025.05.19	01:18:56.870	1.32993	1.32997			6
2025.05.19	01:19:00.034	1.32993				2
2025.05.19	01:19:16.160	1.32990	1.32993			6
2025.05.19	01:19:16.466	1.32992	1.32996			6
2025.05.19	01:19:16.778	1.32993	1.32997			6
2025.05.19	01:19:22.984	1.32994	1.32998			6
2025.05.19	01:19:32.569	1.32995				2
2025.05.19	01:19:34.435	1.32996	1.33000			6
2025.05.19	01:19:37.221	1.32995	1.32999			6
2025.05.19	01:19:45.592	1.32996				2
2025.05.19	01:19:46.205	1.32995	1.32997			6
2025.05.19	01:19:47.143	1.32990	1.32991			6
2025.05.19	01:19:47.447	1.32985	1.32987			6
2025.05.19	01:19:48.388		1.32988			4
2025.05.19	01:19:49.315	1.32984				2
2025.05.19	01:19:51.162	1.32986	1.32989			6
2025.05.19	01:19:51.787		1.32990			4
2025.05.19	01:19:53.344	1.32987				2
2025.05.19	01:19:58.289	1.32986				2
2025.05.19	01:19:58.903	1.32988				2
2025.05.19	01:19:59.219	1.32986				2
2025.05.19	01:19:59.839	1.32990	1.32993			6
2025.05.19	01:20:00.147	1.32990				2
2025.05.19	01:20:00.456		1.32992			4
2025.05.19	01:20:01.068		1.32993			4
2025.05.19	01:20:01.998		1.32994			4
2025.05.19	01:20:02.309	1.32991	1.32993			6
2025.05.19	01:20:02.617	1.32990	1.32991			6
2025.05.19	01:20:03.871	1.32991	1.32992			6
2025.05.19	01:20:04.496	1.32986	1.32990			6
2025.05.19	01:20:05.735	1.32987				2
2025.05.19	01:20:10.075	1.32986	1.32987			6
2025.05.19	01:20:10.391	1.32983				2
2025.05.19	01:20:11.319	1.32982				2
2025.05.19	01:20:11.628	1.32983				2
2025.05.19	01:20:12.246	1.32985	1.32990			6
2025.05.19	01:20:13.175	1.32984	1.32989			6
2025.05.19	01:20:13.486	1.32983	1.32988			6
2025.05.19	01:20:15.644	1.32985	1.32989			6
2025.05.19	01:20:15.952	1.32984				2
2025.05.19	01:20:19.042	1.32989	1.32994			6
2025.05.19	01:20:19.348	1.32990				2
2025.05.19	01:20:19.662	1.32989				2
2025.05.19	01:20:20.279	1.32991	1.32996			6
2025.05.19	01:20:20.583	1.32994	1.32998			6
2025.05.19	01:20:21.514	1.32988	1.32993			6
2025.05.19	01:20:21.819		1.32992			4
2025.05.19	01:20:25.225	1.32989	1.32994			6
2025.05.19	01:20:30.178	1.32993	1.32998			6
2025.05.19	01:20:42.221		1.32997			4
2025.05.19	01:20:58.922	1.32989	1.32994			6
2025.05.19	01:20:59.229	1.32992	1.32996			6
2025.05.19	01:20:59.549	1.32994	1.32997			6
2025.05.19	01:20:59.860	1.32993	1.32996			6
2025.05.19	01:21:00.167	1.32993				2
2025.05.19	01:21:02.318	1.32994				2
2025.05.19	01:21:09.751		1.32997			4
2025.05.19	01:21:11.598	1.32993				2
2025.05.19	01:21:13.141	1.32994				2
2025.05.19	01:21:14.067	1.32993				2
2025.05.19	01:21:15.000	1.32992				2
2025.05.19	01:21:15.931	1.32993				2
2025.05.19	01:21:18.087		1.32996			4
2025.05.19	01:21:29.207	1.32992				2
2025.05.19	01:21:29.820	1.32993				2
2025.05.19	01:21:31.059	1.32994				2
2025.05.19	01:21:33.217	1.32993				2
2025.05.19	01:21:44.941	1.32994				2
2025.05.19	01:21:46.176	1.32993				2
2025.05.19	01:21:58.854	1.32992				2
2025.05.19	01:21:59.163		1.32993			4
2025.05.19	01:21:59.469	1.32987	1.32990			6
2025.05.19	01:21:59.781		1.32988			4
2025.05.19	01:22:00.093	1.32987				2
2025.05.19	01:22:06.261	1.32985	1.32986			6
2025.05.19	01:22:06.566	1.32982	1.32987			6
2025.05.19	01:22:08.118	1.32983	1.32988			6
2025.05.19	01:22:09.047		1.32987			4
2025.05.19	01:22:10.276	1.32984				2
2025.05.19	01:22:10.581	1.32983				2
2025.05.19	01:22:11.206		1.32986			4
2025.05.19	01:22:11.523	1.32982				2
2025.05.19	01:22:13.082		1.32985			4
2025.05.19	01:22:17.718	1.32978	1.32983			6
2025.05.19	01:22:18.023		1.32982			4
2025.05.19	01:22:18.953	1.32979				2
2025.05.19	01:22:19.262	1.32978	1.32981			6
2025.05.19	01:22:22.041	1.32979	1.32984			6
2025.05.19	01:22:22.350	1.32980	1.32985			6
2025.05.19	01:22:22.961	1.32979	1.32983			6
2025.05.19	01:22:26.050	1.32978				2
2025.05.19	01:22:29.762		1.32982			4
2025.05.19	01:22:30.072		1.32983			4
2025.05.19	01:22:32.849	1.32979	1.32984			6
2025.05.19	01:22:36.259	1.32984	1.32988			6
2025.05.19	01:22:37.498	1.32988	1.32990			6
2025.05.19	01:22:49.227		1.32991			4
2025.05.19	01:22:54.163	1.32989	1.32994			6
2025.05.19	01:22:57.563	1.32988	1.32993			6
2025.05.19	01:23:00.034	1.32988				2
2025.05.19	01:23:01.267	1.32987	1.32988			6
2025.05.19	01:23:01.889	1.32988	1.32989			6
2025.05.19	01:23:31.843	1.32987	1.32988			6
2025.05.19	01:23:32.150		1.32989			4
2025.05.19	01:23:34.618	1.32978	1.32983			6
2025.05.19	01:23:34.924	1.32974	1.32977			6
2025.05.19	01:23:36.165	1.32975	1.32978			6
2025.05.19	01:23:36.472	1.32978	1.32979			6
2025.05.19	01:23:36.779	1.32974				2
2025.05.19	01:23:38.012		1.32977			4
2025.05.19	01:23:42.328		1.32978			4
2025.05.19	01:23:55.607	1.32975				2
2025.05.19	01:24:00.245	1.32975				2
2025.05.19	01:24:01.790	1.32977				2
2025.05.19	01:24:02.101	1.32978	1.32979			6
2025.05.19	01:24:06.124		1.32982			4
2025.05.19	01:24:07.050		1.32979			4
2025.05.19	01:24:08.901		1.32982			4
2025.05.19	01:24:09.513		1.32979			4
2025.05.19	01:24:13.838	1.32988	1.32989			6
2025.05.19	01:24:14.150		1.32991			4
2025.05.19	01:24:14.759		1.32992			4
2025.05.19	01:24:16.618		1.32990			4
2025.05.19	01:24:23.716	1.32984	1.32987			6
2025.05.19	01:24:30.814	1.32983				2
2025.05.19	01:24:31.120		1.32988			4
2025.05.19	01:24:33.888	1.32984	1.32989			6
2025.05.19	01:24:35.752	1.32988	1.32992			6
2025.05.19	01:24:36.361	1.32989	1.32993			6
2025.05.19	01:24:39.154	1.32988				2
2025.05.19	01:24:39.462	1.32989				2
2025.05.19	01:24:41.939	1.32988				2
2025.05.19	01:24:42.559	1.32989				2
2025.05.19	01:24:43.178	1.32991	1.32995			6
2025.05.19	01:24:43.483	1.32992	1.32996			6
2025.05.19	01:24:46.578	1.32994	1.32998			6
2025.05.19	01:25:00.164	1.32994				2
2025.05.19	01:25:11.925	1.33001	1.33004			6
2025.05.19	01:25:12.227	1.32998	1.33000			6
2025.05.19	01:25:12.529		1.32999			4
2025.05.19	01:25:12.831	1.32993	1.32997			6
2025.05.19	01:25:13.146		1.32998			4
2025.05.19	01:25:13.451	1.32992				2
2025.05.19	01:25:13.765		1.32997			4
2025.05.19	01:25:14.073	1.32991				2
2025.05.19	01:25:17.160	1.32992				2
2025.05.19	01:25:17.462	1.32991	1.32995			6
2025.05.19	01:25:19.631	1.32990				2
2025.05.19	01:25:20.872		1.32994			4
2025.05.19	01:25:40.954	1.32993	1.32996			6
2025.05.19	01:25:41.264	1.32994				2
2025.05.19	01:25:45.285	1.32992				2
2025.05.19	01:25:51.153	1.32995				2
2025.05.19	01:25:51.460		1.32999			4
2025.05.19	01:25:52.706		1.33000			4
2025.05.19	01:25:53.628	1.33001	1.33002			6
2025.05.19	01:25:53.938	1.33002	1.33004			6
2025.05.19	01:25:54.250		1.33005			4
2025.05.19	01:25:54.554	1.32997	1.32998			6
2025.05.19	01:25:54.860		1.32999			4
2025.05.19	01:25:55.485		1.32998			4
2025.05.19	01:25:58.579	1.32992				2
2025.05.19	01:25:59.810		1.32997			4
2025.05.19	01:26:00.120	1.32992				2
2025.05.19	01:26:03.205	1.32993				2
2025.05.19	01:26:03.814	1.32992				2
2025.05.19	01:26:05.975	1.32993	1.32996			6
2025.05.19	01:26:13.056	1.32995	1.32997			6
2025.05.19	01:26:17.376		1.32996			4
2025.05.19	01:26:27.887	1.32994				2
2025.05.19	01:26:32.217	1.32992				2
2025.05.19	01:26:33.141	1.32995				2
2025.05.19	01:26:53.211	1.32994	1.32998			6
2025.05.19	01:26:53.517		1.32997			4
2025.05.19	01:26:54.427		1.32996			4
2025.05.19	01:27:00.293	1.32994	1.32995			6
2025.05.19	01:27:09.445	1.32995	1.32996			6
2025.05.19	01:27:14.021	1.32998	1.32999			6
2025.05.19	01:27:17.736	1.32999	1.33000			6
2025.05.19	01:27:38.726	1.32998	1.32999			6
2025.05.19	01:27:41.191	1.32996	1.32997			6
2025.05.19	01:27:41.804	1.32998	1.32999			6
2025.05.19	01:27:56.938	1.32996	1.32997			6
2025.05.19	01:27:57.556	1.32998	1.32999			6
2025.05.19	01:28:00.026	1.32998				2
2025.05.19	01:28:15.806	1.32999	1.33000			6
2025.05.19	01:28:19.208	1.32998	1.32999			6
2025.05.19	01:28:33.367	1.33002	1.33003			6
2025.05.19	01:28:35.822	1.33004	1.33005			6
2025.05.19	01:28:36.130	1.32996	1.32998			6
2025.05.19	01:28:36.437		1.32997			4
2025.05.19	01:28:36.744		1.32998			4
2025.05.19	01:28:37.357	1.32999	1.33000			6
2025.05.19	01:28:39.210	1.32997	1.32998			6
2025.05.19	01:28:40.431	1.32998	1.32999			6
2025.05.19	01:28:47.513	1.32993	1.32997			6
2025.05.19	01:28:48.134	1.32996				2
2025.05.19	01:29:00.176	1.32996				2
2025.05.19	01:29:03.262	1.32990	1.32993			6
2025.05.19	01:29:03.570	1.32989	1.32992			6
2025.05.19	01:29:04.191	1.32992	1.32996			6
2025.05.19	01:29:04.498	1.32990	1.32994			6
2025.05.19	01:29:05.114	1.32991	1.32995			6
2025.05.19	01:29:06.045	1.32990	1.32994			6
2025.05.19	01:29:08.210	1.32991	1.32995			6
2025.05.19	01:29:10.052	1.33000	1.33001			6
2025.05.19	01:29:10.359	1.33001	1.33002			6
2025.05.19	01:29:11.600	1.32996	1.32999			6
2025.05.19	01:29:12.534	1.33004	1.33005			6
2025.05.19	01:29:12.841	1.33015	1.33016			6
2025.05.19	01:29:14.689	1.33019	1.33020			6
2025.05.19	01:29:14.997	1.33018	1.33019			6
2025.05.19	01:29:17.758	1.33014	1.33015			6
2025.05.19	01:29:18.059		1.33016			4
2025.05.19	01:29:23.954		1.33017			4
2025.05.19	01:29:29.222		1.33019			4
2025.05.19	01:29:29.847		1.33017			4
2025.05.19	01:29:34.478		1.33015			4
2025.05.19	01:29:34.788	1.33009	1.33014			6
2025.05.19	01:29:36.649		1.33011			4
2025.05.19	01:29:36.951		1.33012			4
2025.05.19	01:29:37.265		1.33014			4
2025.05.19	01:29:37.567		1.33012			4
2025.05.19	01:29:43.715	1.33013	1.33015			6
2025.05.19	01:29:44.021		1.33014			4
2025.05.19	01:29:44.936	1.33012	1.33013			6
2025.05.19	01:29:45.240	1.33008	1.33012			6
2025.05.19	01:29:47.718	1.33009				2
2025.05.19	01:29:48.033	1.33008				2
2025.05.19	01:29:55.750	1.33004	1.33011			6
2025.05.19	01:29:56.368	1.33003	1.33010			6
2025.05.19	01:29:57.298		1.33009			4
2025.05.19	01:29:57.609		1.33008			4
2025.05.19	01:30:00.092	1.33003	1.33010			6
2025.05.19	01:30:00.402	1.33007	1.33014			6
2025.05.19	01:30:01.022	1.33008	1.33013			6
2025.05.19	01:30:01.954	1.33007	1.33010			6
2025.05.19	01:30:02.258		1.33014			4
2025.05.19	01:30:04.731	1.33008	1.33012			6
2025.05.19	01:30:05.035		1.33014			4
2025.05.19	01:30:06.277		1.33013			4
2025.05.19	01:30:07.197	1.33007				2
2025.05.19	01:30:13.704		1.33012			4
2025.05.19	01:30:22.054		1.33013			4
2025.05.19	01:30:23.592	1.33009	1.33015			6
2025.05.19	01:30:23.901	1.33010	1.33016			6
2025.05.19	01:30:26.054	1.33012				2
2025.05.19	01:30:26.368	1.33013	1.33017			6
2025.05.19	01:30:26.675		1.33018			4
2025.05.19	01:30:26.982	1.33012				2
2025.05.19	01:30:27.292	1.33017	1.33021			6
2025.05.19	01:30:27.601		1.33023			4
2025.05.19	01:30:27.902	1.33018				2
2025.05.19	01:30:32.558	1.33017				2
2025.05.19	01:30:34.707		1.33022			4
2025.05.19	01:30:40.880		1.33023			4
2025.05.19	01:30:43.037		1.33021			4
2025.05.19	01:30:43.342	1.33016				2
2025.05.19	01:30:43.654		1.33020			4
2025.05.19	01:30:45.212		1.33018			4
2025.05.19	01:30:45.523	1.33012	1.33016			6
2025.05.19	01:30:46.767	1.33010				2
2025.05.19	01:30:47.385	1.33012				2
2025.05.19	01:30:47.705	1.33013	1.33018			6
2025.05.19	01:30:48.009		1.33019			4
2025.05.19	01:30:48.639	1.33014				2
2025.05.19	01:30:50.487	1.33013				2
2025.05.19	01:30:51.099	1.33014	1.33020			6
2025.05.19	01:30:51.410	1.33015	1.33021			6
2025.05.19	01:30:53.880	1.33013	1.33019			6
2025.05.19	01:30:54.184		1.33018			4
2025.05.19	01:30:54.808	1.33010	1.33016			6
2025.05.19	01:30:55.112	1.33009	1.33015			6
2025.05.19	01:30:56.351	1.33007	1.33009			6
2025.05.19	01:30:56.665		1.33010			4
2025.05.19	01:30:57.283		1.33011			4
2025.05.19	01:31:00.059	1.33007				2
2025.05.19	01:31:00.985	1.33002	1.33007			6
2025.05.19	01:31:01.288		1.33008			4
2025.05.19	01:31:01.916	1.33001	1.33007			6
2025.05.19	01:31:07.760	1.32999	1.33005			6
2025.05.19	01:31:08.690	1.33000	1.33006			6
2025.05.19	01:31:09.627	1.33001	1.33007			6
2025.05.19	01:31:10.550		1.33006			4
2025.05.19	01:31:10.857		1.33007			4
2025.05.19	01:31:11.163		1.33006			4
2025.05.19	01:31:11.787		1.33007			4
2025.05.19	01:31:15.488	1.33004	1.33009			6
2025.05.19	01:31:20.431	1.33006				2
2025.05.19	01:31:20.736	1.33007	1.33013			6
2025.05.19	01:31:21.358	1.33009	1.33012			6
2025.05.19	01:31:22.903	1.33008				2
2025.05.19	01:31:23.206	1.33003	1.33008			6
2025.05.19	01:31:23.511	1.33007	1.33010			6
2025.05.19	01:31:25.984	1.33006	1.33009			6
2025.05.19	01:31:30.123	1.33005				2
2025.05.19	01:31:32.288		1.33010			4
2025.05.19	01:31:33.224	1.33012	1.33017			6
2025.05.19	01:31:34.163	1.33014				2
2025.05.19	01:31:34.468		1.33019			4
2025.05.19	01:31:36.343		1.33020			4
2025.05.19	01:31:36.960	1.33012	1.33018			6
2025.05.19	01:31:37.277	1.33008	1.33012			6
2025.05.19	01:31:38.527	1.33004	1.33007			6
2025.05.19	01:31:38.835	1.33002				2
2025.05.19	01:31:39.764	1.33001				2
2025.05.19	01:31:40.690		1.33006			4
2025.05.19	01:31:42.862	1.33003	1.33009			6
2025.05.19	01:31:45.960	1.33008	1.33011			6
2025.05.19	01:31:46.265		1.33013			4
2025.05.19	01:31:52.759	1.33007	1.33010			6
2025.05.19	01:31:53.382	1.33003	1.33008			6
2025.05.19	01:31:53.690	1.33002	1.33007			6
2025.05.19	01:31:54.310		1.33008			4
2025.05.19	01:31:54.613	1.33003	1.33009			6
2025.05.19	01:31:56.170	1.33007	1.33012			6
2025.05.19	01:32:00.220	1.33007	1.33009			6
2025.05.19	01:32:00.524		1.33011			4
2025.05.19	01:32:00.833		1.33012			4
2025.05.19	01:32:06.407	1.33004	1.33008			6
2025.05.19	01:32:06.727	1.33002				2
2025.05.19	01:32:07.653		1.33007			4
2025.05.19	01:32:07.959		1.33006			4
2025.05.19	01:32:08.565	1.33000	1.33002			6
2025.05.19	01:32:08.867	1.32995	1.32999			6
2025.05.19	01:32:09.177	1.32997	1.33001			6
2025.05.19	01:32:09.482	1.32999	1.33005			6
2025.05.19	01:32:09.800	1.33000				2
2025.05.19	01:32:10.107		1.33006			4
2025.05.19	01:32:11.662	1.32998	1.33005			6
2025.05.19	01:32:11.969	1.32999				2
2025.05.19	01:32:12.285	1.32998	1.33004			6
2025.05.19	01:32:12.898	1.32999				2
2025.05.19	01:32:13.830	1.32998				2
2025.05.19	01:32:14.140	1.32996	1.33002			6
2025.05.19	01:32:16.293		1.33000			4
2025.05.19	01:32:16.612		1.33001			4
2025.05.19	01:32:18.449	1.32997				2
2025.05.19	01:32:19.072	1.32995	1.33000			6
2025.05.19	01:32:19.383		1.33001			4
2025.05.19	01:32:19.995		1.33000			4
2025.05.19	01:32:24.010		1.33001			4
2025.05.19	01:32:32.048		1.33000			4
2025.05.19	01:32:32.356		1.32999			4
2025.05.19	01:32:33.914		1.33000			4
2025.05.19	01:32:35.448		1.33001			4
2025.05.19	01:32:38.241	1.32996				2
2025.05.19	01:32:40.080		1.33000			4
2025.05.19	01:32:46.252	1.32995	1.32997			6
2025.05.19	01:32:47.477		1.32998			4
2025.05.19	01:32:50.243	1.32996	1.33001			6
2025.05.19	01:32:50.862	1.32998	1.33003			6
2025.05.19	01:32:56.111	1.33001	1.33006			6
2025.05.19	01:32:56.420	1.33002				2
2025.05.19	01:32:56.728	1.33001				2
2025.05.19	01:33:00.149	1.32999	1.33001			6
2025.05.19	01:33:00.461	1.32993	1.32998			6
2025.05.19	01:33:01.401	1.32992	1.32997			6
2025.05.19	01:33:03.247		1.32996			4
2025.05.19	01:33:11.576	1.32995	1.32999			6
2025.05.19	01:33:12.500	1.32996				2
2025.05.19	01:33:14.044	1.32998	1.33004			6
2025.05.19	01:33:14.356	1.32999	1.33005			6
2025.05.19	01:33:14.963	1.32997	1.33003			6
2025.05.19	01:33:20.822	1.32998				2
2025.05.19	01:33:21.122	1.32997				2
2025.05.19	01:33:21.754	1.32998				2
2025.05.19	01:33:22.981	1.32997				2
2025.05.19	01:33:23.900		1.33002			4
2025.05.19	01:33:26.369	1.32998				2
2025.05.19	01:33:26.682	1.32997				2
2025.05.19	01:33:30.371	1.32998	1.33003			6
2025.05.19	01:33:30.681	1.32999	1.33004			6
2025.05.19	01:33:33.463	1.32997	1.33001			6
2025.05.19	01:33:34.080		1.33000			4
2025.05.19	01:33:34.701	1.32998				2
2025.05.19	01:33:35.305	1.32994	1.32998			6
2025.05.19	01:33:36.226	1.32993				2
2025.05.19	01:33:38.387		1.32995			4
2025.05.19	01:33:38.695	1.32990				2
2025.05.19	01:33:38.999	1.32989	1.32994			6
2025.05.19	01:33:44.251	1.32988	1.32993			6
2025.05.19	01:33:46.100	1.32989	1.32994			6
2025.05.19	01:33:47.340	1.32990				2
2025.05.19	01:33:47.959		1.32993			4
2025.05.19	01:33:50.117	1.32997	1.33000			6
2025.05.19	01:33:53.497		1.32999			4
2025.05.19	01:33:56.606	1.32998	1.33004			6
2025.05.19	01:33:58.768	1.32999				2
2025.05.19	01:34:00.011	1.32999				2
2025.05.19	01:34:16.115	1.32998	1.33003			6
2025.05.19	01:34:25.982	1.32999	1.33004			6
2025.05.19	01:34:26.293	1.33000				2
2025.05.19	01:34:28.139		1.33003			4
2025.05.19	01:34:35.483	1.32998	1.33001			6
2025.05.19	01:34:37.322		1.33000			4
2025.05.19	01:34:39.163		1.32999			4
2025.05.19	01:34:44.987	1.32999	1.33000			6
2025.05.19	01:34:48.644	1.32998	1.32999			6
2025.05.19	01:34:51.992	1.33000	1.33002			6
2025.05.19	01:34:52.298		1.33003			4
2025.05.19	01:34:56.618	1.33008	1.33011			6
2025.05.19	01:35:00.005	1.33008				2
2025.05.19	01:35:02.776		1.33012			4
2025.05.19	01:35:04.329	1.33007	1.33008			6
2025.05.19	01:35:04.633	1.33002	1.33006			6
2025.05.19	01:35:04.944	1.33000	1.33004			6
2025.05.19	01:35:05.252	1.32998	1.33002			6
2025.05.19	01:35:08.957		1.33001			4
2025.05.19	01:35:10.200		1.33002			4
2025.05.19	01:35:10.517		1.33001			4
2025.05.19	01:35:10.819	1.32993	1.32996			6
2025.05.19	01:35:12.981	1.32989	1.32993			6
2025.05.19	01:35:19.772	1.32988	1.32991			6
2025.05.19	01:35:24.700	1.32986				2
2025.05.19	01:35:25.008	1.32985	1.32990			6
2025.05.19	01:35:28.718	1.32986				2
2025.05.19	01:35:29.024		1.32992			4
2025.05.19	01:35:29.646	1.32987				2
2025.05.19	01:35:36.121	1.32988				2
2025.05.19	01:35:38.598		1.32993			4
2025.05.19	01:35:41.078		1.32992			4
2025.05.19	01:35:46.958		1.32993			4
2025.05.19	01:35:56.206		1.32992			4
2025.05.19	01:36:00.196	1.32988				2
2025.05.19	01:36:03.857	1.32987	1.32991			6
2025.05.19	01:36:04.160	1.32986	1.32990			6
2025.05.19	01:36:12.704	1.32987				2
2025.05.19	01:36:13.327	1.32986				2
2025.05.19	01:36:14.562	1.32987				2
2025.05.19	01:36:17.949	1.32988	1.32992			6
2025.05.19	01:36:19.794	1.32991	1.32995			6
2025.05.19	01:36:23.485	1.32992				2
2025.05.19	01:36:23.788	1.32987	1.32990			6
2025.05.19	01:36:25.327	1.32988				2
2025.05.19	01:36:29.051	1.32983	1.32986			6
2025.05.19	01:36:29.362		1.32987			4
2025.05.19	01:36:29.666	1.32977	1.32979			6
2025.05.19	01:36:30.286		1.32982			4
2025.05.19	01:36:33.662		1.32979			4
2025.05.19	01:36:34.282	1.32974	1.32977			6
2025.05.19	01:36:34.588	1.32973				2
2025.05.19	01:36:34.894	1.32969	1.32970			6
2025.05.19	01:36:35.206	1.32968				2
2025.05.19	01:36:42.301	1.32967				2
2025.05.19	01:36:42.921	1.32968	1.32971			6
2025.05.19	01:36:46.945	1.32969	1.32973			6
2025.05.19	01:36:50.346	1.32970				2
2025.05.19	01:36:56.537	1.32971				2
2025.05.19	01:37:00.273	1.32971				2
2025.05.19	01:37:00.580		1.32974			4
2025.05.19	01:37:02.745	1.32979	1.32980			6
2025.05.19	01:37:03.048		1.32983			4
2025.05.19	01:37:04.286		1.32984			4
2025.05.19	01:37:04.600		1.32985			4
2025.05.19	01:37:04.914	1.32988	1.32990			6
2025.05.19	01:37:05.228		1.32991			4
2025.05.19	01:37:06.762		1.32990			4
2025.05.19	01:37:08.320	1.32987	1.32988			6
2025.05.19	01:37:09.548	1.32981	1.32985			6
2025.05.19	01:37:10.474	1.32980				2
2025.05.19	01:37:11.397		1.32984			4
2025.05.19	01:37:17.862		1.32983			4
2025.05.19	01:37:18.164	1.32979	1.32980			6
2025.05.19	01:37:19.097	1.32978	1.32979			6
2025.05.19	01:37:24.348	1.32977	1.32978			6
2025.05.19	01:37:24.970	1.32978	1.32979			6
2025.05.19	01:37:25.590	1.32977	1.32978			6
2025.05.19	01:37:26.205	1.32978	1.32979			6
2025.05.19	01:37:29.292	1.32977	1.32978			6
2025.05.19	01:37:30.221	1.32978	1.32979			6
2025.05.19	01:38:00.199	1.32978				2
2025.05.19	01:38:08.494		1.32982			4
2025.05.19	01:38:08.805	1.32979				2
2025.05.19	01:38:11.558	1.32980				2
2025.05.19	01:38:13.099	1.32983	1.32984			6
2025.05.19	01:38:13.400	1.32982	1.32983			6
2025.05.19	01:38:14.926		1.32985			4
2025.05.19	01:38:15.227		1.32986			4
2025.05.19	01:38:16.145	1.32983				2
2025.05.19	01:38:20.503	1.32980	1.32984			6
2025.05.19	01:38:21.719	1.32978	1.32982			6
2025.05.19	01:38:22.634	1.32979				2
2025.05.19	01:38:26.903	1.32978	1.32979			6
2025.05.19	01:38:29.028	1.32975	1.32978			6
2025.05.19	01:38:30.250	1.32978	1.32979			6
2025.05.19	01:38:31.466	1.32977	1.32978			6
2025.05.19	01:38:31.769	1.32978	1.32979			6
2025.05.19	01:38:33.608	1.32975	1.32978			6
2025.05.19	01:38:37.906	1.32977				2
2025.05.19	01:38:38.211	1.32978	1.32979			6
2025.05.19	01:38:40.364		1.32980			4
2025.05.19	01:38:40.670		1.32982			4
2025.05.19	01:38:40.991		1.32983			4
2025.05.19	01:38:41.301	1.32980	1.32984			6
2025.05.19	01:38:48.390	1.32979	1.32983			6
2025.05.19	01:38:49.010	1.32980				2
2025.05.19	01:38:49.316	1.32978	1.32981			6
2025.05.19	01:39:00.118	1.32978				2
2025.05.19	01:39:04.107	1.32977	1.32978			6
2025.05.19	01:39:04.420	1.32978	1.32980			6
2025.05.19	01:39:04.722		1.32979			4
2025.05.19	01:39:10.285	1.32979	1.32980			6
2025.05.19	01:39:17.616	1.32977	1.32979			6
2025.05.19	01:39:17.921	1.32973	1.32974			6
2025.05.19	01:39:18.223		1.32975			4
2025.05.19	01:39:18.525	1.32974	1.32977			6
2025.05.19	01:39:19.131	1.32973				2
2025.05.19	01:39:23.157	1.32974				2
2025.05.19	01:39:29.583	1.32970	1.32971			6
2025.05.19	01:39:30.197	1.32969	1.32970			6
2025.05.19	01:39:30.501	1.32968	1.32969			6
2025.05.19	01:39:31.126		1.32970			4
2025.05.19	01:39:36.375	1.32969				2
2025.05.19	01:39:37.906	1.32967	1.32968			6
2025.05.19	01:39:39.125	1.32966				2
2025.05.19	01:39:40.351	1.32967				2
2025.05.19	01:39:41.263	1.32961	1.32962			6
2025.05.19	01:39:41.565	1.32960	1.32961			6
2025.05.19	01:39:42.175	1.32959				2
2025.05.19	01:39:42.494	1.32958				2
2025.05.19	01:39:50.492	1.32961	1.32966			6
2025.05.19	01:39:50.805	1.32964	1.32969			6
2025.05.19	01:39:51.106	1.32965	1.32970			6
2025.05.19	01:39:51.408	1.32964	1.32969			6
2025.05.19	01:39:52.639	1.32962	1.32967			6
2025.05.19	01:39:53.572	1.32959	1.32963			6
2025.05.19	01:39:55.120	1.32960	1.32965			6
2025.05.19	01:40:00.060	1.32960				2
2025.05.19	01:40:05.008	1.32963	1.32968			6
2025.05.19	01:40:10.247	1.32968	1.32969			6
2025.05.19	01:40:10.555		1.32973			4
2025.05.19	01:40:11.170		1.32971			4
2025.05.19	01:40:11.472	1.32961	1.32967			6
2025.05.19	01:40:12.406	1.32960	1.32965			6
2025.05.19	01:40:13.333		1.32966			4
2025.05.19	01:40:14.255		1.32965			4
2025.05.19	01:40:16.421	1.32959				2
2025.05.19	01:40:21.054	1.32960				2
2025.05.19	01:40:21.360	1.32963	1.32968			6
2025.05.19	01:40:23.838		1.32967			4
2025.05.19	01:40:24.143	1.32962	1.32968			6
2025.05.19	01:40:24.762	1.32964				2
2025.05.19	01:40:26.314	1.32963				2
2025.05.19	01:40:27.551	1.32964				2
2025.05.19	01:40:28.476	1.32963				2
2025.05.19	01:40:29.403	1.32964				2
2025.05.19	01:40:33.409	1.32968	1.32972			6
2025.05.19	01:40:37.420	1.32966				2
2025.05.19	01:40:41.113	1.32967				2
2025.05.19	01:40:46.041	1.32975	1.32980			6
2025.05.19	01:40:46.349	1.32976	1.32981			6
2025.05.19	01:40:46.658	1.32975	1.32980			6
2025.05.19	01:40:47.277	1.32974	1.32981			6
2025.05.19	01:40:50.676	1.32973	1.32980			6
2025.05.19	01:40:50.984	1.32972	1.32978			6
2025.05.19	01:40:51.286	1.32971				2
2025.05.19	01:40:52.213		1.32976			4
2025.05.19	01:40:53.140	1.32973				2
2025.05.19	01:40:53.446		1.32975			4
2025.05.19	01:40:54.066		1.32977			4
2025.05.19	01:40:54.376		1.32978			4
2025.05.19	01:40:55.912	1.32974				2
2025.05.19	01:40:56.225	1.32978	1.32982			6
2025.05.19	01:41:00.228	1.32978				2
2025.05.19	01:41:05.143	1.32974	1.32978			6
2025.05.19	01:41:05.460		1.32980			4
2025.05.19	01:41:06.391		1.32979			4
2025.05.19	01:41:09.788	1.32968	1.32972			6
2025.05.19	01:41:11.650	1.32969	1.32973			6
2025.05.19	01:41:14.741	1.32970	1.32974			6
2025.05.19	01:41:15.043	1.32974	1.32979			6
2025.05.19	01:41:30.450	1.32975				2
2025.05.19	01:41:36.934	1.32974				2
2025.05.19	01:41:46.203		1.32978			4
2025.05.19	01:41:46.510	1.32973	1.32976			6
2025.05.19	01:41:46.822	1.32971				2
2025.05.19	01:41:47.440	1.32974	1.32978			6
2025.05.19	01:41:49.311	1.32978	1.32980			6
2025.05.19	01:41:49.925	1.32975				2
2025.05.19	01:41:52.397	1.32976	1.32981			6
2025.05.19	01:41:54.246		1.32980			4
2025.05.19	01:42:00.092	1.32976				2
2025.05.19	01:42:16.068		1.32979			4
2025.05.19	01:42:19.135	1.32977				2
2025.05.19	01:42:24.659	1.32978	1.32980			6
2025.05.19	01:42:29.566	1.32985	1.32988			6
2025.05.19	01:42:30.185	1.32984	1.32989			6
2025.05.19	01:42:36.377		1.32988			4
2025.05.19	01:42:44.079	1.32987	1.32989			6
2025.05.19	01:42:45.011		1.32990			4
2025.05.19	01:42:45.318	1.32983	1.32987			6
2025.05.19	01:42:46.234	1.32984	1.32988			6
2025.05.19	01:42:50.872	1.32978	1.32982			6
2025.05.19	01:42:51.480		1.32983			4
2025.05.19	01:42:51.785	1.32981	1.32986			6
2025.05.19	01:42:53.325	1.32980				2
2025.05.19	01:42:53.634		1.32985			4
2025.05.19	01:43:00.118	1.32980				2
2025.05.19	01:43:00.731		1.32984			4
2025.05.19	01:43:03.840	1.32983	1.32985			6
2025.05.19	01:43:05.388	1.32988	1.32990			6
2025.05.19	01:43:06.931		1.32991			4
2025.05.19	01:43:08.170	1.32983	1.32988			6
2025.05.19	01:43:09.096		1.32989			4
2025.05.19	01:43:09.406		1.32986			4
2025.05.19	01:43:10.330	1.32984	1.32988			6
2025.05.19	01:43:13.116	1.32988	1.32990			6
2025.05.19	01:43:24.316		1.32993			4
2025.05.19	01:43:28.925		1.32990			4
2025.05.19	01:43:32.934		1.32991			4
2025.05.19	01:43:35.414	1.32983	1.32987			6
2025.05.19	01:43:36.648		1.32984			4
2025.05.19	01:43:41.847	1.32984	1.32987			6
2025.05.19	01:43:43.072		1.32988			4
2025.05.19	01:43:46.754	1.32983	1.32985			6
2025.05.19	01:43:52.631	1.32982				2
2025.05.19	01:43:52.940	1.32987	1.32989			6
2025.05.19	01:43:54.182		1.32991			4
2025.05.19	01:43:58.786		1.32990			4
2025.05.19	01:43:59.092	1.32984	1.32989			6
2025.05.19	01:44:00.014	1.32984				2
2025.05.19	01:44:01.559		1.32988			4
2025.05.19	01:44:03.410		1.32987			4
2025.05.19	01:44:04.021	1.32983	1.32985			6
2025.05.19	01:44:04.323	1.32984	1.32987			6
2025.05.19	01:44:06.160		1.32986			4
2025.05.19	01:44:06.776	1.32983				2
2025.05.19	01:44:08.917	1.32984	1.32987			6
2025.05.19	01:44:14.441	1.32988	1.32989			6
2025.05.19	01:44:15.372		1.32990			4
2025.05.19	01:44:32.143		1.32989			4
2025.05.19	01:44:41.336	1.32984	1.32987			6
2025.05.19	01:44:47.439	1.32983	1.32985			6
2025.05.19	01:44:48.675	1.32984	1.32986			6
2025.05.19	01:44:50.531	1.32983				2
2025.05.19	01:44:50.832		1.32987			4
2025.05.19	01:44:51.136	1.32984				2
2025.05.19	01:44:59.379	1.32981	1.32984			6
2025.05.19	01:45:00.298	1.32981	1.32983			6
2025.05.19	01:45:00.608		1.32984			4
2025.05.19	01:45:00.909	1.32985	1.32986			6
2025.05.19	01:45:01.218	1.32981	1.32982			6
2025.05.19	01:45:02.137	1.32979				2
2025.05.19	01:45:04.574		1.32981			4
2025.05.19	01:45:10.363	1.32980				2
2025.05.19	01:45:10.668		1.32982			4
2025.05.19	01:45:10.974	1.32979				2
2025.05.19	01:45:11.277	1.32980				2
2025.05.19	01:45:13.126	1.32983	1.32984			6
2025.05.19	01:45:13.432	1.32982	1.32985			6
2025.05.19	01:45:13.733	1.32981	1.32984			6
2025.05.19	01:45:15.583		1.32983			4
2025.05.19	01:45:16.825	1.32980				2
2025.05.19	01:45:17.134		1.32982			4
2025.05.19	01:45:17.441	1.32979				2
2025.05.19	01:45:20.526		1.32981			4
2025.05.19	01:45:20.830		1.32982			4
2025.05.19	01:45:22.653	1.32980				2
2025.05.19	01:45:22.959		1.32983			4
2025.05.19	01:45:40.551	1.32979	1.32982			6
2025.05.19	01:45:41.165	1.32981				2
2025.05.19	01:45:41.482		1.32983			4
2025.05.19	01:45:44.566	1.32980				2
2025.05.19	01:45:46.112	1.32981				2
2025.05.19	01:45:51.371	1.32980	1.32982			6
2025.05.19	01:45:52.916	1.32981	1.32983			6
2025.05.19	01:45:53.529	1.32987	1.32990			6
2025.05.19	01:45:54.143	1.32990	1.32991			6
2025.05.19	01:45:54.447	1.32982	1.32987			6
2025.05.19	01:45:55.379	1.32981	1.32985			6
2025.05.19	01:46:00.000	1.32981				2
2025.05.19	01:46:00.304		1.32984			4
2025.05.19	01:46:03.395	1.32982	1.32983			6
2025.05.19	01:46:38.198	1.32985	1.32986			6
2025.05.19	01:46:38.509		1.32987			4
2025.05.19	01:46:40.352	1.32990	1.32991			6
2025.05.19	01:46:40.659	1.32989	1.32990			6
2025.05.19	01:46:41.274		1.32991			4
2025.05.19	01:46:42.506	1.32990				2
2025.05.19	01:46:45.284	1.32991	1.32992			6
2025.05.19	01:46:49.296	1.32993	1.32994			6
2025.05.19	01:46:50.219	1.32991	1.32993			6
2025.05.19	01:46:51.455	1.32990				2
2025.05.19	01:46:51.762		1.32992			4
2025.05.19	01:46:52.072		1.32993			4
2025.05.19	01:46:55.770	1.32988	1.32990			6
2025.05.19	01:46:56.073	1.32987	1.32991			6
2025.05.19	01:46:56.698	1.32990				2
2025.05.19	01:46:57.312	1.32988	1.32992			6
2025.05.19	01:46:58.241	1.32989				2
2025.05.19	01:46:59.765	1.32988	1.32991			6
2025.05.19	01:47:00.068	1.32988				2
2025.05.19	01:47:03.437	1.32989	1.32992			6
2025.05.19	01:47:06.809	1.32990	1.32993			6
2025.05.19	01:47:31.564	1.32991	1.32994			6
2025.05.19	01:47:42.721	1.32990	1.32993			6
2025.05.19	01:47:43.335	1.32993	1.32995			6
2025.05.19	01:47:45.811	1.32991	1.32994			6
2025.05.19	01:48:00.037	1.32991				2
2025.05.19	01:48:01.266	1.32993	1.32995			6
2025.05.19	01:48:03.125	1.32991	1.32994			6
2025.05.19	01:48:03.432	1.32990	1.32993			6
2025.05.19	01:48:04.351	1.32991	1.32994			6
2025.05.19	01:48:08.992	1.32992				2
2025.05.19	01:48:13.950	1.33003	1.33006			6
2025.05.19	01:48:14.258		1.33010			4
2025.05.19	01:48:15.193		1.33009			4
2025.05.19	01:48:22.279	1.33008	1.33014			6
2025.05.19	01:48:22.594	1.33006	1.33013			6
2025.05.19	01:48:26.277	1.33011	1.33016			6
2025.05.19	01:48:27.510	1.33012				2
2025.05.19	01:48:29.654	1.33010				2
2025.05.19	01:48:29.967		1.33015			4
2025.05.19	01:48:30.277	1.33011	1.33016			6
2025.05.19	01:48:33.357		1.33015			4
2025.05.19	01:48:39.221	1.33012				2
2025.05.19	01:48:39.843	1.33014				2
2025.05.19	01:48:40.150	1.33013				2
2025.05.19	01:48:42.310	1.33012				2
2025.05.19	01:48:47.546	1.33008	1.33013			6
2025.05.19	01:48:48.468	1.33009				2
2025.05.19	01:48:50.641	1.33012	1.33015			6
2025.05.19	01:49:00.201	1.33017	1.33022			6
2025.05.19	01:49:00.501	1.33018	1.33023			6
2025.05.19	01:49:01.125	1.33019	1.33025			6
2025.05.19	01:49:01.434	1.33022	1.33026			6
2025.05.19	01:49:08.212		1.33025			4
2025.05.19	01:49:09.137	1.33023				2
2025.05.19	01:49:09.446		1.33028			4
2025.05.19	01:49:10.058	1.33025	1.33029			6
2025.05.19	01:49:10.364		1.33030			4
2025.05.19	01:49:10.675	1.33024				2
2025.05.19	01:49:11.914		1.33031			4
2025.05.19	01:49:12.221		1.33030			4
2025.05.19	01:49:14.987		1.33029			4
2025.05.19	01:49:21.155	1.33023				2
2025.05.19	01:49:22.079		1.33028			4
2025.05.19	01:49:23.313	1.33025	1.33029			6
2025.05.19	01:49:23.614	1.33024				2
2025.05.19	01:49:24.244	1.33023				2
2025.05.19	01:49:27.323	1.33024				2
2025.05.19	01:49:28.860	1.33025	1.33030			6
2025.05.19	01:49:32.249	1.33024	1.33029			6
2025.05.19	01:49:33.191	1.33025	1.33030			6
2025.05.19	01:49:39.354		1.33029			4
2025.05.19	01:49:53.735	1.33026	1.33030			6
2025.05.19	01:50:00.211	1.33027				2
2025.05.19	01:50:01.440	1.33024	1.33026			6
2025.05.19	01:50:01.741	1.33018	1.33021			6
2025.05.19	01:50:03.274		1.33023			4
2025.05.19	01:50:04.200	1.33020				2
2025.05.19	01:50:08.194		1.33022			4
2025.05.19	01:50:21.448	1.33021	1.33024			6
2025.05.19	01:50:30.711	1.33020				2
2025.05.19	01:50:31.331	1.33022	1.33026			6
2025.05.19	01:50:38.141		1.33025			4
2025.05.19	01:50:41.516	1.33021				2
2025.05.19	01:50:43.047	1.33022	1.33026			6
2025.05.19	01:50:46.094	1.33021	1.33025			6
2025.05.19	01:50:51.621	1.33022				2
2025.05.19	01:51:00.215	1.33022				2
2025.05.19	01:51:01.745	1.33019	1.33021			6
2025.05.19	01:51:11.864	1.33020				2
2025.05.19	01:51:13.084	1.33019				2
2025.05.19	01:51:21.076		1.33022			4
2025.05.19	01:51:26.870	1.33015	1.33017			6
2025.05.19	01:51:27.788	1.33013	1.33016			6
2025.05.19	01:51:29.012	1.33012	1.33015			6
2025.05.19	01:51:30.233	1.33018	1.33019			6
2025.05.19	01:51:33.006		1.33020			4
2025.05.19	01:51:37.943	1.33022	1.33024			6
2025.05.19	01:51:39.179		1.33025			4
2025.05.19	01:51:40.099		1.33024			4
2025.05.19	01:51:40.718	1.33020				2
2025.05.19	01:51:41.653		1.33023			4
2025.05.19	01:51:54.052	1.33021	1.33024			6
2025.05.19	01:51:54.673	1.33020				2
2025.05.19	01:51:55.290	1.33019	1.33023			6
2025.05.19	01:51:57.759	1.33018	1.33020			6
2025.05.19	01:51:59.005	1.33015	1.33018			6
2025.05.19	01:51:59.935	1.33014				2
2025.05.19	01:52:00.243	1.33014				2
2025.05.19	01:52:01.186		1.33017			4
2025.05.19	01:52:01.495	1.33018	1.33019			6
2025.05.19	01:52:02.409		1.33020			4
2025.05.19	01:52:03.035		1.33021			4
2025.05.19	01:52:14.164	1.33020	1.33023			6
2025.05.19	01:52:18.789	1.33019				2
2025.05.19	01:52:19.402	1.33021	1.33024			6
2025.05.19	01:52:20.332	1.33023				2
2025.05.19	01:52:20.642	1.33024	1.33028			6
2025.05.19	01:52:23.121		1.33027			4
2025.05.19	01:52:24.978	1.33025				2
2025.05.19	01:52:27.765	1.33024				2
2025.05.19	01:52:31.478	1.33025				2
2025.05.19	01:52:33.648	1.33024				2
2025.05.19	01:52:36.109	1.33025				2
2025.05.19	01:52:57.218	1.33024				2
2025.05.19	01:52:59.062	1.33025	1.33028			6
2025.05.19	01:53:00.299	1.33025				2
2025.05.19	01:53:02.146	1.33026				2
2025.05.19	01:53:13.552	1.33025				2
2025.05.19	01:53:17.572	1.33026				2
2025.05.19	01:53:52.607	1.33025				2
2025.05.19	01:53:53.527	1.33026				2
2025.05.19	01:53:59.075		1.33028			4
2025.05.19	01:54:00.000	1.33026				2
2025.05.19	01:54:02.157		1.33027			4
2025.05.19	01:54:19.120	1.33027	1.33028			6
2025.05.19	01:54:30.237	1.33028	1.33029			6
2025.05.19	01:54:30.548	1.33029	1.33030			6
2025.05.19	01:54:40.171	1.33028	1.33029			6
2025.05.19	01:54:40.477	1.33030	1.33031			6
2025.05.19	01:54:44.497	1.33029	1.33030			6
2025.05.19	01:54:46.032	1.33028	1.33029			6
2025.05.19	01:54:46.964	1.33029	1.33030			6
2025.05.19	01:54:47.893	1.33028				2
2025.05.19	01:54:48.201	1.33029				2
2025.05.19	01:54:57.144	1.33028	1.33029			6
2025.05.19	01:55:00.221	1.33028				2
2025.05.19	01:55:02.069	1.33029	1.33030			6
2025.05.19	01:55:03.614	1.33028	1.33029			6
2025.05.19	01:55:04.225		1.33031			4
2025.05.19	01:55:04.841		1.33030			4
2025.05.19	01:55:05.150	1.33027	1.33029			6
2025.05.19	01:55:13.791	1.33035	1.33038			6
2025.05.19	01:55:14.717	1.33039	1.33040			6
2025.05.19	01:55:15.332	1.33040	1.33041			6
2025.05.19	01:55:22.429	1.33039	1.33040			6
2025.05.19	01:55:23.362	1.33035	1.33039			6
2025.05.19	01:55:23.671	1.33033	1.33038			6
2025.05.19	01:55:23.979	1.33034				2
2025.05.19	01:55:40.297	1.33038	1.33039			6
2025.05.19	01:55:40.605		1.33040			4
2025.05.19	01:55:48.620	1.33037	1.33042			6
2025.05.19	01:55:48.926	1.33040	1.33045			6
2025.05.19	01:55:49.850		1.33044			4
2025.05.19	01:55:51.702	1.33038	1.33043			6
2025.05.19	01:55:52.326	1.33039	1.33044			6
2025.05.19	01:55:53.556	1.33038	1.33043			6
2025.05.19	01:56:00.017	1.33038				2
2025.05.19	01:56:00.941	1.33039				2
2025.05.19	01:56:02.473		1.33044			4
2025.05.19	01:56:05.569	1.33041	1.33046			6
2025.05.19	01:56:06.490	1.33040	1.33045			6
2025.05.19	01:56:12.655	1.33044	1.33048			6
2025.05.19	01:56:19.118		1.33047			4
2025.05.19	01:56:21.904	1.33043				2
2025.05.19	01:56:26.832		1.33044			4
2025.05.19	01:56:27.141	1.33038	1.33042			6
2025.05.19	01:56:28.382		1.33043			4
2025.05.19	01:56:35.761	1.33039	1.33044			6
2025.05.19	01:56:36.067		1.33043			4
2025.05.19	01:56:40.381		1.33042			4
2025.05.19	01:56:40.995	1.33038	1.33041			6
2025.05.19	01:56:42.238	1.33039	1.33043			6
2025.05.19	01:56:43.161		1.33044			4
2025.05.19	01:56:45.316		1.33043			4
2025.05.19	01:56:47.483	1.33040	1.33044			6
2025.05.19	01:56:52.727		1.33043			4
2025.05.19	01:56:55.195	1.33039				2
2025.05.19	01:56:55.506		1.33041			4
2025.05.19	01:56:55.814		1.33042			4
2025.05.19	01:57:00.125	1.33039				2
2025.05.19	01:57:00.435		1.33041			4
2025.05.19	01:57:03.842		1.33042			4
2025.05.19	01:57:05.078		1.33043			4
2025.05.19	01:57:07.249	1.33040	1.33044			6
2025.05.19	01:57:10.945	1.33039	1.33043			6
2025.05.19	01:57:11.876	1.33033	1.33036			6
2025.05.19	01:57:12.187	1.33032				2
2025.05.19	01:57:12.808	1.33029	1.33033			6
2025.05.19	01:57:13.421	1.33028	1.33029			6
2025.05.19	01:57:14.980	1.33024	1.33028			6
2025.05.19	01:57:17.440	1.33028	1.33030			6
2025.05.19	01:57:17.740		1.33031			4
2025.05.19	01:57:18.045		1.33032			4
2025.05.19	01:57:18.659	1.33025	1.33029			6
2025.05.19	01:57:18.981	1.33024				2
2025.05.19	01:57:22.677		1.33030			4
2025.05.19	01:57:25.765		1.33029			4
2025.05.19	01:57:30.389		1.33028			4
2025.05.19	01:57:30.696	1.33023	1.33030			6
2025.05.19	01:57:31.615	1.33027				2
2025.05.19	01:57:32.555		1.33029			4
2025.05.19	01:57:35.651		1.33032			4
2025.05.19	01:57:43.370	1.33023	1.33026			6
2025.05.19	01:57:43.991	1.33022				2
2025.05.19	01:57:45.530	1.33021	1.33025			6
2025.05.19	01:57:47.684	1.33018	1.33019			6
2025.05.19	01:57:47.989		1.33021			4
2025.05.19	01:57:48.920		1.33022			4
2025.05.19	01:57:54.469	1.33020	1.33023			6
2025.05.19	01:57:54.781		1.33024			4
2025.05.19	01:57:55.398	1.33023				2
2025.05.19	01:57:55.701		1.33027			4
2025.05.19	01:57:56.323		1.33026			4
2025.05.19	01:57:58.160		1.33025			4
2025.05.19	01:58:00.019	1.33023				2
2025.05.19	01:58:00.633	1.33019	1.33024			6
2025.05.19	01:58:00.938	1.33023	1.33025			6
2025.05.19	01:58:02.797		1.33026			4
2025.05.19	01:58:05.590		1.33025			4
2025.05.19	01:58:08.384		1.33026			4
2025.05.19	01:58:10.551		1.33025			4
2025.05.19	01:58:10.860	1.33018	1.33022			6
2025.05.19	01:58:11.167	1.33014	1.33017			6
2025.05.19	01:58:13.020	1.33011				2
2025.05.19	01:58:13.636	1.33018	1.33022			6
2025.05.19	01:58:14.253		1.33020			4
2025.05.19	01:58:14.558	1.33014				2
2025.05.19	01:58:14.865		1.33018			4
2025.05.19	01:58:21.641	1.33018	1.33019			6
2025.05.19	01:58:28.721		1.33020			4
2025.05.19	01:58:29.343		1.33019			4
2025.05.19	01:58:30.267		1.33020			4
2025.05.19	01:58:30.888		1.33019			4
2025.05.19	01:58:51.235	1.33016	1.33018			6
2025.05.19	01:58:51.551	1.33017	1.33019			6
2025.05.19	01:59:00.176	1.33017				2
2025.05.19	01:59:01.396	1.33018				2
2025.05.19	01:59:18.206	1.33017	1.33018			6
2025.05.19	01:59:23.741	1.33013	1.33016			6
2025.05.19	01:59:24.047	1.33014	1.33017			6
2025.05.19	01:59:24.359	1.33013				2
2025.05.19	01:59:24.971		1.33016			4
2025.05.19	01:59:25.579		1.33017			4
2025.05.19	01:59:30.189	1.33014				2
2025.05.19	01:59:30.500	1.33017	1.33018			6
2025.05.19	01:59:31.425	1.33018	1.33020			6
2025.05.19	01:59:35.411	1.33017				2
2025.05.19	01:59:37.262		1.33021			4
2025.05.19	01:59:41.584		1.33018			4
2025.05.19	01:59:41.887	1.33008	1.33010			6
2025.05.19	01:59:44.992		1.33011			4
2025.05.19	01:59:45.306		1.33012			4
2025.05.19	01:59:45.919		1.33013			4
2025.05.19	01:59:49.951		1.33011			4
2025.05.19	01:59:50.259		1.33010			4
2025.05.19	01:59:50.570		1.33011			4
2025.05.19	01:59:52.722		1.33013			4
2025.05.19	01:59:55.194		1.33012			4
2025.05.19	01:59:57.968		1.33011			4
2025.05.19	02:00:00.134	1.33008	1.33013			6
2025.05.19	02:00:01.068	1.33010				2
2025.05.19	02:00:04.163		1.33015			4
2025.05.19	02:00:04.780		1.33014			4
2025.05.19	02:00:06.331	1.33009				2
2025.05.19	02:00:13.141	1.33008	1.33012			6
2025.05.19	02:00:14.687	1.33007				2
2025.05.19	02:00:16.230	1.33006	1.33008			6
2025.05.19	02:00:17.155	1.33007				2
2025.05.19	02:00:31.259	1.33001	1.33003			6
2025.05.19	02:00:31.562	1.32999	1.33002			6
2025.05.19	02:00:32.180	1.32998				2
2025.05.19	02:00:32.483	1.32997	1.32999			6
2025.05.19	02:00:33.403	1.32994	1.32998			6
2025.05.19	02:00:38.022	1.32989	1.32992			6
2025.05.19	02:00:38.954	1.32988				2
2025.05.19	02:00:40.185		1.32993			4
2025.05.19	02:00:41.429	1.32989				2
2025.05.19	02:00:43.276	1.32988	1.32989			6
2025.05.19	02:00:43.889		1.32991			4
2025.05.19	02:00:50.675		1.32992			4
2025.05.19	02:00:54.056	1.32983	1.32989			6
2025.05.19	02:00:54.675		1.32986			4
2025.05.19	02:00:55.910		1.32985			4
2025.05.19	02:00:56.530	1.32980				2
2025.05.19	02:00:57.453	1.32984	1.32987			6
2025.05.19	02:00:58.684		1.32988			4
2025.05.19	02:01:00.225	1.32983	1.32987			6
2025.05.19	02:01:00.529	1.32980	1.32985			6
2025.05.19	02:01:01.151	1.32979				2
2025.05.19	02:01:01.460	1.32977	1.32978			6
2025.05.19	02:01:01.761	1.32974				2
2025.05.19	02:01:02.691	1.32973				2
2025.05.19	02:01:07.314	1.32978	1.32979			6
2025.05.19	02:01:07.619		1.32981			4
2025.05.19	02:01:07.932		1.32983			4
2025.05.19	02:01:09.782		1.32979			4
2025.05.19	02:01:11.320	1.32974	1.32978			6
2025.05.19	02:01:13.174	1.32978	1.32979			6
2025.05.19	02:01:13.476	1.32975				2
2025.05.19	02:01:18.122	1.32977	1.32981			6
2025.05.19	02:01:18.424	1.32976				2
2025.05.19	02:01:19.041	1.32977				2
2025.05.19	02:01:21.816	1.32976				2
2025.05.19	02:01:22.129	1.32977				2
2025.05.19	02:01:24.287	1.32975	1.32980			6
2025.05.19	02:01:25.831	1.32977	1.32981			6
2025.05.19	02:01:26.755	1.32978	1.32983			6
2025.05.19	02:01:27.374		1.32984			4
2025.05.19	02:01:28.308		1.32983			4
2025.05.19	02:01:30.146		1.32984			4
2025.05.19	02:01:32.315		1.32982			4
2025.05.19	02:01:35.717	1.32977	1.32983			6
2025.05.19	02:01:36.023		1.32982			4
2025.05.19	02:01:36.649	1.32978				2
2025.05.19	02:01:37.273	1.32982	1.32986			6
2025.05.19	02:01:37.575	1.32987	1.32989			6
2025.05.19	02:01:37.878	1.32988	1.32991			6
2025.05.19	02:01:38.185		1.32993			4
2025.05.19	02:01:38.500	1.32987				2
2025.05.19	02:01:39.423	1.32986				2
2025.05.19	02:01:39.733	1.32987				2
2025.05.19	02:01:41.262	1.32988				2
2025.05.19	02:01:48.971		1.32992			4
2025.05.19	02:01:51.439	1.32987	1.32990			6
2025.05.19	02:01:51.757		1.32992			4
2025.05.19	02:01:53.600		1.32990			4
2025.05.19	02:01:53.912		1.32991			4
2025.05.19	02:01:56.376		1.32993			4
2025.05.19	02:02:00.071	1.32987				2
2025.05.19	02:02:01.605	1.32988	1.32994			6
2025.05.19	02:02:02.527	1.32989				2
2025.05.19	02:02:02.833	1.32988	1.32993			6
2025.05.19	02:02:03.451	1.32990				2
2025.05.19	02:02:03.756		1.32994			4
2025.05.19	02:02:04.372		1.32993			4
2025.05.19	02:02:04.681	1.32988				2
2025.05.19	02:02:07.448		1.32992			4
2025.05.19	02:02:13.310		1.32993			4
2025.05.19	02:02:17.634	1.32987	1.32990			6
2025.05.19	02:02:20.714	1.32988	1.32993			6
2025.05.19	02:02:26.272	1.32987				2
2025.05.19	02:02:27.198	1.32986	1.32992			6
2025.05.19	02:02:28.742	1.32989	1.32991			6
2025.05.19	02:02:31.521		1.32992			4
2025.05.19	02:02:32.437	1.32987	1.32991			6
2025.05.19	02:02:33.359		1.32990			4
2025.05.19	02:02:33.977		1.32991			4
2025.05.19	02:02:34.881		1.32990			4
2025.05.19	02:02:37.651		1.32991			4
2025.05.19	02:02:40.136		1.32990			4
2025.05.19	02:02:40.439		1.32991			4
2025.05.19	02:02:41.983		1.32990			4
2025.05.19	02:02:42.295		1.32991			4
2025.05.19	02:02:43.520		1.32990			4
2025.05.19	02:02:46.292		1.32989			4
2025.05.19	02:02:52.129	1.32986				2
2025.05.19	02:02:52.431		1.32990			4
2025.05.19	02:02:54.576		1.32989			4
2025.05.19	02:02:58.558		1.32987			4
2025.05.19	02:03:00.096	1.32986	1.32990			6
2025.05.19	02:03:05.279	1.32987				2
2025.05.19	02:03:10.178	1.32988	1.32991			6
2025.05.19	02:03:10.786	1.32995	1.32997			6
2025.05.19	02:03:11.401	1.32990	1.32991			6
2025.05.19	02:03:11.704	1.32987	1.32990			6
2025.05.19	02:03:12.009	1.32988	1.32991			6
2025.05.19	02:03:12.315	1.32987	1.32992			6
2025.05.19	02:03:12.635		1.32991			4
2025.05.19	02:03:18.806	1.32986	1.32988			6
2025.05.19	02:03:19.117		1.32992			4
2025.05.19	02:03:20.656		1.32989			4
2025.05.19	02:03:20.958		1.32992			4
2025.05.19	02:03:24.355		1.32991			4
2025.05.19	02:03:27.127	1.32987	1.32993			6
2025.05.19	02:03:27.435	1.32994	1.32999			6
2025.05.19	02:03:27.740		1.33000			4
2025.05.19	02:03:28.674		1.32999			4
2025.05.19	02:03:29.290		1.32998			4
2025.05.19	02:03:34.217		1.32999			4
2025.05.19	02:03:47.489		1.32998			4
2025.05.19	02:03:47.791		1.32999			4
2025.05.19	02:03:49.956	1.32991	1.32993			6
2025.05.19	02:03:50.263	1.32986	1.32991			6
2025.05.19	02:03:50.574	1.32984	1.32989			6
2025.05.19	02:03:57.658	1.32990	1.32993			6
2025.05.19	02:03:57.963	1.32988				2
2025.05.19	02:03:58.273		1.32992			4
2025.05.19	02:03:58.585	1.32987				2
2025.05.19	02:03:58.891		1.32993			4
2025.05.19	02:04:00.127	1.32987				2
2025.05.19	02:04:00.437		1.32992			4
2025.05.19	02:04:02.912	1.32986				2
2025.05.19	02:04:03.221		1.32991			4
2025.05.19	02:04:05.691		1.32992			4
2025.05.19	02:04:05.999		1.32991			4
2025.05.19	02:04:11.856		1.32992			4
2025.05.19	02:04:12.784		1.32991			4
2025.05.19	02:04:15.557		1.32990			4
2025.05.19	02:04:23.877		1.32991			4
2025.05.19	02:04:24.180	1.32988	1.32992			6
2025.05.19	02:04:26.670	1.32986				2
2025.05.19	02:04:27.286	1.32987				2
2025.05.19	02:04:29.139	1.32988				2
2025.05.19	02:04:30.379		1.32991			4
2025.05.19	02:04:35.336		1.32990			4
2025.05.19	02:04:37.498		1.32989			4
2025.05.19	02:04:41.474		1.32990			4
2025.05.19	02:04:43.616		1.32989			4
2025.05.19	02:04:43.920		1.32990			4
2025.05.19	02:04:55.844		1.32989			4
2025.05.19	02:04:56.154		1.32990			4
2025.05.19	02:04:56.761	1.32986	1.32989			6
2025.05.19	02:04:57.678		1.32988			4
2025.05.19	02:05:00.125	1.32986				2
2025.05.19	02:05:01.654	1.32987	1.32990			6
2025.05.19	02:05:01.966	1.32986	1.32989			6
2025.05.19	02:05:02.272	1.32987	1.32990			6
2025.05.19	02:05:02.876	1.32986	1.32989			6
2025.05.19	02:05:03.784	1.32985	1.32987			6
2025.05.19	02:05:04.092	1.32977	1.32980			6
2025.05.19	02:05:04.398	1.32978	1.32981			6
2025.05.19	02:05:05.320	1.32977	1.32982			6
2025.05.19	02:05:08.704	1.32978				2
2025.05.19	02:05:13.347		1.32981			4
2025.05.19	02:05:13.963	1.32990	1.32995			6
2025.05.19	02:05:14.267	1.32988	1.32993			6
2025.05.19	02:05:15.824		1.32991			4
2025.05.19	02:05:17.989		1.32992			4
2025.05.19	02:05:31.258	1.32990	1.32995			6
2025.05.19	02:05:31.561	1.32996	1.33001			6
2025.05.19	02:05:31.863		1.33000			4
2025.05.19	02:05:32.171	1.32995	1.32998			6
2025.05.19	02:05:32.795	1.32991	1.32996			6
2025.05.19	02:05:33.102	1.32990				2
2025.05.19	02:05:34.337	1.32991				2
2025.05.19	02:05:41.452	1.32990				2
2025.05.19	02:05:41.756	1.32995	1.33000			6
2025.05.19	02:05:42.376		1.32999			4
2025.05.19	02:05:42.682	1.32992	1.32996			6
2025.05.19	02:05:51.677	1.32989	1.32993			6
2025.05.19	02:05:52.908	1.32986	1.32988			6
2025.05.19	02:05:56.324		1.32989			4
2025.05.19	02:05:58.179	1.32987	1.32992			6
2025.05.19	02:06:00.023	1.32987				2
2025.05.19	02:06:00.334	1.32986	1.32990			6
2025.05.19	02:06:01.259		1.32989			4
2025.05.19	02:06:03.727		1.32988			4
2025.05.19	02:06:05.277	1.32988	1.32992			6
2025.05.19	02:06:06.205		1.32993			4
2025.05.19	02:06:10.512		1.32992			4
2025.05.19	02:06:11.755	1.32986	1.32990			6
2025.05.19	02:06:24.349	1.32987	1.32991			6
2025.05.19	02:06:24.654	1.32985	1.32989			6
2025.05.19	02:06:31.388		1.32990			4
2025.05.19	02:06:32.923		1.32989			4
2025.05.19	02:06:33.229		1.32990			4
2025.05.19	02:06:38.128		1.32989			4
2025.05.19	02:06:44.551	1.32987	1.32992			6
2025.05.19	02:06:44.852	1.32989	1.32994			6
2025.05.19	02:06:45.156	1.32988	1.32993			6
2025.05.19	02:06:48.529	1.32989				2
2025.05.19	02:06:49.142	1.32988				2
2025.05.19	02:06:50.064	1.32989				2
2025.05.19	02:06:50.365	1.32988				2
2025.05.19	02:06:53.132	1.32992	1.32997			6
2025.05.19	02:06:53.438	1.32993				2
2025.05.19	02:06:54.361	1.32992				2
2025.05.19	02:06:59.298	1.32993				2
2025.05.19	02:07:00.221	1.32993				2
2025.05.19	02:07:02.687	1.32996	1.33000			6
2025.05.19	02:07:03.312		1.33001			4
2025.05.19	02:07:03.621		1.33000			4
2025.05.19	02:07:04.544	1.33003	1.33005			6
2025.05.19	02:07:04.856	1.33002				2
2025.05.19	02:07:05.480	1.33003	1.33007			6
2025.05.19	02:07:16.586		1.33006			4
2025.05.19	02:07:22.156	1.33007	1.33010			6
2025.05.19	02:07:22.461	1.33008	1.33012			6
2025.05.19	02:07:24.635	1.33006	1.33008			6
2025.05.19	02:07:27.406		1.33007			4
2025.05.19	02:07:33.562		1.33008			4
2025.05.19	02:07:35.109	1.33003	1.33006			6
2025.05.19	02:07:39.729		1.33007			4
2025.05.19	02:07:44.965	1.33001	1.33005			6
2025.05.19	02:07:45.275		1.33004			4
2025.05.19	02:07:48.642	1.32997	1.33002			6
2025.05.19	02:07:52.331		1.33001			4
2025.05.19	02:07:52.639		1.33002			4
2025.05.19	02:07:54.484		1.33001			4
2025.05.19	02:07:54.791	1.32996				2
2025.05.19	02:07:55.406		1.33000			4
2025.05.19	02:08:00.301	1.32996				2
2025.05.19	02:08:01.837	1.32995				2
2025.05.19	02:08:02.138	1.33001	1.33005			6
2025.05.19	02:08:02.446	1.32999	1.33003			6
2025.05.19	02:08:07.991	1.33002	1.33006			6
2025.05.19	02:08:08.614	1.33003	1.33008			6
2025.05.19	02:08:09.229	1.33002				2
2025.05.19	02:08:09.843		1.33007			4
2025.05.19	02:08:11.694	1.33004	1.33008			6
2025.05.19	02:08:13.546		1.33007			4
2025.05.19	02:08:17.861		1.33009			4
2025.05.19	02:08:19.089		1.33007			4
2025.05.19	02:08:39.350	1.33005				2
2025.05.19	02:08:41.813	1.33004				2
2025.05.19	02:08:46.985	1.33007	1.33010			6
2025.05.19	02:08:47.286	1.33008	1.33011			6
2025.05.19	02:08:48.502		1.33012			4
2025.05.19	02:08:49.726		1.33011			4
2025.05.19	02:08:50.648		1.33012			4
2025.05.19	02:08:51.564		1.33011			4
2025.05.19	02:08:52.784		1.33012			4
2025.05.19	02:08:53.394	1.33009				2
2025.05.19	02:09:00.129	1.33009				2
2025.05.19	02:09:02.284	1.33008	1.33009			6
2025.05.19	02:09:03.192		1.33010			4
2025.05.19	02:09:09.937	1.33006	1.33009			6
2025.05.19	02:09:11.776	1.33005	1.33008			6
2025.05.19	02:09:13.914	1.33004	1.33007			6
2025.05.19	02:09:14.221	1.32997	1.32999			6
2025.05.19	02:09:14.525		1.33000			4
2025.05.19	02:09:15.140	1.32996				2
2025.05.19	02:09:15.751	1.32997				2
2025.05.19	02:09:16.057		1.33001			4
2025.05.19	02:09:17.293		1.33000			4
2025.05.19	02:09:17.602	1.32996				2
2025.05.19	02:09:28.421	1.32995	1.32997			6
2025.05.19	02:09:29.349	1.32993				2
2025.05.19	02:09:31.814	1.32991	1.32996			6
2025.05.19	02:09:32.427	1.32990	1.32995			6
2025.05.19	02:09:36.138		1.32994			4
2025.05.19	02:09:39.216		1.32995			4
2025.05.19	02:09:39.826		1.32994			4
2025.05.19	02:09:41.363	1.32992	1.32997			6
2025.05.19	02:09:42.605	1.32994	1.32998			6
2025.05.19	02:09:46.610		1.32999			4
2025.05.19	02:09:46.920		1.32998			4
2025.05.19	02:09:48.162		1.32999			4
2025.05.19	02:09:49.099	1.32995				2
2025.05.19	02:09:49.402		1.32998			4
2025.05.19	02:09:51.254	1.32994				2
2025.05.19	02:09:52.182	1.32995				2
2025.05.19	02:10:00.216	1.32995				2
2025.05.19	02:10:06.919	1.33002	1.33005			6
2025.05.19	02:10:08.460	1.33001	1.33006			6
2025.05.19	02:10:08.762		1.33005			4
2025.05.19	02:10:09.695		1.33004			4
2025.05.19	02:10:10.000		1.33005			4
2025.05.19	02:10:12.472		1.33004			4
2025.05.19	02:10:16.488	1.33005	1.33009			6
2025.05.19	02:10:18.342	1.33004	1.33008			6
2025.05.19	02:10:19.578	1.33005				2
2025.05.19	02:10:20.509	1.33004				2
2025.05.19	02:10:27.286	1.33006	1.33009			6
2025.05.19	02:10:29.443	1.33009	1.33013			6
2025.05.19	02:10:31.302		1.33012			4
2025.05.19	02:10:32.535		1.33013			4
2025.05.19	02:10:35.307	1.33008	1.33012			6
2025.05.19	02:10:44.284		1.33010			4
2025.05.19	02:10:44.591	1.33003	1.33007			6
2025.05.19	02:10:44.909		1.33006			4
2025.05.19	02:10:45.215	1.33002	1.33007			6
2025.05.19	02:10:50.142		1.33006			4
2025.05.19	02:10:51.376		1.33007			4
2025.05.19	02:10:52.294		1.33006			4
2025.05.19	02:10:56.002		1.33005			4
2025.05.19	02:10:56.307	1.32999	1.33002			6
2025.05.19	02:10:57.243		1.33003			4
2025.05.19	02:11:00.043	1.32999				2
2025.05.19	02:11:00.350		1.33002			4
2025.05.19	02:11:02.205	1.32998	1.33001			6
2025.05.19	02:11:08.376		1.33002			4
2025.05.19	02:11:11.147	1.32999				2
2025.05.19	02:11:14.210	1.32998	1.33001			6
2025.05.19	02:11:16.658	1.32999	1.33002			6
2025.05.19	02:11:19.704	1.32994	1.32997			6
2025.05.19	02:11:21.851		1.32996			4
2025.05.19	02:11:39.056	1.32993				2
2025.05.19	02:11:49.464	1.32994				2
2025.05.19	02:11:50.077	1.32992	1.32993			6
2025.05.19	02:11:53.143		1.32994			4
2025.05.19	02:11:53.446		1.32993			4
2025.05.19	02:12:00.195	1.32992				2
2025.05.19	02:12:00.811	1.32991	1.32992			6
2025.05.19	02:12:01.428	1.32990				2
2025.05.19	02:12:02.352		1.32993			4
2025.05.19	02:12:03.291	1.32992				2
2025.05.19	02:12:04.217		1.32994			4
2025.05.19	02:12:05.136	1.32991				2
2025.05.19	02:12:07.301	1.32994	1.32996			6
2025.05.19	02:12:08.846	1.32993				2
2025.05.19	02:12:13.468	1.32994	1.32997			6
2025.05.19	02:12:14.701	1.32993	1.32996			6
2025.05.19	02:12:18.720	1.32994	1.32997			6
2025.05.19	02:12:19.648	1.32993	1.32996			6
2025.05.19	02:12:20.890	1.32995	1.32997			6
2025.05.19	02:12:21.210		1.32998			4
2025.05.19	02:12:22.127	1.32996				2
2025.05.19	02:12:24.284	1.32992	1.32995			6
2025.05.19	02:12:24.585	1.32994	1.32996			6
2025.05.19	02:12:24.893	1.32995	1.32997			6
2025.05.19	02:12:26.119		1.32998			4
2025.05.19	02:12:38.453	1.32994	1.32997			6
2025.05.19	02:12:39.384	1.32996	1.32998			6
2025.05.19	02:12:39.694	1.32997	1.32999			6
2025.05.19	02:12:41.557	1.32996				2
2025.05.19	02:12:47.730	1.32995	1.32998			6
2025.05.19	02:12:48.655	1.32996				2
2025.05.19	02:12:52.067	1.32995				2
2025.05.19	02:12:54.232	1.32996	1.32999			6
2025.05.19	02:13:00.100	1.32996				2
2025.05.19	02:13:16.138	1.32997				2
2025.05.19	02:13:18.912	1.32996				2
2025.05.19	02:13:19.520	1.32997	1.33000			6
2025.05.19	02:13:20.451		1.32999			4
2025.05.19	02:13:22.287		1.33000			4
2025.05.19	02:13:22.921	1.32996	1.32999			6
2025.05.19	02:13:24.152	1.32997				2
2025.05.19	02:13:24.767	1.32996				2
2025.05.19	02:13:25.080	1.32997	1.33000			6
2025.05.19	02:13:32.164	1.32996	1.32999			6
2025.05.19	02:13:33.098	1.32997	1.33000			6
2025.05.19	02:13:35.571		1.32999			4
2025.05.19	02:13:35.881		1.33000			4
2025.05.19	02:13:36.810	1.32996	1.32999			6
2025.05.19	02:13:37.427	1.32997				2
2025.05.19	02:13:37.734		1.33000			4
2025.05.19	02:13:38.350	1.33000	1.33003			6
2025.05.19	02:13:39.589	1.33001	1.33004			6
2025.05.19	02:13:44.829	1.33000	1.33003			6
2025.05.19	02:13:57.802	1.33001	1.33004			6
2025.05.19	02:13:59.656	1.33000	1.33003			6
2025.05.19	02:14:00.280	1.33000				2
2025.05.19	02:14:29.886	1.33001				2
2025.05.19	02:14:30.193		1.33004			4
2025.05.19	02:14:31.124	1.33000	1.33003			6
2025.05.19	02:14:32.363	1.33001	1.33004			6
2025.05.19	02:14:33.596	1.33004	1.33007			6
2025.05.19	02:14:35.145		1.33006			4
2025.05.19	02:14:36.995	1.33002	1.33004			6
2025.05.19	02:14:40.088		1.33005			4
2025.05.19	02:14:42.864		1.33004			4
2025.05.19	02:14:50.889		1.33005			4
2025.05.19	02:14:51.824		1.33004			4
2025.05.19	02:14:54.600		1.33005			4
2025.05.19	02:15:00.153	1.33002				2
2025.05.19	02:15:01.081	1.33009	1.33011			6
2025.05.19	02:15:01.385	1.33005	1.33008			6
2025.05.19	02:15:06.648	1.33006	1.33010			6
2025.05.19	02:15:08.197	1.33007				2
2025.05.19	02:15:08.503	1.33006	1.33009			6
2025.05.19	02:15:10.981		1.33010			4
2025.05.19	02:15:11.289	1.33009				2
2025.05.19	02:15:11.594	1.33010	1.33013			6
2025.05.19	02:15:12.217	1.33009				2
2025.05.19	02:15:16.849		1.33011			4
2025.05.19	02:15:17.458		1.33012			4
2025.05.19	02:15:20.851	1.33008	1.33009			6
2025.05.19	02:15:21.154	1.33006	1.33010			6
2025.05.19	02:15:21.480	1.33005	1.33008			6
2025.05.19	02:15:22.720	1.33006	1.33009			6
2025.05.19	02:15:23.340	1.33005	1.33008			6
2025.05.19	02:15:23.645	1.33006				2
2025.05.19	02:15:24.563	1.33005				2
2025.05.19	02:16:00.137	1.33005				2
2025.05.19	02:16:00.443	1.33006	1.33009			6
2025.05.19	02:16:01.996	1.33005	1.33008			6
2025.05.19	02:16:10.050	1.33006				2
2025.05.19	02:16:10.977		1.33009			4
2025.05.19	02:16:13.444	1.33007				2
2025.05.19	02:16:13.756	1.33006				2
2025.05.19	02:16:38.468	1.33007	1.33010			6
2025.05.19	02:16:39.402	1.33008	1.33011			6
2025.05.19	02:16:40.341	1.33007	1.33010			6
2025.05.19	02:16:45.285	1.33006	1.33009			6
2025.05.19	02:16:45.909	1.33007	1.33010			6
2025.05.19	02:16:46.520	1.33006	1.33009			6
2025.05.19	02:16:46.842	1.33007	1.33010			6
2025.05.19	02:16:48.381	1.33006	1.33009			6
2025.05.19	02:16:53.015		1.33008			4
2025.05.19	02:16:53.937	1.33004	1.33007			6
2025.05.19	02:16:56.386	1.33003	1.33006			6
2025.05.19	02:17:00.106	1.33003				2
2025.05.19	02:17:05.667	1.33004	1.33007			6
2025.05.19	02:17:07.207	1.33003	1.33006			6
2025.05.19	02:17:42.984	1.33004	1.33007			6
2025.05.19	02:17:43.909	1.33003	1.33006			6
2025.05.19	02:17:48.843	1.33004				2
2025.05.19	02:17:52.229	1.33006	1.33007			6
2025.05.19	02:17:52.530	1.33002	1.33004			6
2025.05.19	02:17:52.845	1.33003				2
2025.05.19	02:17:53.459		1.33005			4
2025.05.19	02:17:53.778	1.33007	1.33008			6
2025.05.19	02:17:56.867	1.33004	1.33006			6
2025.05.19	02:17:57.179		1.33005			4
2025.05.19	02:18:00.263	1.33004				2
2025.05.19	02:18:01.496	1.33005	1.33007			6
2025.05.19	02:18:03.039	1.33007	1.33008			6
2025.05.19	02:18:15.682		1.33009			4
2025.05.19	02:18:16.001		1.33008			4
2025.05.19	02:18:31.406		1.33009			4
2025.05.19	02:18:31.721	1.33011	1.33012			6
2025.05.19	02:18:32.028		1.33013			4
2025.05.19	02:18:32.335	1.33010				2
2025.05.19	02:18:33.254	1.33009				2
2025.05.19	02:18:33.875		1.33012			4
2025.05.19	02:18:37.564	1.33008	1.33009			6
2025.05.19	02:18:37.875	1.33009	1.33012			6
2025.05.19	02:18:38.189	1.33016	1.33018			6
2025.05.19	02:18:38.497	1.33017				2
2025.05.19	02:18:54.550	1.33026	1.33027			6
2025.05.19	02:18:54.853	1.33024				2
2025.05.19	02:19:00.113	1.33024				2
2025.05.19	02:19:01.650	1.33018	1.33020			6
2025.05.19	02:19:01.957	1.33017	1.33019			6
2025.05.19	02:19:02.574		1.33020			4
2025.05.19	02:19:05.974	1.33022	1.33024			6
2025.05.19	02:19:06.898		1.33025			4
2025.05.19	02:19:10.918	1.33023				2
2025.05.19	02:19:19.271		1.33026			4
2025.05.19	02:19:20.200		1.33025			4
2025.05.19	02:19:20.502	1.33020	1.33023			6
2025.05.19	02:19:32.548	1.33023	1.33025			6
2025.05.19	02:19:44.276	1.33025	1.33026			6
2025.05.19	02:19:47.064	1.33023				2
2025.05.19	02:19:55.406		1.33025			4
2025.05.19	02:19:57.252	1.33022	1.33024			6
2025.05.19	02:19:58.487	1.33023	1.33025			6
2025.05.19	02:20:00.030	1.33023				2
2025.05.19	02:20:03.116		1.33026			4
2025.05.19	02:20:04.655		1.33024			4
2025.05.19	02:20:05.273		1.33025			4
2025.05.19	02:20:08.358	1.33022				2
2025.05.19	02:20:11.440	1.33016	1.33019			6
2025.05.19	02:20:12.064		1.33018			4
2025.05.19	02:20:12.370	1.33014				2
2025.05.19	02:20:16.709	1.33015				2
2025.05.19	02:20:17.326	1.33017	1.33020			6
2025.05.19	02:20:17.948	1.33016				2
2025.05.19	02:20:21.959		1.33019			4
2025.05.19	02:20:22.260	1.33017				2
2025.05.19	02:20:24.128	1.33016				2
2025.05.19	02:20:31.234		1.33018			4
2025.05.19	02:20:31.540	1.33017	1.33020			6
2025.05.19	02:20:32.476		1.33021			4
2025.05.19	02:20:51.240	1.33021	1.33025			6
2025.05.19	02:20:51.852	1.33020				2
2025.05.19	02:20:54.629	1.33021				2
2025.05.19	02:20:57.389	1.33023				2
2025.05.19	02:21:00.134	1.33023				2
2025.05.19	02:21:08.110		1.33024			4
2025.05.19	02:21:16.376		1.33025			4
2025.05.19	02:21:20.035	1.33024	1.33026			6
2025.05.19	02:21:21.252		1.33025			4
2025.05.19	02:21:21.875	1.33023				2
2025.05.19	02:21:22.482	1.33026	1.33027			6
2025.05.19	02:21:25.534	1.33027	1.33028			6
2025.05.19	02:21:41.452	1.33029	1.33030			6
2025.05.19	02:21:44.219	1.33030	1.33032			6
2025.05.19	02:21:44.830	1.33028	1.33031			6
2025.05.19	02:21:45.131	1.33029				2
2025.05.19	02:21:45.750		1.33032			4
2025.05.19	02:21:50.636	1.33035	1.33036			6
2025.05.19	02:21:50.943	1.33037	1.33038			6
2025.05.19	02:21:52.181		1.33039			4
2025.05.19	02:21:54.037		1.33040			4
2025.05.19	02:22:00.190	1.33037				2
2025.05.19	02:22:03.595		1.33041			4
2025.05.19	02:22:09.152		1.33040			4
2025.05.19	02:22:12.543		1.33041			4
2025.05.19	02:22:14.391		1.33040			4
2025.05.19	02:22:15.326		1.33039			4
2025.05.19	02:22:21.488		1.33040			4
2025.05.19	02:22:31.968		1.33039			4
2025.05.19	02:22:32.279		1.33040			4
2025.05.19	02:22:33.797		1.33039			4
2025.05.19	02:22:34.406	1.33042	1.33044			6
2025.05.19	02:22:35.317		1.33045			4
2025.05.19	02:22:35.626	1.33043				2
2025.05.19	02:22:36.852	1.33044				2
2025.05.19	02:22:37.156		1.33046			4
2025.05.19	02:22:38.400	1.33043				2
2025.05.19	02:22:41.194		1.33045			4
2025.05.19	02:22:48.301		1.33044			4
2025.05.19	02:22:52.324		1.33045			4
2025.05.19	02:22:59.122	1.33046	1.33047			6
2025.05.19	02:22:59.428	1.33043	1.33046			6
2025.05.19	02:23:00.038	1.33043				2
2025.05.19	02:23:00.350		1.33045			4
2025.05.19	02:23:00.976		1.33044			4
2025.05.19	02:23:01.290	1.33044	1.33045			6
2025.05.19	02:23:02.210	1.33045	1.33046			6
2025.05.19	02:23:02.525	1.33046	1.33047			6
2025.05.19	02:23:03.443		1.33048			4
2025.05.19	02:23:04.684		1.33047			4
2025.05.19	02:23:09.646	1.33047	1.33048			6
2025.05.19	02:23:22.861	1.33042	1.33043			6
2025.05.19	02:23:23.167	1.33041	1.33042			6
2025.05.19	02:23:26.545	1.33037	1.33038			6
2025.05.19	02:23:26.856	1.33036				2
2025.05.19	02:23:27.470		1.33037			4
2025.05.19	02:23:29.649		1.33038			4
2025.05.19	02:23:33.674	1.33042	1.33045			6
2025.05.19	02:23:35.850		1.33046			4
2025.05.19	02:23:37.398	1.33045				2
2025.05.19	02:23:37.704		1.33047			4
2025.05.19	02:23:38.007		1.33046			4
2025.05.19	02:23:38.309	1.33044				2
2025.05.19	02:23:42.009		1.33047			4
2025.05.19	02:23:42.318	1.33042	1.33044			6
2025.05.19	02:23:42.623	1.33041				2
2025.05.19	02:23:45.399		1.33045			4
2025.05.19	02:23:53.720	1.33045	1.33046			6
2025.05.19	02:23:54.641	1.33043				2
2025.05.19	02:24:00.216	1.33043				2
2025.05.19	02:24:01.138	1.33045	1.33047			6
2025.05.19	02:24:07.978	1.33047	1.33048			6
2025.05.19	02:24:08.284	1.33045	1.33047			6
2025.05.19	02:24:12.003	1.33044	1.33046			6
2025.05.19	02:24:12.310		1.33047			4
2025.05.19	02:24:17.881	1.33046	1.33048			6
2025.05.19	02:24:23.446	1.33045				2
2025.05.19	02:25:00.302	1.33045				2
2025.05.19	02:25:00.608	1.33042	1.33044			6
2025.05.19	02:25:00.915	1.33038	1.33040			6
2025.05.19	02:25:01.217		1.33041			4
2025.05.19	02:25:01.528	1.33040				2
2025.05.19	02:25:01.832		1.33042			4
2025.05.19	02:25:02.144		1.33043			4
2025.05.19	02:25:07.366		1.33044			4
2025.05.19	02:25:07.977	1.33036	1.33040			6
2025.05.19	02:25:08.280	1.33035	1.33039			6
2025.05.19	02:25:08.598	1.33036	1.33040			6
2025.05.19	02:25:11.975	1.33035	1.33039			6
2025.05.19	02:25:12.597	1.33036				2
2025.05.19	02:25:20.605	1.33037	1.33040			6
2025.05.19	02:25:21.841		1.33041			4
2025.05.19	02:25:24.924	1.33038				2
2025.05.19	02:25:26.783	1.33037				2
2025.05.19	02:25:31.097	1.33038				2
2025.05.19	02:25:31.403	1.33037	1.33040			6
2025.05.19	02:25:32.325	1.33036	1.33039			6
2025.05.19	02:25:42.487		1.33038			4
2025.05.19	02:25:43.109	1.33038	1.33040			6
2025.05.19	02:25:43.733		1.33041			4
2025.05.19	02:25:47.723	1.33040	1.33044			6
2025.05.19	02:25:48.334		1.33043			4
2025.05.19	02:25:49.247		1.33044			4
2025.05.19	02:25:50.168	1.33041				2
2025.05.19	02:25:51.698	1.33040	1.33042			6
2025.05.19	02:25:52.308		1.33044			4
2025.05.19	02:25:55.367	1.33041				2
2025.05.19	02:25:56.288		1.33043			4
2025.05.19	02:25:59.014	1.33040				2
2025.05.19	02:26:00.237	1.33038	1.33040			6
2025.05.19	02:26:01.153		1.33041			4
2025.05.19	02:26:01.461	1.33036	1.33040			6
2025.05.19	02:26:02.382		1.33039			4
2025.05.19	02:26:07.307		1.33038			4
2025.05.19	02:26:08.218		1.33039			4
2025.05.19	02:26:13.411	1.33037	1.33040			6
2025.05.19	02:26:32.806	1.33040	1.33042			6
2025.05.19	02:26:38.328	1.33038	1.33040			6
2025.05.19	02:26:51.288	1.33039	1.33041			6
2025.05.19	02:26:52.515		1.33042			4
2025.05.19	02:26:56.486	1.33037	1.33040			6
2025.05.19	02:26:57.091	1.33036				2
2025.05.19	02:26:57.393		1.33039			4
2025.05.19	02:26:58.326		1.33038			4
2025.05.19	02:27:00.175	1.33036				2
2025.05.19	02:27:01.713		1.33039			4
2025.05.19	02:27:03.239	1.33037	1.33040			6
2025.05.19	02:27:14.858	1.33040	1.33043			6
2025.05.19	02:27:21.874		1.33042			4
2025.05.19	02:27:24.017	1.33035	1.33038			6
2025.05.19	02:27:25.250	1.33034				2
2025.05.19	02:27:30.186		1.33037			4
2025.05.19	02:27:32.357		1.33038			4
2025.05.19	02:27:34.828		1.33037			4
2025.05.19	02:27:36.058	1.33035	1.33038			6
2025.05.19	02:27:39.137	1.33034				2
2025.05.19	02:27:43.142	1.33035				2
2025.05.19	02:27:44.365	1.33034	1.33037			6
2025.05.19	02:27:51.084	1.33035				2
2025.05.19	02:27:51.393		1.33038			4
2025.05.19	02:28:00.026	1.33035				2
2025.05.19	02:28:01.575	1.33034	1.33037			6
2025.05.19	02:28:02.191	1.33036	1.33038			6
2025.05.19	02:28:02.503	1.33037	1.33039			6
2025.05.19	02:28:03.126		1.33040			4
2025.05.19	02:28:14.562	1.33036	1.33039			6
2025.05.19	02:28:16.418	1.33035	1.33038			6
2025.05.19	02:28:24.147	1.33036	1.33039			6
2025.05.19	02:28:26.310	1.33035	1.33038			6
2025.05.19	02:28:27.540	1.33036	1.33039			6
2025.05.19	02:28:29.086	1.33038	1.33040			6
2025.05.19	02:28:30.011		1.33041			4
2025.05.19	02:28:41.120	1.33043	1.33045			6
2025.05.19	02:28:42.054		1.33046			4
2025.05.19	02:28:42.364	1.33042				2
2025.05.19	02:28:44.210	1.33043				2
2025.05.19	02:28:45.140	1.33041	1.33045			6
2025.05.19	02:28:46.372		1.33044			4
2025.05.19	02:28:48.534	1.33040	1.33043			6
2025.05.19	02:28:50.074	1.33041	1.33044			6
2025.05.19	02:28:52.233	1.33040	1.33042			6
2025.05.19	02:28:52.549		1.33043			4
2025.05.19	02:29:00.242	1.33040				2
2025.05.19	02:29:06.432	1.33044	1.33047			6
2025.05.19	02:29:08.296	1.33043				2
2025.05.19	02:29:09.538		1.33046			4
2025.05.19	02:29:10.777	1.33044	1.33047			6
2025.05.19	02:29:11.399	1.33043				2
2025.05.19	02:29:12.940		1.33046			4
2025.05.19	02:29:14.797		1.33045			4
2025.05.19	02:29:15.105		1.33047			4
2025.05.19	02:29:19.120	1.33044				2
2025.05.19	02:29:28.414	1.33038	1.33041			6
2025.05.19	02:29:29.336		1.33042			4
2025.05.19	02:29:30.254	1.33036	1.33039			6
2025.05.19	02:29:42.631	1.33034	1.33038			6
2025.05.19	02:29:48.202	1.33035	1.33039			6
2025.05.19	02:29:55.033	1.33034				2
2025.05.19	02:29:56.271		1.33038			4
2025.05.19	02:29:56.885	1.33035	1.33039			6
2025.05.19	02:29:58.462	1.33034	1.33038			6
2025.05.19	02:30:00.017	1.33034				2
2025.05.19	02:30:00.639		1.33036			4
2025.05.19	02:30:00.939		1.33037			4
2025.05.19	02:30:02.788		1.33038			4
2025.05.19	02:30:08.995	1.33033	1.33037			6
2025.05.19	02:30:10.231	1.33034				2
2025.05.19	02:30:11.782	1.33033				2
2025.05.19	02:30:14.254	1.33034				2
2025.05.19	02:30:22.557	1.33035				2
2025.05.19	02:30:23.175		1.33038			4
2025.05.19	02:30:25.331	1.33036	1.33039			6
2025.05.19	02:30:25.935	1.33038	1.33040			6
2025.05.19	02:30:26.541		1.33041			4
2025.05.19	02:30:40.007	1.33037	1.33040			6
2025.05.19	02:30:41.529	1.33038				2
2025.05.19	02:30:44.895		1.33041			4
2025.05.19	02:31:00.005	1.33038				2
2025.05.19	02:31:12.689	1.33039				2
2025.05.19	02:31:12.999	1.33040	1.33043			6
2025.05.19	02:31:13.927	1.33041	1.33044			6
2025.05.19	02:31:14.862	1.33040	1.33043			6
2025.05.19	02:31:31.936	1.33041	1.33044			6
2025.05.19	02:31:33.497	1.33040	1.33043			6
2025.05.19	02:31:34.731	1.33041				2
2025.05.19	02:31:35.037		1.33044			4
2025.05.19	02:31:35.356	1.33043	1.33045			6
2025.05.19	02:31:35.662	1.33042				2
2025.05.19	02:31:36.285	1.33043	1.33046			6
2025.05.19	02:31:36.592	1.33039	1.33042			6
2025.05.19	02:31:36.902	1.33043	1.33045			6
2025.05.19	02:31:38.451		1.33046			4
2025.05.19	02:31:50.828	1.33040	1.33043			6
2025.05.19	02:31:52.996	1.33038	1.33041			6
2025.05.19	02:31:53.317		1.33040			4
2025.05.19	02:31:58.877	1.33035	1.33039			6
2025.05.19	02:32:00.122	1.33035				2
2025.05.19	02:32:00.436		1.33038			4
2025.05.19	02:32:12.540	1.33036	1.33039			6
2025.05.19	02:32:16.568		1.33038			4
2025.05.19	02:32:16.875	1.33035				2
2025.05.19	02:32:50.911	1.33034	1.33035			6
2025.05.19	02:32:51.214	1.33030	1.33031			6
2025.05.19	02:32:51.517	1.33031	1.33034			6
2025.05.19	02:32:51.821	1.33030	1.33033			6
2025.05.19	02:32:52.135		1.33034			4
2025.05.19	02:32:56.143	1.33031				2
2025.05.19	02:32:56.457		1.33035			4
2025.05.19	02:32:59.237		1.33034			4
2025.05.19	02:33:00.175	1.33031				2
2025.05.19	02:33:03.249	1.33032				2
2025.05.19	02:33:03.558	1.33031	1.33033			6
2025.05.19	02:33:04.183	1.33030	1.33032			6
2025.05.19	02:33:04.800	1.33025	1.33028			6
2025.05.19	02:33:05.107	1.33024				2
2025.05.19	02:33:05.423	1.33025	1.33027			6
2025.05.19	02:33:05.734	1.33024				2
2025.05.19	02:33:11.923	1.33023	1.33024			6
2025.05.19	02:33:12.227	1.33021				2
2025.05.19	02:33:13.799	1.33020				2
2025.05.19	02:33:14.105		1.33023			4
2025.05.19	02:33:14.416	1.33019	1.33022			6
2025.05.19	02:33:16.281	1.33017				2
2025.05.19	02:33:16.582	1.33014	1.33019			6
2025.05.19	02:33:17.208	1.33015				2
2025.05.19	02:33:18.449	1.33014				2
2025.05.19	02:33:21.844		1.33017			4
2025.05.19	02:33:29.619	1.33016	1.33018			6
2025.05.19	02:33:29.931		1.33019			4
2025.05.19	02:33:30.240	1.33015	1.33018			6
2025.05.19	02:33:32.088	1.33018	1.33020			6
2025.05.19	02:33:32.390	1.33019	1.33023			6
2025.05.19	02:33:33.322	1.33020				2
2025.05.19	02:33:33.943	1.33019				2
2025.05.19	02:33:34.865		1.33024			4
2025.05.19	02:33:41.365		1.33023			4
2025.05.19	02:33:49.123	1.33017	1.33020			6
2025.05.19	02:33:49.440	1.33016				2
2025.05.19	02:33:52.519	1.33017	1.33021			6
2025.05.19	02:33:53.136	1.33019	1.33022			6
2025.05.19	02:33:57.468	1.33017	1.33021			6
2025.05.19	02:33:58.081	1.33019	1.33022			6
2025.05.19	02:34:00.232	1.33019				2
2025.05.19	02:34:02.408	1.33016	1.33021			6
2025.05.19	02:34:05.487	1.33021	1.33025			6
2025.05.19	02:34:05.791	1.33024	1.33027			6
2025.05.19	02:34:06.091	1.33025				2
2025.05.19	02:34:06.399	1.33022	1.33026			6
2025.05.19	02:34:07.630	1.33024	1.33028			6
2025.05.19	02:34:09.788	1.33023	1.33027			6
2025.05.19	02:34:10.102	1.33024				2
2025.05.19	02:34:16.607		1.33028			4
2025.05.19	02:34:17.236	1.33025				2
2025.05.19	02:34:18.161	1.33024				2
2025.05.19	02:34:18.472	1.33025				2
2025.05.19	02:34:18.791	1.33024				2
2025.05.19	02:34:20.331	1.33022	1.33027			6
2025.05.19	02:34:26.195	1.33021	1.33026			6
2025.05.19	02:34:26.496	1.33022				2
2025.05.19	02:34:27.418	1.33021	1.33027			6
2025.05.19	02:34:27.725	1.33022				2
2025.05.19	02:34:28.649	1.33024				2
2025.05.19	02:34:30.816	1.33022				2
2025.05.19	02:34:34.509	1.33023				2
2025.05.19	02:34:34.812	1.33022				2
2025.05.19	02:34:36.044	1.33023				2
2025.05.19	02:34:40.654	1.33025				2
2025.05.19	02:34:43.734		1.33028			4
2025.05.19	02:34:52.666	1.33026				2
2025.05.19	02:34:52.976	1.33025				2
2025.05.19	02:34:53.279		1.33027			4
2025.05.19	02:34:53.891		1.33028			4
2025.05.19	02:34:59.139	1.33024	1.33027			6
2025.05.19	02:34:59.444	1.33021	1.33025			6
2025.05.19	02:35:00.071	1.33021				2
2025.05.19	02:35:00.378		1.33026			4
2025.05.19	02:35:00.679		1.33025			4
2025.05.19	02:35:00.979		1.33026			4
2025.05.19	02:35:02.820	1.33024	1.33028			6
2025.05.19	02:35:03.125	1.33025				2
2025.05.19	02:35:03.445		1.33029			4
2025.05.19	02:35:04.982		1.33028			4
2025.05.19	02:35:09.307	1.33024				2
2025.05.19	02:35:13.024		1.33029			4
2025.05.19	02:35:43.543	1.33025				2
2025.05.19	02:36:00.142	1.33034	1.33036			6
2025.05.19	02:36:00.444		1.33037			4
2025.05.19	02:36:00.756	1.33030	1.33034			6
2025.05.19	02:36:01.057	1.33031				2
2025.05.19	02:36:01.360		1.33035			4
2025.05.19	02:36:18.345	1.33032	1.33036			6
2025.05.19	02:36:18.652	1.33031				2
2025.05.19	02:36:18.959	1.33032				2
2025.05.19	02:36:20.196	1.33031				2
2025.05.19	02:36:21.125	1.33032				2
2025.05.19	02:36:22.676	1.33031				2
2025.05.19	02:36:22.986	1.33032				2
2025.05.19	02:36:23.299		1.33035			4
2025.05.19	02:36:26.679	1.33031				2
2025.05.19	02:36:27.610	1.33032				2
2025.05.19	02:36:27.911	1.33031	1.33034			6
2025.05.19	02:36:28.217	1.33032	1.33036			6
2025.05.19	02:36:29.142	1.33031	1.33035			6
2025.05.19	02:36:29.454		1.33034			4
2025.05.19	02:36:33.120	1.33027	1.33030			6
2025.05.19	02:36:34.350	1.33031	1.33032			6
2025.05.19	02:36:34.661		1.33035			4
2025.05.19	02:36:36.231	1.33030				2
2025.05.19	02:36:36.860	1.33031				2
2025.05.19	02:36:38.420	1.33030	1.33034			6
2025.05.19	02:36:39.049		1.33035			4
2025.05.19	02:36:39.364		1.33034			4
2025.05.19	02:36:39.676		1.33035			4
2025.05.19	02:36:41.551	1.33031				2
2025.05.19	02:36:41.852	1.33030				2
2025.05.19	02:36:47.435		1.33034			4
2025.05.19	02:36:49.285	1.33032	1.33036			6
