<DATE>	<TIME>	<BID>	<ASK>	<LAST>	<VOLUME>	<FLAGS>
2025.06.04	00:03:31.201	1.35102	1.35261			6
2025.06.04	00:04:00.106	1.35102				2
2025.06.04	00:04:31.490		1.35261			4
2025.06.04	00:05:00.067	1.35102				2
2025.06.04	00:05:30.875	1.35107				2
2025.06.04	00:05:31.786		1.35261			4
2025.06.04	00:06:00.125	1.35109				2
2025.06.04	00:06:04.384	1.35107				2
2025.06.04	00:06:04.687	1.35109				2
2025.06.04	00:06:08.645	1.35102				2
2025.06.04	00:06:31.886		1.35261			4
2025.06.04	00:07:00.158	1.35102				2
2025.06.04	00:07:32.181		1.35261			4
2025.06.04	00:08:00.184	1.35102				2
2025.06.04	00:08:00.490		1.35259			4
2025.06.04	00:09:00.187	1.35102				2
2025.06.04	00:09:00.497		1.35259			4
2025.06.04	00:09:29.714	1.35106				2
2025.06.04	00:09:49.728	1.35107				2
2025.06.04	00:10:00.132	1.35107				2
2025.06.04	00:10:00.749		1.35259			4
2025.06.04	00:10:01.360	1.35102				2
2025.06.04	00:10:14.834	1.35110				2
2025.06.04	00:10:17.282	1.35111				2
2025.06.04	00:10:19.119	1.35106				2
2025.06.04	00:10:19.421	1.35105				2
2025.06.04	00:10:20.333	1.35106				2
2025.06.04	00:10:20.640	1.35107				2
2025.06.04	00:10:22.167	1.35104				2
2025.06.04	00:10:29.200	1.35105				2
2025.06.04	00:10:30.422	1.35104				2
2025.06.04	00:10:32.861	1.35102	1.35265			6
2025.06.04	00:11:00.225	1.35102				2
2025.06.04	00:11:32.853		1.35264			4
2025.06.04	00:11:54.568	1.35105				2
2025.06.04	00:11:54.874	1.35102				2
2025.06.04	00:11:55.481	1.35105				2
2025.06.04	00:11:56.094	1.35102				2
2025.06.04	00:11:56.400	1.35105				2
2025.06.04	00:11:57.016	1.35102				2
2025.06.04	00:11:57.623	1.35105				2
2025.06.04	00:11:57.928	1.35102				2
2025.06.04	00:11:58.540	1.35105				2
2025.06.04	00:11:58.850	1.35102				2
2025.06.04	00:11:59.456	1.35105				2
2025.06.04	00:12:00.064	1.35102				2
2025.06.04	00:12:00.369	1.35107				2
2025.06.04	00:12:00.983	1.35102				2
2025.06.04	00:12:01.597	1.35103				2
2025.06.04	00:12:01.900	1.35102				2
2025.06.04	00:12:02.513	1.35103				2
2025.06.04	00:12:03.129	1.35102				2
2025.06.04	00:12:03.431	1.35103				2
2025.06.04	00:12:04.048	1.35102				2
2025.06.04	00:12:04.355	1.35103				2
2025.06.04	00:12:04.973	1.35102				2
2025.06.04	00:12:05.583	1.35103				2
2025.06.04	00:12:05.892	1.35102				2
2025.06.04	00:12:08.975	1.35103				2
2025.06.04	00:12:09.281	1.35102				2
2025.06.04	00:12:09.900	1.35103				2
2025.06.04	00:12:10.518	1.35102				2
2025.06.04	00:12:10.825	1.35103				2
2025.06.04	00:12:11.438	1.35102				2
2025.06.04	00:12:11.748	1.35103				2
2025.06.04	00:12:12.362	1.35102				2
2025.06.04	00:12:12.973	1.35103				2
2025.06.04	00:12:13.284	1.35102				2
2025.06.04	00:12:32.946		1.35264			4
2025.06.04	00:13:00.003	1.35102				2
2025.06.04	00:13:18.747	1.35106				2
2025.06.04	00:13:21.828	1.35109				2
2025.06.04	00:13:26.098	1.35108				2
2025.06.04	00:13:33.111		1.35264			4
2025.06.04	00:13:50.808	1.35109				2
2025.06.04	00:13:52.950	1.35108				2
2025.06.04	00:13:56.298	1.35107				2
2025.06.04	00:13:56.606	1.35108				2
2025.06.04	00:13:56.911	1.35107				2
2025.06.04	00:14:00.275	1.35109				2
2025.06.04	00:14:01.189	1.35102				2
2025.06.04	00:14:29.889	1.35108				2
2025.06.04	00:14:31.117	1.35109				2
2025.06.04	00:14:33.247		1.35264			4
2025.06.04	00:14:43.621	1.35110				2
2025.06.04	00:14:45.760	1.35111				2
2025.06.04	00:14:46.976	1.35102				2
2025.06.04	00:15:00.127	1.35102				2
2025.06.04	00:15:33.535		1.35264			4
2025.06.04	00:16:00.301	1.35102				2
2025.06.04	00:16:03.070	1.35120				2
2025.06.04	00:16:04.297	1.35119				2
2025.06.04	00:16:07.992	1.35114				2
2025.06.04	00:16:33.539		1.35264			4
2025.06.04	00:17:00.017	1.35114				2
2025.06.04	00:17:00.940	1.35120				2
2025.06.04	00:17:04.625	1.35102				2
2025.06.04	00:17:04.932	1.35121				2
2025.06.04	00:17:08.326	1.35120				2
2025.06.04	00:17:08.952	1.35121				2
2025.06.04	00:17:09.252	1.35120				2
2025.06.04	00:17:11.719	1.35121				2
2025.06.04	00:17:33.575		1.35264			4
2025.06.04	00:17:33.881	1.35123				2
2025.06.04	00:17:47.722	1.35122				2
2025.06.04	00:17:48.038	1.35121				2
2025.06.04	00:18:00.032	1.35121				2
2025.06.04	00:18:04.959	1.35115				2
2025.06.04	00:18:05.574	1.35122				2
2025.06.04	00:18:06.495	1.35115				2
2025.06.04	00:18:06.803	1.35119				2
2025.06.04	00:18:09.268	1.35114				2
2025.06.04	00:18:09.884	1.35122				2
2025.06.04	00:18:10.806	1.35115				2
2025.06.04	00:18:12.039	1.35118				2
2025.06.04	00:18:12.347	1.35119				2
2025.06.04	00:18:13.267	1.35115				2
2025.06.04	00:18:13.884	1.35123				2
2025.06.04	00:18:14.803	1.35116				2
2025.06.04	00:18:16.035	1.35119				2
2025.06.04	00:18:16.963	1.35114				2
2025.06.04	00:18:18.803	1.35123				2
2025.06.04	00:18:20.342	1.35115				2
2025.06.04	00:18:20.961	1.35119				2
2025.06.04	00:18:21.875	1.35114				2
2025.06.04	00:18:33.869		1.35264			4
2025.06.04	00:18:47.698	1.35122				2
2025.06.04	00:18:56.003	1.35123				2
2025.06.04	00:18:59.389	1.35122				2
2025.06.04	00:19:00.004	1.35122				2
2025.06.04	00:19:13.231	1.35115				2
2025.06.04	00:19:15.989	1.35113				2
2025.06.04	00:19:32.900		1.35261			4
2025.06.04	00:19:52.261	1.35122				2
2025.06.04	00:20:00.264	1.35122				2
2025.06.04	00:20:00.572	1.35105				2
2025.06.04	00:20:02.107	1.35104				2
2025.06.04	00:20:33.151		1.35261			4
2025.06.04	00:21:00.215	1.35104				2
2025.06.04	00:21:13.728		1.35269			4
2025.06.04	00:21:14.341		1.35267			4
2025.06.04	00:21:27.571	1.35103				2
2025.06.04	00:21:54.323	1.35104				2
2025.06.04	00:22:00.166	1.35104				2
2025.06.04	00:22:14.613		1.35267			4
2025.06.04	00:23:00.018	1.35104				2
2025.06.04	00:23:14.453		1.35269			4
2025.06.04	00:23:14.754	1.35105				2
2025.06.04	00:23:15.979	1.35104	1.35260			6
2025.06.04	00:23:19.338	1.35105				2
2025.06.04	00:23:20.250	1.35106				2
2025.06.04	00:23:22.693	1.35110				2
2025.06.04	00:23:38.269	1.35109				2
2025.06.04	00:23:38.574	1.35110				2
2025.06.04	00:23:51.780	1.35115				2
2025.06.04	00:24:00.085	1.35115				2
2025.06.04	00:24:01.931	1.35114				2
2025.06.04	00:24:14.827	1.35113				2
2025.06.04	00:24:15.141	1.35130				2
2025.06.04	00:24:16.054		1.35258			4
2025.06.04	00:24:24.654	1.35113				2
2025.06.04	00:24:50.465	1.35115				2
2025.06.04	00:25:00.304	1.35115				2
2025.06.04	00:25:00.614	1.35101				2
2025.06.04	00:25:01.843		1.35257			4
2025.06.04	00:25:04.301	1.35120				2
2025.06.04	00:25:16.595	1.35121				2
2025.06.04	00:25:17.520	1.35124	1.35258			6
2025.06.04	00:25:18.446		1.35257			4
2025.06.04	00:25:19.060	1.35101				2
2025.06.04	00:25:21.215		1.35259			4
2025.06.04	00:25:30.442	1.35133				2
2025.06.04	00:25:31.976	1.35134				2
2025.06.04	00:25:33.208	1.35101				2
2025.06.04	00:25:34.749	1.35127				2
2025.06.04	00:25:39.363	1.35101				2
2025.06.04	00:25:39.979	1.35133				2
2025.06.04	00:25:40.907	1.35101				2
2025.06.04	00:25:41.516	1.35135				2
2025.06.04	00:25:43.060	1.35136				2
2025.06.04	00:25:43.370	1.35101				2
2025.06.04	00:25:43.988	1.35139				2
2025.06.04	00:25:55.923	1.35129				2
2025.06.04	00:25:58.386	1.35139				2
2025.06.04	00:26:00.231	1.35139				2
2025.06.04	00:26:09.762	1.35129				2
2025.06.04	00:26:15.601	1.35135				2
2025.06.04	00:26:16.523	1.35136				2
2025.06.04	00:26:17.755	1.35137				2
2025.06.04	00:26:21.125	1.35140				2
2025.06.04	00:26:21.432		1.35259			4
2025.06.04	00:26:27.264	1.35100				2
2025.06.04	00:26:54.611	1.35141				2
2025.06.04	00:26:56.148	1.35100				2
2025.06.04	00:27:00.146	1.35100				2
2025.06.04	00:27:04.756		1.35258			4
2025.06.04	00:27:07.213	1.35140				2
2025.06.04	00:27:10.889		1.35259			4
2025.06.04	00:27:21.607	1.35100				2
2025.06.04	00:27:25.602	1.35099				2
2025.06.04	00:27:27.143		1.35258			4
2025.06.04	00:27:43.108		1.35257			4
2025.06.04	00:28:00.007	1.35099				2
2025.06.04	00:28:04.308		1.35258			4
2025.06.04	00:28:04.613	1.35138				2
2025.06.04	00:28:10.722	1.35099				2
2025.06.04	00:28:29.168	1.35136				2
2025.06.04	00:28:30.698	1.35099				2
2025.06.04	00:28:34.379		1.35257			4
2025.06.04	00:28:37.452		1.35255			4
2025.06.04	00:28:42.671	1.35141				2
2025.06.04	00:28:54.270	1.35099	1.35254			6
2025.06.04	00:29:00.101	1.35099				2
2025.06.04	00:29:10.289		1.35255			4
2025.06.04	00:29:31.499		1.35254			4
2025.06.04	00:30:00.080	1.35099	1.35253			6
2025.06.04	00:30:00.388		1.35249			4
2025.06.04	00:30:03.158	1.35129				2
2025.06.04	00:30:04.996	1.35099				2
2025.06.04	00:30:12.976	1.35134				2
2025.06.04	00:30:13.280		1.35248			4
2025.06.04	00:30:15.396		1.35249			4
2025.06.04	00:30:15.700	1.35099				2
2025.06.04	00:30:17.403		1.35246			4
2025.06.04	00:30:22.936	1.35129				2
2025.06.04	00:30:25.094		1.35245			4
2025.06.04	00:30:28.174	1.35099				2
2025.06.04	00:30:30.939	1.35129				2
2025.06.04	00:30:36.476	1.35099				2
2025.06.04	00:30:38.012		1.35248			4
2025.06.04	00:30:38.328		1.35245			4
2025.06.04	00:30:41.407		1.35244			4
2025.06.04	00:30:53.084	1.35130				2
2025.06.04	00:31:00.133	1.35130				2
2025.06.04	00:31:00.743	1.35099	1.35243			6
2025.06.04	00:31:01.049	1.35129				2
2025.06.04	00:31:01.364	1.35123				2
2025.06.04	00:31:01.665	1.35099	1.35244			6
2025.06.04	00:31:01.976	1.35123				2
2025.06.04	00:31:02.286		1.35243			4
2025.06.04	00:31:02.590	1.35125				2
2025.06.04	00:31:04.133	1.35099				2
2025.06.04	00:31:04.438	1.35126				2
2025.06.04	00:31:04.748	1.35099	1.35244			6
2025.06.04	00:31:05.056	1.35126				2
2025.06.04	00:31:05.366		1.35243			4
2025.06.04	00:31:07.828	1.35099				2
2025.06.04	00:31:12.743		1.35242			4
2025.06.04	00:31:14.583		1.35245			4
2025.06.04	00:31:24.127		1.35244			4
2025.06.04	00:31:25.047		1.35245			4
2025.06.04	00:31:25.357	1.35098				2
2025.06.04	00:31:31.204	1.35122	1.35244			6
2025.06.04	00:31:33.669	1.35098				2
2025.06.04	00:31:41.358	1.35114				2
2025.06.04	00:31:42.595	1.35098				2
2025.06.04	00:31:43.816	1.35123				2
2025.06.04	00:31:44.430	1.35098				2
2025.06.04	00:31:54.288	1.35127				2
2025.06.04	00:31:56.423	1.35126				2
2025.06.04	00:32:00.111	1.35126				2
2025.06.04	00:32:00.411	1.35127				2
2025.06.04	00:32:00.720	1.35132				2
2025.06.04	00:32:01.333	1.35126				2
2025.06.04	00:32:04.719	1.35127				2
2025.06.04	00:32:06.256	1.35131				2
2025.06.04	00:32:08.100	1.35132				2
2025.06.04	00:32:10.570	1.35133				2
2025.06.04	00:32:11.188	1.35120				2
2025.06.04	00:32:12.420	1.35121				2
2025.06.04	00:32:13.339	1.35122				2
2025.06.04	00:32:14.569	1.35121				2
2025.06.04	00:32:16.723	1.35122				2
2025.06.04	00:32:21.026	1.35098				2
2025.06.04	00:32:22.249	1.35108				2
2025.06.04	00:32:28.402		1.35243			4
2025.06.04	00:32:33.322	1.35102				2
2025.06.04	00:32:37.018	1.35103				2
2025.06.04	00:32:41.319	1.35102				2
2025.06.04	00:32:41.619	1.35098				2
2025.06.04	00:32:45.005		1.35242			4
2025.06.04	00:33:00.071	1.35098				2
2025.06.04	00:33:00.378	1.35104				2
2025.06.04	00:33:00.680	1.35106	1.35241			6
2025.06.04	00:33:00.994	1.35102				2
2025.06.04	00:33:03.146	1.35098				2
2025.06.04	00:33:30.220		1.35240			4
2025.06.04	00:34:00.043	1.35098				2
2025.06.04	00:34:00.654		1.35241			4
2025.06.04	00:35:52.226	1.35098	1.35239			6
2025.06.04	00:35:54.357	1.35106	1.35242			6
2025.06.04	00:36:00.213	1.35106				2
2025.06.04	00:36:18.087	1.35104				2
2025.06.04	00:36:18.389	1.35113				2
2025.06.04	00:36:19.013	1.35105	1.35241			6
2025.06.04	00:36:23.314	1.35098				2
2025.06.04	00:36:23.625	1.35104				2
2025.06.04	00:36:23.928	1.35098				2
2025.06.04	00:36:26.077	1.35103				2
2025.06.04	00:36:26.693	1.35120	1.35240			6
2025.06.04	00:36:27.606	1.35098	1.35242			6
2025.06.04	00:36:28.230		1.35241			4
2025.06.04	00:36:31.912	1.35104				2
2025.06.04	00:36:32.220	1.35098				2
2025.06.04	00:36:39.277	1.35112				2
2025.06.04	00:37:01.358	1.35115				2
2025.06.04	00:37:02.288	1.35112				2
2025.06.04	00:37:05.562		1.35240			4
2025.06.04	00:37:09.402		1.35241			4
2025.06.04	00:37:10.837		1.35240			4
2025.06.04	00:37:33.280		1.35237			4
2025.06.04	00:37:34.816		1.35239			4
2025.06.04	00:37:35.918		1.35240			4
2025.06.04	00:37:52.062		1.35239			4
2025.06.04	00:37:53.261		1.35240			4
2025.06.04	00:37:55.397		1.35239			4
2025.06.04	00:37:55.859		1.35232			4
2025.06.04	00:37:57.701		1.35239			4
2025.06.04	00:37:59.049		1.35240			4
2025.06.04	00:38:05.862	1.35112				2
2025.06.04	00:38:17.390		1.35242			4
2025.06.04	00:38:17.861		1.35243			4
2025.06.04	00:38:43.824		1.35236			4
2025.06.04	00:38:44.454		1.35239			4
2025.06.04	00:38:48.448		1.35240			4
2025.06.04	00:38:49.458		1.35238			4
2025.06.04	00:39:00.191	1.35112				2
2025.06.04	00:39:06.465		1.35237			4
2025.06.04	00:39:23.832	1.35127				2
2025.06.04	00:39:24.446	1.35132				2
2025.06.04	00:39:25.675		1.35236			4
2025.06.04	00:39:26.596		1.35245			4
2025.06.04	00:39:26.900		1.35242			4
2025.06.04	00:39:30.600		1.35241			4
2025.06.04	00:39:31.213		1.35246			4
2025.06.04	00:39:32.750		1.35240			4
2025.06.04	00:39:35.513		1.35239			4
2025.06.04	00:39:38.276	1.35128				2
2025.06.04	00:39:49.344		1.35237			4
2025.06.04	00:39:49.653		1.35241			4
2025.06.04	00:39:49.960	1.35127	1.35240			6
2025.06.04	00:39:51.197		1.35246			4
2025.06.04	00:39:51.607		1.35238			4
2025.06.04	00:39:52.218		1.35245			4
2025.06.04	00:39:52.528		1.35241			4
2025.06.04	00:39:52.834	1.35128				2
2025.06.04	00:39:56.213		1.35246			4
2025.06.04	00:39:59.149	1.35127	1.35240			6
2025.06.04	00:40:00.075	1.35127				2
2025.06.04	00:40:05.622	1.35128				2
2025.06.04	00:40:06.236		1.35246			4
2025.06.04	00:40:07.965		1.35244			4
2025.06.04	00:40:08.577		1.35246			4
2025.06.04	00:40:09.750		1.35245			4
2025.06.04	00:40:10.358		1.35243			4
2025.06.04	00:40:11.284		1.35244			4
2025.06.04	00:40:11.589		1.35242			4
2025.06.04	00:40:14.046		1.35241			4
2025.06.04	00:40:15.272	1.35129	1.35240			6
2025.06.04	00:40:15.584		1.35239			4
2025.06.04	00:40:15.888		1.35240			4
2025.06.04	00:40:16.503		1.35239			4
2025.06.04	00:40:18.653	1.35127	1.35238			6
2025.06.04	00:40:20.790	1.35128	1.35239			6
2025.06.04	00:40:21.092	1.35129	1.35238			6
2025.06.04	00:40:21.711	1.35128	1.35234			6
2025.06.04	00:40:22.013	1.35129	1.35236			6
2025.06.04	00:40:22.625		1.35232			4
2025.06.04	00:40:22.930	1.35128	1.35233			6
2025.06.04	00:40:25.966		1.35235			4
2025.06.04	00:40:26.572		1.35236			4
2025.06.04	00:40:26.874	1.35129				2
2025.06.04	00:40:30.857	1.35128				2
2025.06.04	00:40:31.169		1.35235			4
2025.06.04	00:40:32.086		1.35239			4
2025.06.04	00:40:32.391	1.35129				2
2025.06.04	00:40:32.708	1.35128				2
2025.06.04	00:40:33.936	1.35130	1.35237			6
2025.06.04	00:40:34.240		1.35233			4
2025.06.04	00:40:36.668	1.35131	1.35237			6
2025.06.04	00:40:38.820	1.35130	1.35233			6
2025.06.04	00:40:40.958	1.35129				2
2025.06.04	00:40:41.260		1.35244			4
2025.06.04	00:40:41.570		1.35242			4
2025.06.04	00:40:45.877		1.35241			4
2025.06.04	00:40:47.413	1.35128				2
2025.06.04	00:40:51.405	1.35129	1.35233			6
2025.06.04	00:40:52.946	1.35130				2
2025.06.04	00:40:54.169	1.35131	1.35238			6
2025.06.04	00:40:55.985		1.35237			4
2025.06.04	00:40:56.906	1.35128	1.35229			6
2025.06.04	00:40:58.126	1.35127				2
2025.06.04	00:41:00.263	1.35127				2
2025.06.04	00:41:01.175	1.35129	1.35246			6
2025.06.04	00:41:04.556		1.35242			4
2025.06.04	00:41:05.781	1.35130				2
2025.06.04	00:41:06.401	1.35129				2
2025.06.04	00:41:07.317	1.35127	1.35245			6
2025.06.04	00:41:08.545	1.35128				2
2025.06.04	00:41:09.475		1.35244			4
2025.06.04	00:41:12.865		1.35246			4
2025.06.04	00:41:15.675		1.35242			4
2025.06.04	00:41:17.826		1.35244			4
2025.06.04	00:41:23.364		1.35243			4
2025.06.04	00:41:24.589		1.35244			4
2025.06.04	00:41:24.897		1.35243			4
2025.06.04	00:41:25.816		1.35242			4
2025.06.04	00:41:28.279	1.35129	1.35240			6
2025.06.04	00:41:28.588	1.35130				2
2025.06.04	00:41:28.895		1.35246			4
2025.06.04	00:41:29.244	1.35129	1.35242			6
2025.06.04	00:41:29.860	1.35136	1.35231			6
2025.06.04	00:41:30.473	1.35130	1.35234			6
2025.06.04	00:41:30.774		1.35242			4
2025.06.04	00:41:31.394	1.35134	1.35229			6
2025.06.04	00:41:33.534	1.35128	1.35231			6
2025.06.04	00:41:35.675		1.35244			4
2025.06.04	00:41:35.979		1.35246			4
2025.06.04	00:41:36.365		1.35242			4
2025.06.04	00:41:36.975	1.35129	1.35246			6
2025.06.04	00:41:37.521		1.35243			4
2025.06.04	00:41:37.829		1.35242			4
2025.06.04	00:41:39.658	1.35128				2
2025.06.04	00:41:43.945		1.35241			4
2025.06.04	00:41:47.933	1.35129				2
2025.06.04	00:41:50.079	1.35127	1.35242			6
2025.06.04	00:41:50.387		1.35243			4
2025.06.04	00:41:51.308	1.35130	1.35235			6
2025.06.04	00:41:51.619	1.35131				2
2025.06.04	00:41:54.080	1.35130	1.35239			6
2025.06.04	00:41:55.310		1.35237			4
2025.06.04	00:41:58.375	1.35128				2
2025.06.04	00:42:00.225	1.35128				2
2025.06.04	00:42:01.149	1.35131	1.35236			6
2025.06.04	00:42:02.075	1.35132	1.35238			6
2025.06.04	00:42:02.693	1.35129	1.35246			6
2025.06.04	00:42:03.133	1.35130				2
2025.06.04	00:42:05.192	1.35129	1.35242			6
2025.06.04	00:42:05.511		1.35246			4
2025.06.04	00:42:05.855		1.35241			4
2025.06.04	00:42:07.388		1.35240			4
2025.06.04	00:42:08.930	1.35128	1.35239			6
2025.06.04	00:42:09.236		1.35240			4
2025.06.04	00:42:10.164		1.35241			4
2025.06.04	00:42:10.477	1.35130	1.35237			6
2025.06.04	00:42:10.781		1.35234			4
2025.06.04	00:42:11.095	1.35128	1.35242			6
2025.06.04	00:42:11.402		1.35240			4
2025.06.04	00:42:11.707		1.35243			4
2025.06.04	00:42:12.015	1.35129				2
2025.06.04	00:42:15.390		1.35244			4
2025.06.04	00:42:16.003	1.35130	1.35242			6
2025.06.04	00:42:17.851	1.35129	1.35241			6
2025.06.04	00:42:23.691	1.35128	1.35238			6
2025.06.04	00:42:24.000		1.35241			4
2025.06.04	00:42:24.619	1.35127				2
2025.06.04	00:42:27.693	1.35128	1.35239			6
2025.06.04	00:42:29.232	1.35127				2
2025.06.04	00:42:31.077		1.35234			4
2025.06.04	00:42:31.386	1.35129	1.35232			6
2025.06.04	00:42:31.693	1.35130	1.35244			6
2025.06.04	00:42:32.001		1.35232			4
2025.06.04	00:42:33.227		1.35230			4
2025.06.04	00:42:33.528		1.35234			4
2025.06.04	00:42:33.842	1.35129				2
2025.06.04	00:42:35.685		1.35233			4
2025.06.04	00:42:37.842		1.35232			4
2025.06.04	00:42:38.148		1.35231			4
2025.06.04	00:42:41.217	1.35128	1.35240			6
2025.06.04	00:42:41.526		1.35241			4
2025.06.04	00:42:43.677	1.35129				2
2025.06.04	00:42:44.603		1.35242			4
2025.06.04	00:42:46.761	1.35128				2
2025.06.04	00:42:48.601	1.35129	1.35245			6
2025.06.04	00:42:49.215		1.35241			4
2025.06.04	00:42:50.753		1.35240			4
2025.06.04	00:42:51.062	1.35128				2
2025.06.04	00:42:51.373		1.35223			4
2025.06.04	00:42:51.677	1.35129				2
2025.06.04	00:42:52.889	1.35128	1.35236			6
2025.06.04	00:42:53.505	1.35129	1.35246			6
2025.06.04	00:42:53.999		1.35234			4
2025.06.04	00:42:54.310	1.35128				2
2025.06.04	00:42:59.847		1.35231			4
2025.06.04	00:43:00.156	1.35128	1.35232			6
2025.06.04	00:43:01.076		1.35240			4
2025.06.04	00:43:01.382		1.35242			4
2025.06.04	00:43:01.693		1.35241			4
2025.06.04	00:43:02.617	1.35130	1.35245			6
2025.06.04	00:43:02.930		1.35238			4
2025.06.04	00:43:03.538	1.35129				2
2025.06.04	00:43:05.072	1.35130	1.35228			6
2025.06.04	00:43:05.380		1.35245			4
2025.06.04	00:43:05.687		1.35243			4
2025.06.04	00:43:06.004	1.35129	1.35235			6
2025.06.04	00:43:07.227		1.35238			4
2025.06.04	00:43:07.539		1.35240			4
2025.06.04	00:43:07.843	1.35130				2
2025.06.04	00:43:08.148		1.35233			4
2025.06.04	00:43:08.456	1.35131				2
2025.06.04	00:43:08.766	1.35130	1.35239			6
2025.06.04	00:43:09.075		1.35240			4
2025.06.04	00:43:10.294	1.35129	1.35239			6
2025.06.04	00:43:11.221	1.35128	1.35240			6
2025.06.04	00:43:11.533		1.35232			4
2025.06.04	00:43:11.837	1.35129	1.35236			6
2025.06.04	00:43:12.145		1.35246			4
2025.06.04	00:43:13.053		1.35237			4
2025.06.04	00:43:13.976	1.35130	1.35246			6
2025.06.04	00:43:14.962		1.35237			4
2025.06.04	00:43:15.269	1.35128				2
2025.06.04	00:43:15.883	1.35130	1.35228			6
2025.06.04	00:43:16.801	1.35128				2
2025.06.04	00:43:18.341		1.35227			4
2025.06.04	00:43:20.176		1.35235			4
2025.06.04	00:43:20.789	1.35129	1.35236			6
2025.06.04	00:43:21.098		1.35246			4
2025.06.04	00:43:21.739	1.35130				2
2025.06.04	00:43:23.557	1.35129				2
2025.06.04	00:43:26.304		1.35245			4
2025.06.04	00:43:26.611		1.35237			4
2025.06.04	00:43:26.919	1.35128				2
2025.06.04	00:43:28.763		1.35236			4
2025.06.04	00:43:29.683	1.35129				2
2025.06.04	00:43:29.992	1.35130	1.35244			6
2025.06.04	00:43:30.296		1.35246			4
2025.06.04	00:43:31.662	1.35129				2
2025.06.04	00:43:35.012		1.35245			4
2025.06.04	00:43:36.547		1.35246			4
2025.06.04	00:43:37.471	1.35130				2
2025.06.04	00:43:44.970	1.35129	1.35243			6
2025.06.04	00:43:45.277		1.35242			4
2025.06.04	00:43:48.051		1.35245			4
2025.06.04	00:43:48.360		1.35241			4
2025.06.04	00:43:50.204		1.35240			4
2025.06.04	00:43:52.666		1.35237			4
2025.06.04	00:43:52.974	1.35130	1.35225			6
2025.06.04	00:43:54.194	1.35129	1.35241			6
2025.06.04	00:43:56.957		1.35242			4
2025.06.04	00:43:58.482		1.35240			4
2025.06.04	00:44:00.036	1.35129				2
2025.06.04	00:44:00.953	1.35128				2
2025.06.04	00:44:04.349		1.35239			4
2025.06.04	00:44:04.654	1.35129	1.35237			6
2025.06.04	00:44:05.569		1.35236			4
2025.06.04	00:44:05.869	1.35128	1.35233			6
2025.06.04	00:44:06.177		1.35226			4
2025.06.04	00:44:07.991		1.35229			4
2025.06.04	00:44:08.598		1.35228			4
2025.06.04	00:44:09.819	1.35129	1.35240			6
2025.06.04	00:44:14.098		1.35242			4
2025.06.04	00:44:18.692		1.35243			4
2025.06.04	00:44:21.148		1.35246			4
2025.06.04	00:44:21.601		1.35236			4
2025.06.04	00:44:22.528	1.35130	1.35246			6
2025.06.04	00:44:22.997		1.35236			4
2025.06.04	00:44:23.609	1.35129				2
2025.06.04	00:44:25.768		1.35234			4
2025.06.04	00:44:29.144		1.35235			4
2025.06.04	00:44:29.764	1.35130	1.35238			6
2025.06.04	00:44:30.374	1.35131	1.35237			6
2025.06.04	00:44:30.990	1.35132	1.35239			6
2025.06.04	00:44:35.913	1.35129	1.35246			6
2025.06.04	00:44:36.238		1.35238			4
2025.06.04	00:44:37.163	1.35128				2
2025.06.04	00:44:37.469		1.35226			4
2025.06.04	00:44:38.703		1.35225			4
2025.06.04	00:44:41.166		1.35237			4
2025.06.04	00:44:41.782		1.35239			4
2025.06.04	00:44:43.315		1.35238			4
2025.06.04	00:44:44.243		1.35234			4
2025.06.04	00:44:44.552		1.35238			4
2025.06.04	00:44:45.472	1.35129				2
2025.06.04	00:44:46.710		1.35241			4
2025.06.04	00:44:47.321	1.35128				2
2025.06.04	00:44:48.864	1.35129	1.35242			6
2025.06.04	00:44:50.698	1.35128				2
2025.06.04	00:44:51.008		1.35238			4
2025.06.04	00:44:51.919		1.35240			4
2025.06.04	00:44:54.044		1.35239			4
2025.06.04	00:44:54.658	1.35129	1.35242			6
2025.06.04	00:44:55.268		1.35244			4
2025.06.04	00:44:55.570		1.35243			4
2025.06.04	00:44:56.192		1.35244			4
2025.06.04	00:44:59.565		1.35242			4
2025.06.04	00:44:59.880		1.35244			4
2025.06.04	00:45:00.180	1.35129				2
2025.06.04	00:45:02.031	1.35127				2
2025.06.04	00:45:04.183	1.35120	1.35245			6
2025.06.04	00:45:04.487	1.35129	1.35243			6
2025.06.04	00:45:08.958	1.35145	1.35227			6
2025.06.04	00:45:10.167	1.35144				2
2025.06.04	00:45:10.474		1.35229			4
2025.06.04	00:45:11.085	1.35145	1.35228			6
2025.06.04	00:45:11.396		1.35219			4
2025.06.04	00:45:12.628	1.35146				2
2025.06.04	00:45:13.860		1.35220			4
2025.06.04	00:45:14.167		1.35219			4
2025.06.04	00:45:14.469		1.35220			4
2025.06.04	00:45:15.087		1.35221			4
2025.06.04	00:45:15.390	1.35145				2
2025.06.04	00:45:16.320	1.35148	1.35223			6
2025.06.04	00:45:16.930	1.35145	1.35229			6
2025.06.04	00:45:21.233		1.35228			4
2025.06.04	00:45:21.843		1.35229			4
2025.06.04	00:45:22.157		1.35228			4
2025.06.04	00:45:24.916		1.35227			4
2025.06.04	00:45:25.223		1.35226			4
2025.06.04	00:45:28.296		1.35225			4
2025.06.04	00:45:35.359		1.35217			4
2025.06.04	00:45:35.973		1.35215			4
2025.06.04	00:45:36.900	1.35147	1.35217			6
2025.06.04	00:45:37.201	1.35145	1.35221			6
2025.06.04	00:45:40.576		1.35219			4
2025.06.04	00:45:41.190		1.35220			4
2025.06.04	00:45:43.652		1.35218			4
2025.06.04	00:45:43.957	1.35146				2
2025.06.04	00:45:45.495		1.35217			4
2025.06.04	00:45:48.567		1.35228			4
2025.06.04	00:45:49.182		1.35229			4
2025.06.04	00:45:51.337		1.35227			4
2025.06.04	00:45:53.181		1.35224			4
2025.06.04	00:45:53.794	1.35145				2
2025.06.04	00:45:59.642		1.35228			4
2025.06.04	00:46:00.254	1.35145				2
2025.06.04	00:46:03.919	1.35154	1.35237			6
2025.06.04	00:46:04.221	1.35146	1.35235			6
2025.06.04	00:46:04.526		1.35226			4
2025.06.04	00:46:04.831		1.35229			4
2025.06.04	00:46:11.258		1.35231			4
2025.06.04	00:46:14.035		1.35232			4
2025.06.04	00:46:19.270		1.35230			4
2025.06.04	00:46:24.817		1.35232			4
2025.06.04	00:46:38.652		1.35231			4
2025.06.04	00:46:39.568		1.35223			4
2025.06.04	00:46:39.880		1.35231			4
2025.06.04	00:46:41.110		1.35230			4
2025.06.04	00:46:45.406		1.35233			4
2025.06.04	00:46:48.486		1.35230			4
2025.06.04	00:46:48.787		1.35232			4
2025.06.04	00:46:50.329		1.35233			4
2025.06.04	00:46:51.871		1.35230			4
2025.06.04	00:46:58.633		1.35232			4
2025.06.04	00:46:59.248		1.35233			4
2025.06.04	00:47:00.169	1.35146				2
2025.06.04	00:47:02.013	1.35138				2
2025.06.04	00:47:04.472	1.35146				2
2025.06.04	00:47:05.088		1.35232			4
2025.06.04	00:47:06.013		1.35233			4
2025.06.04	00:47:17.084		1.35232			4
2025.06.04	00:47:18.004		1.35233			4
2025.06.04	00:47:21.397		1.35230			4
2025.06.04	00:47:22.008	1.35150				2
2025.06.04	00:47:26.926		1.35233			4
2025.06.04	00:47:27.541		1.35235			4
2025.06.04	00:47:34.313		1.35234			4
2025.06.04	00:47:34.618	1.35156	1.35219			6
2025.06.04	00:47:36.151	1.35150	1.35230			6
2025.06.04	00:47:36.766	1.35151				2
2025.06.04	00:47:37.069		1.35231			4
2025.06.04	00:47:37.382		1.35229			4
2025.06.04	00:47:38.916	1.35150	1.35231			6
2025.06.04	00:47:39.231		1.35229			4
2025.06.04	00:47:39.541		1.35233			4
2025.06.04	00:47:41.072	1.35151				2
2025.06.04	00:47:41.377		1.35235			4
2025.06.04	00:47:45.662		1.35227			4
2025.06.04	00:47:50.566		1.35222			4
2025.06.04	00:47:53.334		1.35221			4
2025.06.04	00:47:58.835		1.35220			4
2025.06.04	00:48:00.053	1.35151	1.35209			6
2025.06.04	00:48:02.492		1.35231			4
2025.06.04	00:48:02.796		1.35224			4
2025.06.04	00:48:03.715		1.35235			4
2025.06.04	00:48:04.021		1.35229			4
2025.06.04	00:48:04.636		1.35226			4
2025.06.04	00:48:04.946		1.35225			4
2025.06.04	00:48:07.700		1.35226			4
2025.06.04	00:48:10.153		1.35225			4
2025.06.04	00:48:10.460		1.35226			4
2025.06.04	00:48:10.765		1.35225			4
2025.06.04	00:48:11.071	1.35152				2
2025.06.04	00:48:19.346		1.35227			4
2025.06.04	00:48:25.157		1.35228			4
2025.06.04	00:48:26.991		1.35227			4
2025.06.04	00:48:42.053		1.35228			4
2025.06.04	00:48:43.600		1.35229			4
2025.06.04	00:48:44.834	1.35153	1.35227			6
2025.06.04	00:48:46.070		1.35226			4
2025.06.04	00:48:48.225	1.35152				2
2025.06.04	00:48:54.951		1.35227			4
2025.06.04	00:48:57.719		1.35226			4
2025.06.04	00:48:58.644		1.35224			4
2025.06.04	00:49:00.178	1.35152				2
2025.06.04	00:49:03.568		1.35225			4
2025.06.04	00:49:04.178		1.35226			4
2025.06.04	00:49:04.485		1.35228			4
2025.06.04	00:49:05.717	1.35153				2
2025.06.04	00:49:08.175		1.35219			4
2025.06.04	00:49:10.604		1.35232			4
2025.06.04	00:49:11.214		1.35233			4
2025.06.04	00:49:16.746		1.35230			4
2025.06.04	00:49:22.891		1.35228			4
2025.06.04	00:49:29.048		1.35227			4
2025.06.04	00:49:35.500		1.35226			4
2025.06.04	00:49:50.879		1.35223			4
2025.06.04	00:49:56.106		1.35222			4
2025.06.04	00:49:58.561		1.35219			4
2025.06.04	00:50:00.108	1.35153				2
2025.06.04	00:50:04.103		1.35225			4
2025.06.04	00:50:04.718		1.35227			4
2025.06.04	00:50:07.487		1.35228			4
2025.06.04	00:50:18.262		1.35227			4
2025.06.04	00:50:23.496	1.35163	1.35230			6
2025.06.04	00:50:23.804		1.35233			4
2025.06.04	00:50:26.848	1.35170				2
2025.06.04	00:50:28.062	1.35161				2
2025.06.04	00:50:30.834	1.35162				2
2025.06.04	00:50:47.436		1.35230			4
2025.06.04	00:50:50.518	1.35163				2
2025.06.04	00:50:54.200		1.35233			4
2025.06.04	00:51:00.040	1.35163				2
2025.06.04	00:51:02.196	1.35161				2
2025.06.04	00:51:04.050	1.35163				2
2025.06.04	00:51:04.669	1.35164				2
2025.06.04	00:51:16.362	1.35165				2
2025.06.04	00:51:17.912		1.35230			4
2025.06.04	00:51:20.984		1.35228			4
2025.06.04	00:51:21.296	1.35166				2
2025.06.04	00:51:24.363	1.35167				2
2025.06.04	00:51:30.180	1.35165				2
2025.06.04	00:51:44.004	1.35164				2
2025.06.04	00:51:46.768	1.35163				2
2025.06.04	00:51:52.923	1.35164				2
2025.06.04	00:51:58.118	1.35163				2
2025.06.04	00:52:00.260	1.35163				2
2025.06.04	00:52:21.147		1.35228			4
2025.06.04	00:52:26.983		1.35229			4
2025.06.04	00:52:34.011	1.35162				2
2025.06.04	00:52:36.168	1.35160				2
2025.06.04	00:52:43.552	1.35161				2
2025.06.04	00:52:44.479	1.35159				2
2025.06.04	00:52:49.391	1.35158				2
2025.06.04	00:52:51.240	1.35160				2
2025.06.04	00:52:51.546	1.35161				2
2025.06.04	00:52:52.471	1.35162				2
2025.06.04	00:53:00.158	1.35162				2
2025.06.04	00:53:01.082		1.35233			4
2025.06.04	00:53:03.233		1.35230			4
2025.06.04	00:53:24.071	1.35163				2
2025.06.04	00:53:28.072	1.35162				2
2025.06.04	00:53:28.683	1.35163				2
2025.06.04	00:53:41.832	1.35162				2
2025.06.04	00:54:00.238	1.35162				2
2025.06.04	00:54:03.321	1.35161	1.35230			6
2025.06.04	00:54:08.858	1.35162				2
2025.06.04	00:54:15.888	1.35163				2
2025.06.04	00:54:31.844	1.35165				2
2025.06.04	00:54:48.093	1.35163	1.35223			6
2025.06.04	00:54:48.400	1.35164				2
2025.06.04	00:54:52.696		1.35222			4
2025.06.04	00:54:59.125	1.35163				2
2025.06.04	00:55:00.050	1.35163				2
2025.06.04	00:55:00.668	1.35164				2
2025.06.04	00:55:00.969		1.35209			4
2025.06.04	00:55:03.423	1.35165				2
2025.06.04	00:55:05.263	1.35167				2
2025.06.04	00:55:07.706		1.35222			4
2025.06.04	00:55:08.012	1.35168				2
2025.06.04	00:55:11.670	1.35165				2
2025.06.04	00:55:11.977	1.35169				2
2025.06.04	00:55:31.190		1.35209			4
2025.06.04	00:55:32.106	1.35168				2
2025.06.04	00:55:36.999		1.35222			4
2025.06.04	00:55:37.619	1.35167				2
2025.06.04	00:55:37.920	1.35169				2
2025.06.04	00:55:39.771	1.35170				2
2025.06.04	00:55:48.071	1.35168				2
2025.06.04	00:55:48.377		1.35221			4
2025.06.04	00:56:00.031	1.35168				2
2025.06.04	00:56:03.709		1.35209			4
2025.06.04	00:56:06.167	1.35169				2
2025.06.04	00:56:08.934		1.35221			4
2025.06.04	00:56:25.566	1.35168	1.35218			6
2025.06.04	00:56:32.014	1.35156	1.35209			6
2025.06.04	00:56:35.701	1.35162	1.35195			6
2025.06.04	00:56:36.624	1.35159				2
2025.06.04	00:56:38.471		1.35213			4
2025.06.04	00:56:47.011		1.35216			4
2025.06.04	00:56:47.324		1.35217			4
2025.06.04	00:57:00.133	1.35159				2
2025.06.04	00:57:04.426		1.35195			4
2025.06.04	00:57:09.659		1.35217			4
2025.06.04	00:57:10.275	1.35158	1.35216			6
2025.06.04	00:57:13.961	1.35157	1.35215			6
2025.06.04	00:57:14.885	1.35154	1.35212			6
2025.06.04	00:57:25.335	1.35153	1.35211			6
2025.06.04	00:57:29.606	1.35156	1.35217			6
2025.06.04	00:57:29.908	1.35154				2
2025.06.04	00:57:34.193	1.35155				2
2025.06.04	00:57:46.505		1.35218			4
2025.06.04	00:57:59.683	1.35154				2
2025.06.04	00:58:00.301	1.35154				2
2025.06.04	00:58:19.361	1.35155				2
2025.06.04	00:58:23.353	1.35154				2
2025.06.04	00:58:24.283	1.35155				2
2025.06.04	00:58:25.198	1.35157				2
2025.06.04	00:58:28.573	1.35151				2
2025.06.04	00:58:28.890	1.35156				2
2025.06.04	00:58:29.190		1.35219			4
2025.06.04	00:58:29.496	1.35155				2
2025.06.04	00:58:29.805	1.35159				2
2025.06.04	00:58:31.935		1.35220			4
2025.06.04	00:58:36.810	1.35155				2
2025.06.04	00:58:44.746	1.35158				2
2025.06.04	00:58:49.020		1.35221			4
2025.06.04	00:58:50.244		1.35225			4
2025.06.04	00:58:51.157	1.35156	1.35224			6
2025.06.04	00:58:51.471	1.35157				2
2025.06.04	00:58:51.771	1.35156				2
2025.06.04	00:58:52.077		1.35223			4
2025.06.04	00:58:53.614	1.35149	1.35226			6
2025.06.04	00:58:53.919	1.35154				2
2025.06.04	00:58:54.220	1.35158				2
2025.06.04	00:58:54.527	1.35160				2
2025.06.04	00:58:55.446	1.35161				2
2025.06.04	00:58:55.749	1.35145				2
2025.06.04	00:58:56.054	1.35153				2
2025.06.04	00:58:56.673	1.35152				2
2025.06.04	00:58:59.433	1.35149				2
2025.06.04	00:59:00.043	1.35149				2
2025.06.04	00:59:00.970	1.35152				2
2025.06.04	00:59:11.420	1.35151				2
2025.06.04	00:59:12.956	1.35152				2
2025.06.04	00:59:16.035	1.35151				2
2025.06.04	00:59:18.795	1.35152				2
2025.06.04	00:59:20.325	1.35150				2
2025.06.04	00:59:21.862	1.35151				2
2025.06.04	00:59:30.143	1.35150				2
2025.06.04	00:59:31.063	1.35148				2
2025.06.04	00:59:31.369	1.35145				2
2025.06.04	00:59:31.677	1.35141				2
2025.06.04	00:59:32.598	1.35142				2
2025.06.04	00:59:34.443	1.35138				2
2025.06.04	00:59:35.356	1.35110				2
2025.06.04	00:59:36.274	1.35144				2
2025.06.04	00:59:36.581	1.35150				2
2025.06.04	00:59:36.890	1.35141				2
2025.06.04	00:59:38.417	1.35110				2
2025.06.04	00:59:39.030	1.35131				2
2025.06.04	00:59:40.866	1.35132				2
2025.06.04	00:59:53.743		1.35226			4
2025.06.04	00:59:55.891	1.35129				2
2025.06.04	00:59:58.338	1.35132				2
2025.06.04	00:59:58.949	1.35110				2
2025.06.04	01:00:00.174	1.35105	1.35215			6
2025.06.04	01:00:00.482	1.35132	1.35222			6
2025.06.04	01:00:00.788	1.35123	1.35227			6
2025.06.04	01:00:01.095	1.35108	1.35215			6
2025.06.04	01:00:01.401	1.35143	1.35227			6
2025.06.04	01:00:01.717	1.35105	1.35215			6
2025.06.04	01:00:02.020	1.35143	1.35222			6
2025.06.04	01:00:02.330		1.35227			4
2025.06.04	01:00:02.632	1.35144				2
2025.06.04	01:00:03.244	1.35113	1.35223			6
2025.06.04	01:00:03.555	1.35176	1.35227			6
2025.06.04	01:00:04.464	1.35114	1.35224			6
2025.06.04	01:00:05.079	1.35132				2
2025.06.04	01:00:06.290	1.35154	1.35227			6
2025.06.04	01:00:06.903	1.35136	1.35224			6
2025.06.04	01:00:07.210	1.35151	1.35227			6
2025.06.04	01:00:07.520	1.35152				2
2025.06.04	01:00:08.131	1.35124	1.35224			6
2025.06.04	01:00:08.434	1.35151	1.35212			6
2025.06.04	01:00:09.342	1.35149				2
2025.06.04	01:00:09.648	1.35115				2
2025.06.04	01:00:10.256	1.35149				2
2025.06.04	01:00:10.560	1.35151				2
2025.06.04	01:00:11.163	1.35153				2
2025.06.04	01:00:12.075	1.35158				2
2025.06.04	01:00:12.378	1.35160				2
2025.06.04	01:00:12.682	1.35161				2
2025.06.04	01:00:12.983	1.35153				2
2025.06.04	01:00:13.287	1.35115				2
2025.06.04	01:00:13.597	1.35151				2
2025.06.04	01:00:13.898	1.35115				2
2025.06.04	01:00:14.836	1.35159				2
2025.06.04	01:00:15.141	1.35162				2
2025.06.04	01:00:15.443	1.35159				2
2025.06.04	01:00:15.751	1.35120				2
2025.06.04	01:00:16.372	1.35159				2
2025.06.04	01:00:16.679	1.35122				2
2025.06.04	01:00:16.997	1.35162				2
2025.06.04	01:00:17.302	1.35161				2
2025.06.04	01:00:17.612	1.35162				2
2025.06.04	01:00:18.232	1.35161				2
2025.06.04	01:00:18.533	1.35158	1.35207			6
2025.06.04	01:00:18.833	1.35123				2
2025.06.04	01:00:19.142	1.35157				2
2025.06.04	01:00:19.442	1.35158				2
2025.06.04	01:00:20.058	1.35123				2
2025.06.04	01:00:20.683	1.35162				2
2025.06.04	01:00:21.297	1.35156				2
2025.06.04	01:00:21.603	1.35123				2
2025.06.04	01:00:21.915	1.35160				2
2025.06.04	01:00:22.218	1.35158				2
2025.06.04	01:00:22.823	1.35162				2
2025.06.04	01:00:23.126		1.35181			4
2025.06.04	01:00:23.434	1.35163	1.35186			6
2025.06.04	01:00:24.051	1.35168	1.35195			6
2025.06.04	01:00:24.353	1.35173	1.35197			6
2025.06.04	01:00:28.036		1.35195			4
2025.06.04	01:00:30.163	1.35174				2
2025.06.04	01:00:30.780	1.35173				2
2025.06.04	01:00:34.448		1.35197			4
2025.06.04	01:00:38.415		1.35196			4
2025.06.04	01:00:38.734		1.35194			4
2025.06.04	01:00:43.921		1.35196			4
2025.06.04	01:00:45.140		1.35194			4
2025.06.04	01:00:48.490		1.35196			4
2025.06.04	01:00:54.597	1.35174				2
2025.06.04	01:00:55.821		1.35192			4
2025.06.04	01:00:57.979	1.35173				2
2025.06.04	01:00:58.892	1.35182	1.35199			6
2025.06.04	01:00:59.194	1.35181				2
2025.06.04	01:01:00.103	1.35182				2
2025.06.04	01:01:03.462	1.35181				2
2025.06.04	01:01:03.767	1.35175				2
2025.06.04	01:01:04.072	1.35197	1.35198			6
2025.06.04	01:01:04.381	1.35180	1.35197			6
2025.06.04	01:01:04.693	1.35197	1.35198			6
2025.06.04	01:01:05.300	1.35198	1.35199			6
2025.06.04	01:01:05.605	1.35197				2
2025.06.04	01:01:06.229	1.35198				2
2025.06.04	01:01:09.293	1.35180				2
2025.06.04	01:01:10.831	1.35199	1.35200			6
2025.06.04	01:01:17.518	1.35176	1.35199			6
2025.06.04	01:01:17.820	1.35198				2
2025.06.04	01:01:19.041	1.35199	1.35200			6
2025.06.04	01:01:20.267	1.35198	1.35199			6
2025.06.04	01:01:21.182	1.35180				2
2025.06.04	01:01:22.704	1.35194				2
2025.06.04	01:01:23.007	1.35187	1.35192			6
2025.06.04	01:01:24.232	1.35195	1.35200			6
2025.06.04	01:01:28.208	1.35188	1.35193			6
2025.06.04	01:01:31.556	1.35195	1.35200			6
2025.06.04	01:01:31.858	1.35194	1.35199			6
2025.06.04	01:01:33.376	1.35188	1.35193			6
2025.06.04	01:01:41.266	1.35194	1.35199			6
2025.06.04	01:01:42.173	1.35193	1.35198			6
2025.06.04	01:01:42.781	1.35187	1.35192			6
2025.06.04	01:01:43.084	1.35194	1.35199			6
2025.06.04	01:01:45.530	1.35192	1.35197			6
2025.06.04	01:01:47.043	1.35184	1.35189			6
2025.06.04	01:01:47.350	1.35185	1.35190			6
2025.06.04	01:01:49.170	1.35183	1.35188			6
2025.06.04	01:01:50.100	1.35189	1.35194			6
2025.06.04	01:01:56.184	1.35190				2
2025.06.04	01:01:59.248	1.35188	1.35193			6
2025.06.04	01:02:00.166	1.35188				2
2025.06.04	01:02:02.616	1.35190	1.35195			6
2025.06.04	01:02:03.221	1.35191	1.35196			6
2025.06.04	01:02:04.755	1.35192	1.35195			6
2025.06.04	01:02:05.063	1.35193				2
2025.06.04	01:02:11.494	1.35187	1.35192			6
2025.06.04	01:02:11.795	1.35192	1.35197			6
2025.06.04	01:02:23.418	1.35190	1.35195			6
2025.06.04	01:02:23.722	1.35192	1.35197			6
2025.06.04	01:02:24.025	1.35193	1.35198			6
2025.06.04	01:02:24.328	1.35192	1.35197			6
2025.06.04	01:02:25.239	1.35191	1.35196			6
2025.06.04	01:02:27.371	1.35192	1.35197			6
2025.06.04	01:02:33.188	1.35193	1.35198			6
2025.06.04	01:02:44.179	1.35192	1.35197			6
2025.06.04	01:03:00.032	1.35192				2
2025.06.04	01:03:02.478	1.35193	1.35198			6
2025.06.04	01:03:12.562	1.35194	1.35199			6
2025.06.04	01:03:15.307	1.35193	1.35198			6
2025.06.04	01:03:39.057	1.35192	1.35197			6
2025.06.04	01:03:40.277	1.35193	1.35198			6
2025.06.04	01:03:43.326	1.35194	1.35199			6
2025.06.04	01:03:45.145	1.35193	1.35198			6
2025.06.04	01:04:00.037	1.35193				2
2025.06.04	01:04:04.599	1.35196	1.35200			6
2025.06.04	01:04:07.950		1.35201			4
2025.06.04	01:04:08.869	1.35195	1.35200			6
2025.06.04	01:04:12.519	1.35193	1.35198			6
2025.06.04	01:04:30.519	1.35198	1.35203			6
2025.06.04	01:04:30.823	1.35197	1.35202			6
2025.06.04	01:04:31.131	1.35198	1.35203			6
2025.06.04	01:04:41.210	1.35199	1.35204			6
2025.06.04	01:04:43.639	1.35204	1.35205			6
2025.06.04	01:04:46.061	1.35205	1.35206			6
2025.06.04	01:04:50.637		1.35207			4
2025.06.04	01:04:53.369		1.35206			4
2025.06.04	01:04:53.670	1.35204	1.35205			6
2025.06.04	01:04:56.100	1.35206	1.35209			6
2025.06.04	01:05:00.079	1.35206				2
2025.06.04	01:05:01.916		1.35211			4
2025.06.04	01:05:02.217	1.35210	1.35213			6
2025.06.04	01:05:03.145	1.35212				2
2025.06.04	01:05:21.880		1.35214			4
2025.06.04	01:05:22.811		1.35213			4
2025.06.04	01:05:23.728	1.35211	1.35214			6
2025.06.04	01:05:24.146		1.35215			4
2025.06.04	01:05:24.467	1.35215	1.35216			6
2025.06.04	01:05:25.380	1.35216	1.35217			6
2025.06.04	01:05:26.606	1.35215	1.35216			6
2025.06.04	01:05:35.185	1.35216	1.35217			6
2025.06.04	01:05:36.402	1.35215	1.35216			6
2025.06.04	01:05:40.690	1.35216	1.35217			6
2025.06.04	01:05:46.205	1.35215	1.35216			6
2025.06.04	01:05:51.086	1.35216	1.35219			6
2025.06.04	01:05:51.387	1.35221	1.35225			6
2025.06.04	01:05:53.547		1.35222			4
2025.06.04	01:05:53.852	1.35220				2
2025.06.04	01:05:59.377		1.35223			4
2025.06.04	01:06:00.302	1.35220				2
2025.06.04	01:06:01.523		1.35224			4
2025.06.04	01:06:03.365	1.35222				2
2025.06.04	01:06:03.980	1.35221				2
2025.06.04	01:06:05.210		1.35225			4
2025.06.04	01:06:18.725		1.35226			4
2025.06.04	01:06:21.184		1.35225			4
2025.06.04	01:06:35.345		1.35224			4
2025.06.04	01:06:35.653		1.35225			4
2025.06.04	01:06:46.383		1.35224			4
2025.06.04	01:06:56.478		1.35225			4
2025.06.04	01:07:00.154	1.35221				2
2025.06.04	01:07:03.806	1.35222				2
2025.06.04	01:07:26.782	1.35223				2
2025.06.04	01:07:32.014		1.35224			4
2025.06.04	01:07:32.943		1.35225			4
2025.06.04	01:07:41.292		1.35224			4
2025.06.04	01:07:41.594	1.35222				2
2025.06.04	01:07:42.212		1.35225			4
2025.06.04	01:07:52.600		1.35223			4
2025.06.04	01:08:00.263	1.35222				2
2025.06.04	01:08:00.877		1.35224			4
2025.06.04	01:08:01.495		1.35223			4
2025.06.04	01:08:02.734		1.35224			4
2025.06.04	01:08:04.579		1.35223			4
2025.06.04	01:08:05.506		1.35224			4
2025.06.04	01:08:17.229	1.35223				2
2025.06.04	01:08:32.646		1.35225			4
2025.06.04	01:08:36.348		1.35224			4
2025.06.04	01:08:41.574		1.35225			4
2025.06.04	01:08:42.198		1.35224			4
2025.06.04	01:08:44.654		1.35225			4
2025.06.04	01:08:44.964	1.35222				2
2025.06.04	01:08:55.754		1.35224			4
2025.06.04	01:08:58.207	1.35221	1.35223			6
2025.06.04	01:08:59.137	1.35219	1.35220			6
2025.06.04	01:09:00.063	1.35219				2
2025.06.04	01:09:01.914	1.35218	1.35219			6
2025.06.04	01:09:07.159	1.35219	1.35220			6
2025.06.04	01:09:07.475	1.35216	1.35218			6
2025.06.04	01:09:12.715		1.35217			4
2025.06.04	01:09:28.377	1.35215	1.35216			6
2025.06.04	01:09:30.215	1.35213	1.35214			6
2025.06.04	01:09:41.850	1.35214	1.35215			6
2025.06.04	01:09:52.344	1.35213	1.35214			6
2025.06.04	01:09:54.182	1.35214	1.35215			6
2025.06.04	01:09:56.339	1.35213	1.35214			6
2025.06.04	01:09:59.114	1.35208	1.35210			6
2025.06.04	01:10:00.037	1.35208				2
2025.06.04	01:10:00.347	1.35211	1.35212			6
2025.06.04	01:10:04.352	1.35212	1.35213			6
2025.06.04	01:10:04.669	1.35211	1.35212			6
2025.06.04	01:10:04.972	1.35212	1.35213			6
2025.06.04	01:10:05.594	1.35211	1.35212			6
2025.06.04	01:10:07.746	1.35212	1.35213			6
2025.06.04	01:10:11.126	1.35211	1.35212			6
2025.06.04	01:10:12.059	1.35212	1.35213			6
2025.06.04	01:10:16.063	1.35211	1.35212			6
2025.06.04	01:10:21.915	1.35212	1.35213			6
2025.06.04	01:10:22.523	1.35211	1.35212			6
2025.06.04	01:10:23.152	1.35210	1.35211			6
2025.06.04	01:10:23.462	1.35209	1.35210			6
2025.06.04	01:10:24.385	1.35210	1.35211			6
2025.06.04	01:10:24.696	1.35209	1.35210			6
2025.06.04	01:10:25.931	1.35208	1.35209			6
2025.06.04	01:10:27.164	1.35207	1.35208			6
2025.06.04	01:10:27.472	1.35205	1.35206			6
2025.06.04	01:10:33.016	1.35203	1.35204			6
2025.06.04	01:10:34.561	1.35202	1.35203			6
2025.06.04	01:10:37.650	1.35203	1.35204			6
2025.06.04	01:10:38.579	1.35202	1.35203			6
2025.06.04	01:10:44.126	1.35203	1.35204			6
2025.06.04	01:10:45.346	1.35202	1.35203			6
2025.06.04	01:10:47.197	1.35203	1.35204			6
2025.06.04	01:10:47.503	1.35202	1.35203			6
2025.06.04	01:10:51.489	1.35201	1.35202			6
2025.06.04	01:11:00.071	1.35201				2
2025.06.04	01:11:01.320	1.35202	1.35203			6
2025.06.04	01:11:03.179	1.35201	1.35202			6
2025.06.04	01:11:07.484	1.35200	1.35201			6
2025.06.04	01:11:07.786	1.35199	1.35200			6
2025.06.04	01:11:12.407	1.35194	1.35195			6
2025.06.04	01:11:13.342	1.35199	1.35200			6
2025.06.04	01:11:13.644	1.35200	1.35201			6
2025.06.04	01:11:14.577	1.35201	1.35202			6
2025.06.04	01:11:24.132	1.35202	1.35203			6
2025.06.04	01:11:26.597	1.35196	1.35197			6
2025.06.04	01:11:26.908	1.35195	1.35196			6
2025.06.04	01:11:27.211	1.35196	1.35197			6
2025.06.04	01:11:28.137	1.35195	1.35196			6
2025.06.04	01:12:00.148	1.35195				2
2025.06.04	01:12:02.301	1.35196	1.35197			6
2025.06.04	01:12:04.462	1.35195	1.35196			6
2025.06.04	01:12:06.316	1.35198	1.35199			6
2025.06.04	01:12:08.465	1.35199	1.35200			6
2025.06.04	01:12:12.776	1.35200	1.35201			6
2025.06.04	01:12:37.990	1.35201	1.35202			6
2025.06.04	01:12:38.292	1.35203	1.35204			6
2025.06.04	01:12:39.220	1.35204	1.35205			6
2025.06.04	01:12:45.078	1.35203	1.35204			6
2025.06.04	01:12:49.687	1.35204	1.35205			6
2025.06.04	01:12:50.302	1.35203	1.35204			6
2025.06.04	01:12:53.082	1.35204	1.35205			6
2025.06.04	01:12:59.852	1.35203	1.35204			6
2025.06.04	01:13:00.158	1.35204	1.35205			6
2025.06.04	01:13:00.774	1.35198	1.35202			6
2025.06.04	01:13:01.080	1.35204	1.35205			6
2025.06.04	01:13:17.069	1.35205	1.35206			6
2025.06.04	01:13:17.371	1.35206	1.35207			6
2025.06.04	01:13:19.213	1.35208	1.35209			6
2025.06.04	01:14:00.100	1.35208				2
2025.06.04	01:14:00.405	1.35209	1.35210			6
2025.06.04	01:14:05.644	1.35208	1.35209			6
2025.06.04	01:14:09.940	1.35209	1.35210			6
2025.06.04	01:14:46.580	1.35208	1.35209			6
2025.06.04	01:14:48.732	1.35209	1.35210			6
2025.06.04	01:15:00.123	1.35209				2
2025.06.04	01:15:01.971	1.35210	1.35211			6
2025.06.04	01:15:03.518	1.35209	1.35210			6
2025.06.04	01:15:04.138	1.35210	1.35211			6
2025.06.04	01:15:10.590	1.35209	1.35210			6
2025.06.04	01:15:11.824	1.35210	1.35211			6
2025.06.04	01:15:18.894	1.35212	1.35213			6
2025.06.04	01:15:19.199	1.35210	1.35211			6
2025.06.04	01:15:25.345	1.35209	1.35210			6
2025.06.04	01:15:26.262	1.35210	1.35211			6
2025.06.04	01:15:26.879	1.35209	1.35210			6
2025.06.04	01:15:27.179	1.35210	1.35211			6
2025.06.04	01:15:28.718	1.35209	1.35210			6
2025.06.04	01:15:29.336	1.35210	1.35211			6
2025.06.04	01:15:45.618	1.35209	1.35210			6
2025.06.04	01:15:46.234	1.35210	1.35211			6
2025.06.04	01:15:56.367	1.35205	1.35209			6
2025.06.04	01:16:00.057	1.35205				2
2025.06.04	01:16:00.359	1.35209	1.35210			6
2025.06.04	01:16:01.289	1.35208	1.35209			6
2025.06.04	01:16:11.735	1.35209	1.35210			6
2025.06.04	01:16:30.493	1.35213	1.35214			6
2025.06.04	01:16:31.727	1.35212	1.35213			6
2025.06.04	01:16:38.799	1.35210	1.35211			6
2025.06.04	01:16:41.274		1.35212			4
2025.06.04	01:16:41.575		1.35211			4
2025.06.04	01:17:00.256	1.35210				2
2025.06.04	01:17:01.489	1.35209	1.35210			6
2025.06.04	01:17:02.408	1.35210	1.35211			6
2025.06.04	01:17:04.552	1.35209	1.35210			6
2025.06.04	01:17:11.310	1.35210	1.35211			6
2025.06.04	01:17:12.231	1.35209	1.35210			6
2025.06.04	01:17:16.224	1.35210	1.35211			6
2025.06.04	01:17:19.606	1.35209	1.35210			6
2025.06.04	01:17:23.607	1.35206	1.35208			6
2025.06.04	01:17:23.916	1.35204	1.35205			6
2025.06.04	01:17:24.221		1.35206			4
2025.06.04	01:17:24.525		1.35205			4
2025.06.04	01:17:24.834	1.35203				2
2025.06.04	01:17:29.443		1.35206			4
2025.06.04	01:17:30.669		1.35204			4
2025.06.04	01:17:31.900		1.35206			4
2025.06.04	01:17:32.519		1.35204			4
2025.06.04	01:17:32.828		1.35205			4
2025.06.04	01:17:33.134		1.35204			4
2025.06.04	01:17:33.438		1.35206			4
2025.06.04	01:17:33.745		1.35205			4
2025.06.04	01:17:34.360		1.35204			4
2025.06.04	01:17:37.740	1.35204	1.35205			6
2025.06.04	01:17:56.146	1.35202	1.35203			6
2025.06.04	01:17:57.367	1.35203	1.35204			6
2025.06.04	01:17:58.288		1.35205			4
2025.06.04	01:18:00.126	1.35203				2
2025.06.04	01:18:25.922	1.35202				2
2025.06.04	01:18:26.228		1.35203			4
2025.06.04	01:18:40.068		1.35204			4
2025.06.04	01:18:55.169		1.35205			4
2025.06.04	01:19:00.103	1.35202				2
2025.06.04	01:19:55.257		1.35205			4
2025.06.04	01:20:00.188	1.35203				2
2025.06.04	01:20:01.729	1.35202	1.35206			6
2025.06.04	01:20:05.125		1.35205			4
2025.06.04	01:20:05.428		1.35206			4
2025.06.04	01:20:10.964		1.35205			4
2025.06.04	01:20:11.264		1.35206			4
2025.06.04	01:20:13.116		1.35205			4
2025.06.04	01:20:13.730		1.35206			4
2025.06.04	01:20:14.046		1.35205			4
2025.06.04	01:20:14.352	1.35203				2
2025.06.04	01:20:14.654	1.35213	1.35214			6
2025.06.04	01:20:14.961		1.35215			4
2025.06.04	01:20:18.037		1.35214			4
2025.06.04	01:20:21.408	1.35212				2
2025.06.04	01:20:22.956	1.35215	1.35216			6
2025.06.04	01:20:23.261	1.35214				2
2025.06.04	01:20:24.799		1.35215			4
2025.06.04	01:20:38.373	1.35213				2
2025.06.04	01:20:41.452	1.35214				2
2025.06.04	01:20:41.760	1.35215	1.35216			6
2025.06.04	01:20:43.923	1.35214				2
2025.06.04	01:20:44.231		1.35215			4
2025.06.04	01:20:53.430	1.35215	1.35216			6
2025.06.04	01:20:54.962	1.35214				2
2025.06.04	01:21:00.198	1.35214				2
2025.06.04	01:21:00.507		1.35215			4
2025.06.04	01:21:00.822		1.35216			4
2025.06.04	01:21:06.990	1.35213	1.35214			6
2025.06.04	01:21:15.614	1.35211	1.35215			6
2025.06.04	01:21:15.926		1.35214			4
2025.06.04	01:21:16.228	1.35210				2
2025.06.04	01:21:16.849	1.35211				2
2025.06.04	01:21:17.160	1.35212				2
2025.06.04	01:21:27.301	1.35211				2
2025.06.04	01:21:27.610	1.35212				2
2025.06.04	01:21:46.083	1.35211				2
2025.06.04	01:21:47.635	1.35212				2
2025.06.04	01:21:47.940	1.35211				2
2025.06.04	01:21:48.552	1.35212				2
2025.06.04	01:21:48.864	1.35211				2
2025.06.04	01:21:50.102	1.35212				2
2025.06.04	01:21:50.715	1.35211				2
2025.06.04	01:21:59.970	1.35210				2
2025.06.04	01:22:00.282	1.35211				2
2025.06.04	01:22:05.815	1.35210				2
2025.06.04	01:22:06.433	1.35211				2
2025.06.04	01:22:06.743	1.35213				2
2025.06.04	01:22:07.050	1.35211				2
2025.06.04	01:22:10.132	1.35210				2
2025.06.04	01:22:12.288	1.35211				2
2025.06.04	01:22:12.901	1.35213				2
2025.06.04	01:22:13.214	1.35211				2
2025.06.04	01:22:14.137	1.35210				2
2025.06.04	01:22:15.992	1.35211	1.35214			6
2025.06.04	01:22:16.299	1.35210				2
2025.06.04	01:22:19.373	1.35211				2
2025.06.04	01:22:19.679	1.35210				2
2025.06.04	01:22:21.228	1.35211				2
2025.06.04	01:22:21.539	1.35210				2
2025.06.04	01:22:22.147	1.35211				2
2025.06.04	01:22:26.148		1.35215			4
2025.06.04	01:22:26.456	1.35213				2
2025.06.04	01:22:26.766	1.35211				2
2025.06.04	01:22:27.993		1.35214			4
2025.06.04	01:23:00.290	1.35211				2
2025.06.04	01:23:03.670	1.35212				2
2025.06.04	01:23:03.977	1.35211				2
2025.06.04	01:23:12.894		1.35215			4
2025.06.04	01:23:16.569		1.35214			4
2025.06.04	01:23:19.631	1.35213				2
2025.06.04	01:23:19.932	1.35211				2
2025.06.04	01:23:27.007		1.35215			4
2025.06.04	01:23:27.935	1.35212	1.35214			6
2025.06.04	01:23:28.241	1.35211				2
2025.06.04	01:23:29.166	1.35212				2
2025.06.04	01:23:29.472	1.35211				2
2025.06.04	01:23:30.396	1.35212				2
2025.06.04	01:23:30.699	1.35211				2
2025.06.04	01:23:31.011	1.35212				2
2025.06.04	01:23:31.320	1.35211				2
2025.06.04	01:23:32.857		1.35215			4
2025.06.04	01:23:33.165	1.35212				2
2025.06.04	01:23:33.471	1.35211				2
2025.06.04	01:23:33.785		1.35214			4
2025.06.04	01:23:36.240	1.35212				2
2025.06.04	01:23:36.551	1.35211				2
2025.06.04	01:23:37.469	1.35212				2
2025.06.04	01:23:37.780	1.35211				2
2025.06.04	01:23:41.162	1.35212				2
2025.06.04	01:23:41.469	1.35211				2
2025.06.04	01:23:44.544	1.35212				2
2025.06.04	01:23:44.859	1.35211				2
2025.06.04	01:23:48.855	1.35210				2
2025.06.04	01:23:54.081	1.35211				2
2025.06.04	01:23:54.390	1.35210				2
2025.06.04	01:24:00.236	1.35210				2
2025.06.04	01:24:02.389	1.35211				2
2025.06.04	01:24:03.003	1.35210				2
2025.06.04	01:24:05.150	1.35211				2
2025.06.04	01:24:05.453	1.35210				2
2025.06.04	01:24:15.245	1.35211	1.35215			6
2025.06.04	01:24:16.777	1.35212				2
2025.06.04	01:24:17.083	1.35211				2
2025.06.04	01:24:21.982	1.35212				2
2025.06.04	01:24:22.296	1.35211				2
2025.06.04	01:24:29.380		1.35214			4
2025.06.04	01:24:30.301		1.35215			4
2025.06.04	01:24:37.377		1.35214			4
2025.06.04	01:24:37.683	1.35212	1.35216			6
2025.06.04	01:24:38.306	1.35213	1.35217			6
2025.06.04	01:24:48.158	1.35208	1.35212			6
2025.06.04	01:24:48.465	1.35207	1.35211			6
2025.06.04	01:24:49.999	1.35208	1.35212			6
2025.06.04	01:24:50.312	1.35207	1.35211			6
2025.06.04	01:25:00.139	1.35207				2
2025.06.04	01:25:05.372	1.35204	1.35208			6
2025.06.04	01:25:05.682	1.35200	1.35204			6
2025.06.04	01:25:07.525	1.35201				2
2025.06.04	01:25:10.594	1.35200				2
2025.06.04	01:25:10.913	1.35201				2
2025.06.04	01:25:25.677	1.35200				2
2025.06.04	01:26:00.082	1.35200				2
2025.06.04	01:26:05.909		1.35204			4
2025.06.04	01:26:08.360	1.35192	1.35194			6
2025.06.04	01:26:23.437		1.35195			4
2025.06.04	01:27:00.245	1.35194	1.35197			6
2025.06.04	01:27:00.553	1.35195	1.35198			6
2025.06.04	01:27:01.470	1.35196	1.35200			6
2025.06.04	01:27:03.928	1.35195	1.35198			6
2025.06.04	01:27:04.230		1.35199			4
2025.06.04	01:27:05.157	1.35197	1.35201			6
2025.06.04	01:27:12.855	1.35196	1.35200			6
2025.06.04	01:27:15.621	1.35195	1.35198			6
2025.06.04	01:27:16.536		1.35199			4
2025.06.04	01:27:16.841	1.35192	1.35195			6
2025.06.04	01:27:20.537	1.35191				2
2025.06.04	01:27:47.554	1.35192				2
2025.06.04	01:27:48.482	1.35191				2
2025.06.04	01:27:55.263	1.35193	1.35196			6
2025.06.04	01:27:55.572		1.35197			4
2025.06.04	01:27:58.031	1.35194	1.35198			6
2025.06.04	01:28:00.178	1.35194				2
2025.06.04	01:28:03.560	1.35193	1.35197			6
2025.06.04	01:28:05.714	1.35194	1.35198			6
2025.06.04	01:28:08.482	1.35193	1.35197			6
2025.06.04	01:28:33.749	1.35197	1.35199			6
2025.06.04	01:28:35.287		1.35200			4
2025.06.04	01:28:35.595	1.35196				2
2025.06.04	01:28:45.147	1.35194	1.35198			6
2025.06.04	01:28:47.599	1.35195				2
2025.06.04	01:28:47.915		1.35199			4
2025.06.04	01:28:48.223	1.35194	1.35198			6
2025.06.04	01:28:49.461	1.35193	1.35197			6
2025.06.04	01:28:49.769	1.35194	1.35198			6
2025.06.04	01:28:51.314	1.35193	1.35197			6
2025.06.04	01:28:55.630	1.35192	1.35196			6
2025.06.04	01:28:56.548	1.35193	1.35197			6
2025.06.04	01:29:00.242	1.35193				2
2025.06.04	01:29:02.396	1.35192	1.35196			6
2025.06.04	01:29:03.626	1.35193	1.35197			6
2025.06.04	01:29:11.940	1.35194	1.35198			6
2025.06.04	01:29:12.552	1.35193	1.35197			6
2025.06.04	01:29:15.936	1.35194	1.35198			6
2025.06.04	01:29:21.481	1.35193	1.35197			6
2025.06.04	01:29:26.719	1.35195	1.35199			6
2025.06.04	01:29:42.126	1.35194	1.35198			6
2025.06.04	01:29:52.909	1.35195	1.35199			6
2025.06.04	01:29:53.834	1.35196	1.35200			6
2025.06.04	01:29:54.762	1.35197	1.35201			6
2025.06.04	01:29:56.298	1.35200	1.35204			6
2025.06.04	01:30:00.305	1.35200				2
2025.06.04	01:30:03.083	1.35202	1.35206			6
2025.06.04	01:30:06.161	1.35203				2
2025.06.04	01:30:12.322		1.35205			4
2025.06.04	01:30:15.720		1.35206			4
2025.06.04	01:30:18.185		1.35207			4
2025.06.04	01:30:22.175	1.35204	1.35208			6
2025.06.04	01:30:23.722	1.35203	1.35206			6
2025.06.04	01:30:56.018	1.35201	1.35205			6
2025.06.04	01:30:56.941		1.35204			4
2025.06.04	01:30:57.249	1.35200				2
2025.06.04	01:30:58.173	1.35202	1.35206			6
2025.06.04	01:31:00.017	1.35202				2
2025.06.04	01:31:00.938	1.35201	1.35205			6
2025.06.04	01:31:02.162	1.35200	1.35204			6
2025.06.04	01:31:02.471	1.35198	1.35202			6
2025.06.04	01:31:24.589	1.35196	1.35200			6
2025.06.04	01:31:24.896	1.35193	1.35197			6
2025.06.04	01:31:25.510	1.35191	1.35195			6
2025.06.04	01:31:26.745		1.35194			4
2025.06.04	01:31:28.283		1.35195			4
2025.06.04	01:31:30.748	1.35193	1.35196			6
2025.06.04	01:31:36.605		1.35197			4
2025.06.04	01:31:36.919	1.35192	1.35196			6
2025.06.04	01:32:00.277	1.35192				2
2025.06.04	01:32:02.427	1.35193	1.35197			6
2025.06.04	01:32:10.780	1.35192	1.35196			6
2025.06.04	01:32:21.575	1.35191	1.35195			6
2025.06.04	01:32:37.302	1.35192	1.35196			6
2025.06.04	01:32:37.609	1.35191	1.35195			6
2025.06.04	01:32:38.227	1.35192	1.35196			6
2025.06.04	01:32:38.533	1.35191	1.35195			6
2025.06.04	01:32:49.020	1.35192	1.35196			6
2025.06.04	01:33:00.142	1.35192				2
2025.06.04	01:33:03.227	1.35193	1.35197			6
2025.06.04	01:33:03.529	1.35192	1.35196			6
2025.06.04	01:33:19.838	1.35191	1.35195			6
2025.06.04	01:33:21.686	1.35190	1.35194			6
2025.06.04	01:33:32.785	1.35189	1.35193			6
2025.06.04	01:33:34.612	1.35188	1.35192			6
2025.06.04	01:33:36.755	1.35189	1.35193			6
2025.06.04	01:33:37.057	1.35191	1.35195			6
2025.06.04	01:33:45.979	1.35192	1.35196			6
2025.06.04	01:34:00.028	1.35192				2
2025.06.04	01:34:46.208		1.35196			4
2025.06.04	01:35:00.055	1.35192				2
2025.06.04	01:35:03.425	1.35193	1.35197			6
2025.06.04	01:35:47.400	1.35203	1.35204			6
2025.06.04	01:35:47.705	1.35201				2
2025.06.04	01:35:52.332		1.35205			4
2025.06.04	01:36:00.027	1.35201				2
2025.06.04	01:36:04.958	1.35203				2
2025.06.04	01:36:06.826		1.35204			4
2025.06.04	01:36:07.133	1.35201	1.35205			6
2025.06.04	01:36:17.901	1.35199	1.35203			6
2025.06.04	01:36:36.067	1.35200	1.35204			6
2025.06.04	01:36:42.532	1.35201				2
2025.06.04	01:36:47.161	1.35203				2
2025.06.04	01:36:47.466	1.35201	1.35205			6
2025.06.04	01:36:47.771	1.35203				2
2025.06.04	01:37:00.105	1.35203	1.35207			6
2025.06.04	01:37:04.431	1.35204	1.35208			6
2025.06.04	01:37:08.445	1.35203	1.35207			6
2025.06.04	01:37:45.687	1.35204	1.35208			6
2025.06.04	01:37:46.000	1.35203	1.35207			6
2025.06.04	01:38:00.163	1.35203				2
2025.06.04	01:38:03.238	1.35204	1.35208			6
2025.06.04	01:38:14.311	1.35202	1.35206			6
2025.06.04	01:38:18.627	1.35194	1.35198			6
2025.06.04	01:38:18.932	1.35192	1.35196			6
2025.06.04	01:38:19.235		1.35197			4
2025.06.04	01:38:22.322	1.35193	1.35198			6
2025.06.04	01:38:32.459	1.35192	1.35197			6
2025.06.04	01:38:34.913	1.35197	1.35202			6
2025.06.04	01:38:36.149	1.35196	1.35201			6
2025.06.04	01:38:36.769	1.35194	1.35199			6
2025.06.04	01:38:46.933	1.35193	1.35197			6
2025.06.04	01:38:50.902	1.35191	1.35196			6
2025.06.04	01:38:58.602	1.35185	1.35190			6
2025.06.04	01:38:58.910	1.35182	1.35186			6
2025.06.04	01:39:00.139	1.35182				2
2025.06.04	01:39:04.138	1.35186	1.35191			6
2025.06.04	01:39:05.071	1.35187	1.35192			6
2025.06.04	01:39:05.993	1.35188	1.35193			6
2025.06.04	01:39:51.177	1.35191	1.35196			6
2025.06.04	01:39:51.482		1.35195			4
2025.06.04	01:39:58.259		1.35196			4
2025.06.04	01:40:00.099	1.35191				2
2025.06.04	01:40:02.566	1.35192				2
2025.06.04	01:40:02.868	1.35191				2
2025.06.04	01:40:03.175	1.35192				2
2025.06.04	01:40:03.480	1.35191				2
2025.06.04	01:40:07.180	1.35192				2
2025.06.04	01:40:07.480	1.35191				2
2025.06.04	01:40:33.964	1.35193	1.35197			6
2025.06.04	01:40:36.431	1.35195	1.35200			6
2025.06.04	01:40:37.973	1.35196	1.35201			6
2025.06.04	01:40:38.596	1.35197	1.35202			6
2025.06.04	01:40:40.132	1.35198	1.35203			6
2025.06.04	01:40:52.766	1.35201	1.35206			6
2025.06.04	01:41:00.161	1.35201				2
2025.06.04	01:41:16.467	1.35202	1.35207			6
2025.06.04	01:41:35.571	1.35203	1.35208			6
2025.06.04	01:41:45.408	1.35206	1.35211			6
2025.06.04	01:42:00.180	1.35206				2
2025.06.04	01:42:17.066	1.35205	1.35210			6
2025.06.04	01:42:42.609	1.35213	1.35218			6
2025.06.04	01:42:45.072	1.35214	1.35219			6
2025.06.04	01:42:57.408	1.35215	1.35220			6
2025.06.04	01:42:57.721	1.35216	1.35221			6
2025.06.04	01:43:00.188	1.35214	1.35219			6
2025.06.04	01:43:00.800	1.35216	1.35221			6
2025.06.04	01:43:14.355	1.35223	1.35228			6
2025.06.04	01:43:14.663	1.35222	1.35227			6
2025.06.04	01:43:39.864	1.35223	1.35228			6
2025.06.04	01:43:59.225	1.35221	1.35226			6
2025.06.04	01:44:00.148	1.35221				2
2025.06.04	01:44:09.989	1.35211	1.35216			6
2025.06.04	01:44:10.297		1.35215			4
2025.06.04	01:44:22.928	1.35212	1.35217			6
2025.06.04	01:44:47.849	1.35211	1.35215			6
2025.06.04	01:44:50.626		1.35216			4
2025.06.04	01:44:51.246		1.35215			4
2025.06.04	01:44:51.857		1.35216			4
2025.06.04	01:44:52.176		1.35215			4
2025.06.04	01:44:52.790		1.35216			4
2025.06.04	01:44:53.408		1.35215			4
2025.06.04	01:44:53.712		1.35216			4
2025.06.04	01:44:54.331		1.35215			4
2025.06.04	01:44:54.642		1.35216			4
2025.06.04	01:44:55.257		1.35215			4
2025.06.04	01:44:55.565	1.35210				2
2025.06.04	01:44:55.870	1.35211	1.35216			6
2025.06.04	01:44:56.179	1.35210	1.35215			6
2025.06.04	01:44:56.791	1.35211	1.35216			6
2025.06.04	01:44:57.108	1.35210	1.35215			6
2025.06.04	01:44:57.719	1.35211	1.35216			6
2025.06.04	01:44:58.338	1.35210	1.35215			6
2025.06.04	01:44:58.962	1.35211	1.35216			6
2025.06.04	01:44:59.269	1.35210	1.35215			6
2025.06.04	01:44:59.885	1.35211	1.35216			6
2025.06.04	01:45:00.198	1.35211				2
2025.06.04	01:45:00.503	1.35210	1.35215			6
2025.06.04	01:45:19.635	1.35211				2
2025.06.04	01:45:22.117	1.35213	1.35218			6
2025.06.04	01:45:32.909	1.35216	1.35220			6
2025.06.04	01:45:35.394	1.35215				2
2025.06.04	01:45:35.699		1.35219			4
2025.06.04	01:45:36.321		1.35220			4
2025.06.04	01:46:00.091	1.35215				2
2025.06.04	01:46:00.716	1.35212	1.35217			6
2025.06.04	01:46:01.328		1.35215			4
2025.06.04	01:46:05.968	1.35211				2
2025.06.04	01:46:09.983	1.35212	1.35217			6
2025.06.04	01:46:24.179	1.35216	1.35221			6
2025.06.04	01:46:26.947	1.35223	1.35228			6
2025.06.04	01:46:32.796	1.35217	1.35222			6
2025.06.04	01:46:34.023	1.35219	1.35224			6
2025.06.04	01:46:34.325	1.35220	1.35225			6
2025.06.04	01:46:34.643	1.35221	1.35226			6
2025.06.04	01:46:45.745	1.35220	1.35225			6
2025.06.04	01:46:46.049	1.35219	1.35224			6
2025.06.04	01:46:46.360	1.35218	1.35223			6
2025.06.04	01:46:46.975	1.35220	1.35225			6
2025.06.04	01:46:47.904	1.35219	1.35224			6
2025.06.04	01:46:48.217	1.35221	1.35226			6
2025.06.04	01:47:00.192	1.35221				2
2025.06.04	01:47:02.027	1.35223	1.35227			6
2025.06.04	01:47:02.945		1.35228			4
2025.06.04	01:47:03.248	1.35221	1.35226			6
2025.06.04	01:47:09.082	1.35224	1.35229			6
2025.06.04	01:47:09.703	1.35221	1.35226			6
2025.06.04	01:47:55.108	1.35218	1.35223			6
2025.06.04	01:47:59.094	1.35220	1.35225			6
2025.06.04	01:48:00.014	1.35220				2
2025.06.04	01:48:02.162	1.35218	1.35223			6
2025.06.04	01:48:09.242		1.35222			4
2025.06.04	01:48:12.018	1.35219	1.35224			6
2025.06.04	01:48:21.565	1.35216	1.35221			6
2025.06.04	01:48:22.489	1.35213	1.35218			6
2025.06.04	01:48:22.801	1.35210	1.35215			6
2025.06.04	01:48:23.109	1.35208	1.35213			6
2025.06.04	01:48:45.528	1.35211	1.35216			6
2025.06.04	01:48:45.844	1.35212	1.35217			6
2025.06.04	01:48:47.075	1.35213	1.35218			6
2025.06.04	01:48:50.462	1.35214	1.35219			6
2025.06.04	01:49:00.298	1.35214				2
2025.06.04	01:49:01.836	1.35215				2
2025.06.04	01:49:02.767		1.35220			4
2025.06.04	01:49:03.692	1.35216	1.35221			6
2025.06.04	01:49:07.053	1.35215	1.35220			6
2025.06.04	01:49:31.648	1.35216	1.35221			6
2025.06.04	01:50:00.256	1.35216				2
2025.06.04	01:50:19.355	1.35215	1.35220			6
2025.06.04	01:50:29.517	1.35216	1.35221			6
2025.06.04	01:50:47.975	1.35214	1.35219			6
2025.06.04	01:50:50.747	1.35215	1.35220			6
2025.06.04	01:51:00.306	1.35215				2
2025.06.04	01:51:44.940	1.35221	1.35226			6
2025.06.04	01:51:45.249	1.35223	1.35228			6
2025.06.04	01:51:58.173	1.35220	1.35225			6
2025.06.04	01:51:59.087	1.35221	1.35226			6
2025.06.04	01:52:00.012	1.35221				2
2025.06.04	01:52:00.321	1.35218	1.35223			6
2025.06.04	01:52:02.777	1.35222	1.35227			6
2025.06.04	01:52:04.012	1.35221	1.35226			6
2025.06.04	01:52:04.313	1.35222	1.35227			6
2025.06.04	01:52:05.233	1.35221	1.35226			6
2025.06.04	01:52:08.005	1.35222	1.35227			6
2025.06.04	01:52:08.925	1.35221	1.35226			6
2025.06.04	01:52:13.536	1.35222	1.35227			6
2025.06.04	01:52:25.203	1.35223	1.35228			6
2025.06.04	01:52:25.509	1.35222	1.35227			6
2025.06.04	01:52:31.019	1.35223	1.35228			6
2025.06.04	01:52:31.324	1.35222	1.35227			6
2025.06.04	01:52:36.225	1.35221	1.35226			6
2025.06.04	01:52:36.532	1.35222	1.35227			6
2025.06.04	01:52:55.570	1.35221	1.35226			6
2025.06.04	01:53:00.180	1.35220	1.35224			6
2025.06.04	01:53:01.412		1.35223			4
2025.06.04	01:53:01.721	1.35214	1.35218			6
2025.06.04	01:53:07.256	1.35212	1.35217			6
2025.06.04	01:53:07.559		1.35216			4
2025.06.04	01:53:09.423	1.35214	1.35219			6
2025.06.04	01:53:12.199	1.35212	1.35216			6
2025.06.04	01:53:12.511	1.35213				2
2025.06.04	01:53:12.813	1.35212				2
2025.06.04	01:53:18.344		1.35217			4
2025.06.04	01:53:30.946	1.35213	1.35218			6
2025.06.04	01:53:35.867	1.35216	1.35219			6
2025.06.04	01:53:36.184		1.35220			4
2025.06.04	01:53:36.489	1.35217	1.35222			6
2025.06.04	01:53:39.888		1.35221			4
2025.06.04	01:53:46.977		1.35222			4
2025.06.04	01:53:51.593		1.35221			4
2025.06.04	01:53:52.211		1.35222			4
2025.06.04	01:54:00.189	1.35217				2
2025.06.04	01:54:01.417		1.35221			4
2025.06.04	01:54:07.877	1.35218				2
2025.06.04	01:54:22.882	1.35214	1.35219			6
2025.06.04	01:54:23.185		1.35217			4
2025.06.04	01:54:24.412	1.35215	1.35220			6
2025.06.04	01:54:25.331	1.35217	1.35222			6
2025.06.04	01:54:25.945	1.35213	1.35218			6
2025.06.04	01:54:26.252		1.35217			4
2025.06.04	01:54:34.880	1.35212	1.35215			6
2025.06.04	01:54:36.121	1.35213	1.35217			6
2025.06.04	01:54:37.344		1.35218			4
2025.06.04	01:54:38.890	1.35211	1.35215			6
2025.06.04	01:54:45.339	1.35213				2
2025.06.04	01:54:45.642		1.35216			4
2025.06.04	01:54:50.261		1.35217			4
2025.06.04	01:54:50.563		1.35216			4
2025.06.04	01:54:51.489		1.35217			4
2025.06.04	01:54:52.415		1.35218			4
2025.06.04	01:54:53.647	1.35212	1.35216			6
2025.06.04	01:54:53.955		1.35215			4
2025.06.04	01:54:56.120	1.35210				2
2025.06.04	01:54:56.420		1.35214			4
2025.06.04	01:55:00.116	1.35210				2
2025.06.04	01:55:09.590	1.35209				2
2025.06.04	01:55:17.842		1.35213			4
2025.06.04	01:55:22.137	1.35210	1.35215			6
2025.06.04	01:55:22.446	1.35209	1.35213			6
2025.06.04	01:55:31.350	1.35211	1.35216			6
2025.06.04	01:55:44.233	1.35212	1.35217			6
2025.06.04	01:55:47.313	1.35211	1.35216			6
2025.06.04	01:55:55.626	1.35212	1.35217			6
2025.06.04	01:56:00.236	1.35212				2
2025.06.04	01:56:09.184	1.35213	1.35218			6
2025.06.04	01:56:13.496	1.35214	1.35219			6
2025.06.04	01:56:14.426	1.35213	1.35218			6
2025.06.04	01:56:19.978	1.35214	1.35219			6
2025.06.04	01:56:20.279	1.35213	1.35218			6
2025.06.04	01:56:21.214	1.35212	1.35217			6
2025.06.04	01:56:34.785	1.35213				2
2025.06.04	01:56:35.090	1.35214	1.35219			6
2025.06.04	01:56:36.330	1.35213	1.35218			6
2025.06.04	01:56:37.244	1.35214	1.35219			6
2025.06.04	01:56:39.402	1.35213	1.35218			6
2025.06.04	01:57:00.010	1.35213				2
2025.06.04	01:57:01.851	1.35214	1.35219			6
2025.06.04	01:57:15.358	1.35216	1.35221			6
2025.06.04	01:57:15.660	1.35219	1.35224			6
2025.06.04	01:57:15.962	1.35220	1.35225			6
2025.06.04	01:57:17.490	1.35219	1.35224			6
2025.06.04	01:57:30.395	1.35216	1.35221			6
2025.06.04	01:57:40.547	1.35212	1.35217			6
2025.06.04	01:57:42.399	1.35214	1.35219			6
2025.06.04	01:57:48.240	1.35212	1.35217			6
2025.06.04	01:57:48.546	1.35214	1.35219			6
2025.06.04	01:57:49.773	1.35215	1.35220			6
2025.06.04	01:57:58.328	1.35213	1.35218			6
2025.06.04	01:57:58.634	1.35211	1.35216			6
2025.06.04	01:58:00.166	1.35211				2
2025.06.04	01:58:12.145	1.35213	1.35218			6
2025.06.04	01:58:12.458	1.35211	1.35216			6
2025.06.04	01:58:16.137	1.35213	1.35218			6
2025.06.04	01:58:28.146	1.35214	1.35219			6
2025.06.04	01:59:00.150	1.35214				2
2025.06.04	01:59:19.865	1.35216	1.35221			6
2025.06.04	01:59:30.645	1.35215	1.35220			6
2025.06.04	01:59:39.262	1.35214	1.35219			6
2025.06.04	01:59:49.121		1.35218			4
2025.06.04	01:59:50.668	1.35212	1.35216			6
2025.06.04	01:59:50.982	1.35211	1.35215			6
2025.06.04	01:59:52.210		1.35216			4
2025.06.04	02:00:00.243	1.35211				2
2025.06.04	02:00:03.956	1.35213	1.35218			6
2025.06.04	02:00:04.260	1.35215	1.35219			6
2025.06.04	02:00:04.568		1.35220			4
2025.06.04	02:00:06.406	1.35214	1.35219			6
2025.06.04	02:00:14.423	1.35220	1.35224			6
2025.06.04	02:00:24.285	1.35219	1.35222			6
2025.06.04	02:00:27.372	1.35222	1.35226			6
2025.06.04	02:00:28.912	1.35221				2
2025.06.04	02:00:30.456	1.35220	1.35225			6
2025.06.04	02:00:31.686	1.35221	1.35226			6
2025.06.04	02:00:40.632	1.35223	1.35228			6
2025.06.04	02:00:42.776	1.35224	1.35229			6
2025.06.04	02:00:53.216	1.35226				2
2025.06.04	02:00:58.731	1.35225				2
2025.06.04	02:01:00.262	1.35225				2
2025.06.04	02:01:04.870	1.35223	1.35228			6
2025.06.04	02:01:05.789	1.35224				2
2025.06.04	02:01:06.095		1.35229			4
2025.06.04	02:01:24.247	1.35227	1.35231			6
2025.06.04	02:01:25.473	1.35226				2
2025.06.04	02:01:39.016	1.35227				2
2025.06.04	02:01:45.133		1.35228			4
2025.06.04	02:01:56.458	1.35226				2
2025.06.04	02:02:00.139	1.35226				2
2025.06.04	02:02:16.762	1.35223				2
2025.06.04	02:02:17.065		1.35227			4
2025.06.04	02:02:21.067	1.35221	1.35225			6
2025.06.04	02:02:21.383	1.35220	1.35222			6
2025.06.04	02:02:21.690		1.35221			4
2025.06.04	02:02:22.300		1.35223			4
2025.06.04	02:02:22.609		1.35222			4
2025.06.04	02:02:22.923		1.35225			4
2025.06.04	02:02:23.537	1.35221	1.35226			6
2025.06.04	02:02:23.838	1.35218	1.35222			6
2025.06.04	02:02:24.139		1.35221			4
2025.06.04	02:02:25.693	1.35216				2
2025.06.04	02:02:26.000		1.35220			4
2025.06.04	02:02:26.300	1.35215				2
2025.06.04	02:02:26.604	1.35216				2
2025.06.04	02:02:27.532	1.35215	1.35217			6
2025.06.04	02:02:28.147	1.35212				2
2025.06.04	02:02:30.627	1.35215				2
2025.06.04	02:02:32.774	1.35216	1.35220			6
2025.06.04	02:02:33.082	1.35215				2
2025.06.04	02:02:34.001	1.35216				2
2025.06.04	02:02:39.845	1.35215				2
2025.06.04	02:02:41.067	1.35216				2
2025.06.04	02:02:44.442	1.35217				2
2025.06.04	02:02:51.508	1.35222	1.35226			6
2025.06.04	02:02:57.039	1.35223				2
2025.06.04	02:02:57.342	1.35222	1.35227			6
2025.06.04	02:02:59.180	1.35223	1.35228			6
2025.06.04	02:03:00.097	1.35223				2
2025.06.04	02:03:00.401		1.35227			4
2025.06.04	02:03:01.021	1.35225	1.35229			6
2025.06.04	02:03:02.241	1.35226				2
2025.06.04	02:03:04.076	1.35225				2
2025.06.04	02:03:05.304	1.35226				2
2025.06.04	02:03:12.704	1.35225				2
2025.06.04	02:03:13.014	1.35226				2
2025.06.04	02:03:17.017		1.35228			4
2025.06.04	02:03:17.322	1.35224				2
2025.06.04	02:03:20.113	1.35223				2
2025.06.04	02:03:25.048	1.35224				2
2025.06.04	02:03:36.746	1.35223	1.35226			6
2025.06.04	02:03:38.885	1.35224	1.35228			6
2025.06.04	02:03:42.255	1.35225	1.35230			6
2025.06.04	02:03:42.867	1.35224	1.35228			6
2025.06.04	02:03:43.174	1.35226	1.35227			6
2025.06.04	02:03:43.482	1.35224				2
2025.06.04	02:03:43.785		1.35228			4
2025.06.04	02:03:49.016		1.35227			4
2025.06.04	02:03:49.326		1.35228			4
2025.06.04	02:03:51.180		1.35227			4
2025.06.04	02:03:51.800		1.35228			4
2025.06.04	02:03:53.950	1.35225	1.35230			6
2025.06.04	02:04:00.111	1.35225				2
2025.06.04	02:04:08.764	1.35224	1.35229			6
2025.06.04	02:04:09.072	1.35225	1.35230			6
2025.06.04	02:04:09.386	1.35224	1.35229			6
2025.06.04	02:04:11.235	1.35225	1.35230			6
2025.06.04	02:04:13.391	1.35224	1.35229			6
2025.06.04	02:04:20.214		1.35228			4
2025.06.04	02:04:26.099	1.35223				2
2025.06.04	02:04:28.559	1.35224				2
2025.06.04	02:04:31.340	1.35223	1.35227			6
2025.06.04	02:04:47.389		1.35226			4
2025.06.04	02:05:00.060	1.35223				2
2025.06.04	02:05:12.400		1.35228			4
2025.06.04	02:05:14.255	1.35224	1.35229			6
2025.06.04	02:05:28.153	1.35223	1.35228			6
2025.06.04	02:05:33.389	1.35224	1.35229			6
2025.06.04	02:05:46.052		1.35228			4
2025.06.04	02:06:00.218	1.35224				2
2025.06.04	02:06:01.767		1.35229			4
2025.06.04	02:06:05.762	1.35223	1.35228			6
2025.06.04	02:06:06.995	1.35224				2
2025.06.04	02:06:13.160		1.35229			4
2025.06.04	02:06:13.468		1.35228			4
2025.06.04	02:06:15.934	1.35225	1.35230			6
2025.06.04	02:06:17.165	1.35226				2
2025.06.04	02:06:18.391	1.35225	1.35229			6
2025.06.04	02:06:18.696	1.35224	1.35228			6
2025.06.04	02:06:20.856	1.35223				2
2025.06.04	02:06:24.540	1.35224				2
2025.06.04	02:06:25.160	1.35223				2
2025.06.04	02:06:25.770	1.35224				2
2025.06.04	02:06:32.536		1.35229			4
2025.06.04	02:06:34.383	1.35220	1.35225			6
2025.06.04	02:06:35.309	1.35219	1.35224			6
2025.06.04	02:06:38.392	1.35216	1.35221			6
2025.06.04	02:06:38.705	1.35217				2
2025.06.04	02:06:39.632	1.35216				2
2025.06.04	02:06:41.161	1.35215	1.35220			6
2025.06.04	02:06:46.403	1.35223	1.35228			6
2025.06.04	02:07:00.253	1.35224	1.35229			6
2025.06.04	02:07:01.173	1.35223	1.35228			6
2025.06.04	02:07:04.555	1.35222	1.35227			6
2025.06.04	02:07:04.862	1.35221	1.35226			6
2025.06.04	02:07:05.784		1.35225			4
2025.06.04	02:07:35.797	1.35224	1.35227			6
2025.06.04	02:07:36.100		1.35228			4
2025.06.04	02:07:36.411		1.35229			4
2025.06.04	02:07:39.157	1.35225				2
2025.06.04	02:07:39.772	1.35224				2
2025.06.04	02:08:00.074	1.35224				2
2025.06.04	02:08:02.232	1.35222	1.35227			6
2025.06.04	02:08:10.536	1.35223				2
2025.06.04	02:08:11.151	1.35222				2
2025.06.04	02:08:15.755	1.35223				2
2025.06.04	02:08:17.597	1.35222				2
2025.06.04	02:08:18.216	1.35224	1.35228			6
2025.06.04	02:08:20.366		1.35229			4
2025.06.04	02:08:26.212	1.35225	1.35230			6
2025.06.04	02:08:36.662	1.35223	1.35228			6
2025.06.04	02:08:36.964		1.35227			4
2025.06.04	02:08:38.187	1.35222				2
2025.06.04	02:08:40.029	1.35221	1.35225			6
2025.06.04	02:08:48.624	1.35220				2
2025.06.04	02:08:48.933	1.35221				2
2025.06.04	02:08:49.550	1.35220				2
2025.06.04	02:08:50.478	1.35219	1.35224			6
2025.06.04	02:09:00.041	1.35219				2
2025.06.04	02:09:07.374	1.35221	1.35225			6
2025.06.04	02:09:17.220	1.35222	1.35227			6
2025.06.04	02:09:19.379	1.35223	1.35228			6
2025.06.04	02:09:20.301	1.35222	1.35227			6
2025.06.04	02:09:20.612	1.35223	1.35228			6
2025.06.04	02:09:22.763	1.35222	1.35227			6
2025.06.04	02:09:23.065	1.35223	1.35228			6
2025.06.04	02:09:24.292	1.35221	1.35226			6
2025.06.04	02:09:25.520		1.35225			4
2025.06.04	02:09:29.802		1.35226			4
2025.06.04	02:09:30.723		1.35225			4
2025.06.04	02:09:31.330	1.35223	1.35228			6
2025.06.04	02:09:42.047	1.35224	1.35229			6
2025.06.04	02:09:42.350	1.35225	1.35230			6
2025.06.04	02:09:42.970	1.35226				2
2025.06.04	02:09:46.341	1.35227				2
2025.06.04	02:09:47.261	1.35226				2
2025.06.04	02:09:51.261		1.35231			4
2025.06.04	02:09:56.481	1.35227				2
2025.06.04	02:09:56.791	1.35226				2
2025.06.04	02:09:57.098	1.35225	1.35230			6
2025.06.04	02:10:00.181	1.35225				2
2025.06.04	02:10:01.407	1.35226				2
2025.06.04	02:10:04.176	1.35227				2
2025.06.04	02:10:04.793	1.35226				2
2025.06.04	02:10:29.308	1.35229	1.35232			6
2025.06.04	02:10:29.619		1.35234			4
2025.06.04	02:10:29.926	1.35228	1.35233			6
2025.06.04	02:10:34.550	1.35232	1.35237			6
2025.06.04	02:10:35.781	1.35233				2
2025.06.04	02:11:00.106	1.35233				2
2025.06.04	02:11:29.039	1.35235	1.35240			6
2025.06.04	02:11:30.574		1.35239			4
2025.06.04	02:11:32.431	1.35234				2
2025.06.04	02:11:39.514		1.35238			4
2025.06.04	02:11:39.819	1.35233				2
2025.06.04	02:11:44.124		1.35237			4
2025.06.04	02:11:46.891		1.35238			4
2025.06.04	02:11:54.896		1.35237			4
2025.06.04	02:11:56.430		1.35238			4
2025.06.04	02:12:00.114	1.35233				2
2025.06.04	02:12:04.105		1.35237			4
2025.06.04	02:12:05.643		1.35238			4
2025.06.04	02:12:11.193		1.35237			4
2025.06.04	02:12:12.122		1.35236			4
2025.06.04	02:12:17.652		1.35235			4
2025.06.04	02:12:17.960		1.35236			4
2025.06.04	02:12:18.266		1.35235			4
2025.06.04	02:12:20.114		1.35237			4
2025.06.04	02:12:21.347		1.35238			4
2025.06.04	02:12:22.268	1.35234				2
2025.06.04	02:12:23.201		1.35239			4
2025.06.04	02:12:23.508	1.35235	1.35240			6
2025.06.04	02:12:24.124		1.35239			4
2025.06.04	02:12:25.353		1.35240			4
2025.06.04	02:12:26.274		1.35239			4
2025.06.04	02:12:30.890	1.35234	1.35238			6
2025.06.04	02:12:35.502	1.35233	1.35237			6
2025.06.04	02:12:36.733	1.35234	1.35238			6
2025.06.04	02:12:38.886	1.35232	1.35236			6
2025.06.04	02:12:40.112	1.35233	1.35237			6
2025.06.04	02:12:43.201	1.35231	1.35235			6
2025.06.04	02:12:44.124		1.35236			4
2025.06.04	02:12:46.278		1.35235			4
2025.06.04	02:12:49.050		1.35234			4
2025.06.04	02:12:50.276		1.35235			4
2025.06.04	02:12:51.823		1.35234			4
2025.06.04	02:12:56.719	1.35230				2
2025.06.04	02:13:00.096	1.35230				2
2025.06.04	02:13:00.402	1.35225	1.35229			6
2025.06.04	02:13:00.704	1.35224	1.35228			6
2025.06.04	02:13:01.633	1.35223				2
2025.06.04	02:13:03.162	1.35224	1.35229			6
2025.06.04	02:13:05.012	1.35226				2
2025.06.04	02:13:05.316	1.35229	1.35234			6
2025.06.04	02:13:06.858	1.35230	1.35235			6
2025.06.04	02:13:07.163	1.35231				2
2025.06.04	02:13:08.402	1.35230				2
2025.06.04	02:13:08.718	1.35231				2
2025.06.04	02:13:09.644		1.35236			4
2025.06.04	02:13:10.259	1.35230	1.35235			6
2025.06.04	02:13:10.563	1.35231	1.35236			6
2025.06.04	02:13:10.872	1.35230	1.35235			6
2025.06.04	02:13:17.055	1.35231	1.35236			6
2025.06.04	02:13:29.359	1.35230	1.35235			6
2025.06.04	02:13:30.277	1.35233	1.35237			6
2025.06.04	02:13:31.192		1.35238			4
2025.06.04	02:13:43.118	1.35232	1.35237			6
2025.06.04	02:13:47.406	1.35233	1.35238			6
2025.06.04	02:13:48.026	1.35234				2
2025.06.04	02:13:48.647	1.35233				2
2025.06.04	02:13:52.337	1.35244	1.35249			6
2025.06.04	02:13:53.259	1.35249	1.35254			6
2025.06.04	02:13:53.876		1.35255			4
2025.06.04	02:13:55.711	1.35251				2
2025.06.04	02:14:00.028	1.35250				2
2025.06.04	02:14:00.642		1.35256			4
2025.06.04	02:14:02.799		1.35255			4
2025.06.04	02:14:05.261	1.35249				2
2025.06.04	02:14:06.179	1.35250				2
2025.06.04	02:14:06.793	1.35249				2
2025.06.04	02:14:07.405	1.35250				2
2025.06.04	02:14:13.554	1.35251				2
2025.06.04	02:14:14.775	1.35250				2
2025.06.04	02:14:28.549	1.35251				2
2025.06.04	02:14:29.175	1.35250				2
2025.06.04	02:14:31.327	1.35251	1.35256			6
2025.06.04	02:14:31.947	1.35250				2
2025.06.04	02:14:37.164	1.35251				2
2025.06.04	02:14:44.544	1.35250	1.35255			6
2025.06.04	02:14:44.857	1.35251				2
2025.06.04	02:14:59.306		1.35256			4
2025.06.04	02:15:00.226	1.35251				2
2025.06.04	02:15:02.685	1.35250	1.35255			6
2025.06.04	02:15:02.991	1.35251	1.35256			6
2025.06.04	02:16:00.222	1.35251				2
2025.06.04	02:16:02.381	1.35254	1.35259			6
2025.06.04	02:16:24.223	1.35251	1.35256			6
2025.06.04	02:16:26.064	1.35250	1.35255			6
2025.06.04	02:16:29.746	1.35251	1.35256			6
2025.06.04	02:16:33.132	1.35248	1.35253			6
2025.06.04	02:16:33.751	1.35249	1.35254			6
2025.06.04	02:16:34.056	1.35250	1.35255			6
2025.06.04	02:16:34.674	1.35249	1.35254			6
2025.06.04	02:16:34.987	1.35250	1.35255			6
2025.06.04	02:16:51.018	1.35249	1.35250			6
2025.06.04	02:16:57.139	1.35247	1.35248			6
2025.06.04	02:16:57.443		1.35251			4
2025.06.04	02:16:58.064		1.35248			4
2025.06.04	02:17:00.204	1.35247				2
2025.06.04	02:17:02.351	1.35237	1.35242			6
2025.06.04	02:17:05.425	1.35236	1.35240			6
2025.06.04	02:17:05.725	1.35235	1.35241			6
2025.06.04	02:17:14.041	1.35237	1.35242			6
2025.06.04	02:17:14.344		1.35243			4
2025.06.04	02:17:15.272	1.35238				2
2025.06.04	02:17:19.268	1.35241	1.35246			6
2025.06.04	02:17:20.197	1.35240				2
2025.06.04	02:17:24.196	1.35241				2
2025.06.04	02:17:26.348	1.35242	1.35247			6
2025.06.04	02:17:28.513		1.35246			4
2025.06.04	02:17:30.674		1.35247			4
2025.06.04	02:17:40.138	1.35241	1.35246			6
2025.06.04	02:17:41.052	1.35242				2
2025.06.04	02:17:49.021		1.35247			4
2025.06.04	02:17:56.066	1.35243	1.35248			6
2025.06.04	02:17:56.379	1.35242	1.35247			6
2025.06.04	02:18:00.056	1.35242				2
2025.06.04	02:18:00.669	1.35243				2
2025.06.04	02:18:00.975	1.35251	1.35256			6
2025.06.04	02:18:01.292		1.35255			4
2025.06.04	02:18:01.594		1.35256			4
2025.06.04	02:18:03.752		1.35257			4
2025.06.04	02:18:04.984		1.35256			4
2025.06.04	02:18:07.134		1.35257			4
2025.06.04	02:18:07.440		1.35256			4
2025.06.04	02:18:08.064		1.35257			4
2025.06.04	02:18:08.368		1.35256			4
2025.06.04	02:18:10.218		1.35257			4
2025.06.04	02:18:18.222	1.35250	1.35256			6
2025.06.04	02:18:27.767	1.35249	1.35253			6
2025.06.04	02:18:28.072	1.35246	1.35252			6
2025.06.04	02:18:28.681	1.35248	1.35254			6
2025.06.04	02:18:29.593	1.35249				2
2025.06.04	02:18:33.597		1.35255			4
2025.06.04	02:18:33.909	1.35250				2
2025.06.04	02:18:34.523	1.35249				2
2025.06.04	02:18:36.671		1.35254			4
2025.06.04	02:18:37.294		1.35255			4
2025.06.04	02:18:39.765	1.35250				2
2025.06.04	02:19:00.022	1.35250				2
2025.06.04	02:19:00.938	1.35249				2
2025.06.04	02:19:01.243	1.35250				2
2025.06.04	02:19:03.700	1.35249				2
2025.06.04	02:19:04.317	1.35250				2
2025.06.04	02:19:07.071	1.35249				2
2025.06.04	02:19:08.294	1.35250				2
2025.06.04	02:19:08.914	1.35249				2
2025.06.04	02:19:10.442	1.35250				2
2025.06.04	02:19:12.900		1.35254			4
2025.06.04	02:19:20.284	1.35251				2
2025.06.04	02:19:23.974	1.35250				2
2025.06.04	02:19:34.451	1.35251				2
2025.06.04	02:19:35.680	1.35250				2
2025.06.04	02:19:46.146	1.35251				2
2025.06.04	02:19:47.075	1.35250				2
2025.06.04	02:19:57.224	1.35251				2
2025.06.04	02:19:58.768	1.35250				2
2025.06.04	02:20:00.002	1.35251				2
2025.06.04	02:20:00.307	1.35250				2
2025.06.04	02:20:00.612	1.35251				2
2025.06.04	02:20:02.165	1.35250				2
2025.06.04	02:20:04.317	1.35251				2
2025.06.04	02:20:05.553	1.35250				2
2025.06.04	02:20:06.789	1.35248	1.35252			6
2025.06.04	02:20:08.334		1.35251			4
2025.06.04	02:20:14.794	1.35250	1.35254			6
2025.06.04	02:20:18.180	1.35248	1.35252			6
2025.06.04	02:20:18.490	1.35247	1.35251			6
2025.06.04	02:20:41.881	1.35249	1.35253			6
2025.06.04	02:20:42.186	1.35248	1.35252			6
2025.06.04	02:20:43.408		1.35251			4
2025.06.04	02:20:44.329		1.35252			4
2025.06.04	02:20:44.935		1.35251			4
2025.06.04	02:20:45.547	1.35246	1.35250			6
2025.06.04	02:20:50.482	1.35249	1.35253			6
2025.06.04	02:20:56.646	1.35250				2
2025.06.04	02:21:00.025	1.35250				2
2025.06.04	02:21:03.099		1.35254			4
2025.06.04	02:21:14.752	1.35247	1.35251			6
2025.06.04	02:22:00.200	1.35246	1.35249			6
2025.06.04	02:22:00.510	1.35241	1.35245			6
2025.06.04	02:22:04.521		1.35244			4
2025.06.04	02:22:06.057		1.35245			4
2025.06.04	02:22:24.795	1.35242	1.35246			6
2025.06.04	02:22:27.874	1.35241	1.35245			6
2025.06.04	02:23:00.132	1.35241				2
2025.06.04	02:23:03.196	1.35240	1.35244			6
2025.06.04	02:23:30.824	1.35237	1.35241			6
2025.06.04	02:23:31.750	1.35233	1.35237			6
2025.06.04	02:23:32.053	1.35232	1.35236			6
2025.06.04	02:23:36.980	1.35234	1.35237			6
2025.06.04	02:23:37.909	1.35233				2
2025.06.04	02:23:43.139	1.35235	1.35239			6
2025.06.04	02:24:00.043	1.35235				2
2025.06.04	02:24:36.629	1.35236	1.35240			6
2025.06.04	02:24:39.396		1.35239			4
2025.06.04	02:24:42.481		1.35240			4
2025.06.04	02:24:44.942	1.35241	1.35245			6
2025.06.04	02:25:00.024	1.35241				2
2025.06.04	02:25:25.834	1.35240	1.35244			6
2025.06.04	02:25:28.606		1.35245			4
2025.06.04	02:25:34.146	1.35234	1.35239			6
2025.06.04	02:25:34.453	1.35235	1.35240			6
2025.06.04	02:25:37.834	1.35236	1.35241			6
2025.06.04	02:25:40.301	1.35237	1.35242			6
2025.06.04	02:25:43.686	1.35236	1.35241			6
2025.06.04	02:25:45.227	1.35237	1.35242			6
2025.06.04	02:26:00.283	1.35237				2
2025.06.04	02:26:01.200	1.35236	1.35241			6
2025.06.04	02:26:02.436	1.35235	1.35240			6
2025.06.04	02:26:09.818	1.35234	1.35238			6
2025.06.04	02:26:11.964		1.35239			4
2025.06.04	02:26:15.947		1.35238			4
2025.06.04	02:26:19.936	1.35235				2
2025.06.04	02:26:31.020	1.35234				2
2025.06.04	02:26:41.176	1.35235				2
2025.06.04	02:26:42.107	1.35233				2
2025.06.04	02:26:42.410		1.35236			4
2025.06.04	02:27:00.274	1.35233				2
2025.06.04	02:27:05.811	1.35235	1.35239			6
2025.06.04	02:27:06.127		1.35240			4
2025.06.04	02:27:06.435	1.35236	1.35241			6
2025.06.04	02:27:07.974	1.35235	1.35240			6
2025.06.04	02:27:30.120	1.35233	1.35238			6
2025.06.04	02:27:31.363	1.35232	1.35237			6
2025.06.04	02:27:34.432	1.35233				2
2025.06.04	02:27:34.740	1.35234	1.35238			6
2025.06.04	02:27:39.668		1.35239			4
2025.06.04	02:27:47.070	1.35235				2
2025.06.04	02:28:00.292	1.35235				2
2025.06.04	02:28:02.446	1.35234	1.35238			6
2025.06.04	02:28:03.062	1.35235	1.35239			6
2025.06.04	02:28:05.227	1.35234	1.35238			6
2025.06.04	02:28:23.389	1.35235	1.35239			6
2025.06.04	02:28:24.630	1.35234	1.35238			6
2025.06.04	02:28:27.094	1.35235	1.35239			6
2025.06.04	02:28:28.637	1.35234	1.35238			6
2025.06.04	02:28:44.957	1.35235	1.35239			6
2025.06.04	02:28:56.957	1.35237	1.35241			6
2025.06.04	02:29:00.046	1.35237				2
2025.06.04	02:29:39.094	1.35243	1.35247			6
2025.06.04	02:29:39.717	1.35244	1.35248			6
2025.06.04	02:29:40.329		1.35249			4
2025.06.04	02:29:40.640	1.35243	1.35248			6
2025.06.04	02:29:46.187		1.35247			4
2025.06.04	02:29:50.181	1.35244	1.35248			6
2025.06.04	02:30:00.014	1.35244				2
2025.06.04	02:30:06.138	1.35243	1.35247			6
2025.06.04	02:30:06.750	1.35244	1.35248			6
2025.06.04	02:30:15.650	1.35243	1.35247			6
2025.06.04	02:30:18.424	1.35244	1.35248			6
2025.06.04	02:30:27.964	1.35245	1.35249			6
2025.06.04	02:30:40.276	1.35246	1.35250			6
2025.06.04	02:30:43.358	1.35247				2
2025.06.04	02:30:43.662	1.35246				2
2025.06.04	02:31:00.291	1.35246				2
2025.06.04	02:31:21.188	1.35248	1.35251			6
2025.06.04	02:31:31.300	1.35247				2
2025.06.04	02:31:33.443	1.35248				2
2025.06.04	02:31:43.869	1.35247				2
2025.06.04	02:31:45.096	1.35248				2
2025.06.04	02:31:46.627	1.35247				2
2025.06.04	02:32:00.112	1.35247				2
2025.06.04	02:32:15.722	1.35248				2
2025.06.04	02:32:16.030		1.35252			4
2025.06.04	02:32:16.946	1.35247	1.35251			6
2025.06.04	02:32:18.487	1.35248	1.35252			6
2025.06.04	02:32:20.930	1.35252	1.35256			6
2025.06.04	02:32:21.239	1.35255	1.35258			6
2025.06.04	02:32:22.165	1.35254				2
2025.06.04	02:32:27.063	1.35257	1.35261			6
2025.06.04	02:32:32.003	1.35258	1.35262			6
2025.06.04	02:32:32.926	1.35257	1.35261			6
2025.06.04	02:32:34.155	1.35256	1.35260			6
2025.06.04	02:32:36.620	1.35257	1.35261			6
2025.06.04	02:32:37.865	1.35256	1.35260			6
2025.06.04	02:33:00.235	1.35256				2
2025.06.04	02:33:02.377	1.35257	1.35261			6
2025.06.04	02:33:02.681	1.35256	1.35260			6
2025.06.04	02:33:02.987	1.35257	1.35261			6
2025.06.04	02:33:03.596	1.35256	1.35260			6
2025.06.04	02:33:03.908	1.35257	1.35261			6
2025.06.04	02:33:04.215	1.35256	1.35260			6
2025.06.04	02:33:04.824	1.35257	1.35261			6
2025.06.04	02:33:05.130	1.35256	1.35260			6
2025.06.04	02:33:05.739	1.35257	1.35261			6
2025.06.04	02:33:06.347	1.35256	1.35260			6
2025.06.04	02:33:06.653	1.35257	1.35261			6
2025.06.04	02:33:07.268	1.35256	1.35260			6
2025.06.04	02:33:07.573	1.35257	1.35261			6
2025.06.04	02:33:07.879	1.35256	1.35260			6
2025.06.04	02:33:08.488	1.35257	1.35261			6
2025.06.04	02:33:08.795	1.35256	1.35260			6
2025.06.04	02:33:09.098	1.35257	1.35261			6
2025.06.04	02:33:09.711	1.35256	1.35260			6
2025.06.04	02:33:10.017	1.35257	1.35261			6
2025.06.04	02:33:10.325	1.35256	1.35260			6
2025.06.04	02:33:10.628	1.35257	1.35261			6
2025.06.04	02:33:22.142	1.35256	1.35260			6
2025.06.04	02:33:38.100	1.35257	1.35261			6
2025.06.04	02:33:39.641	1.35256	1.35260			6
2025.06.04	02:34:00.302	1.35256				2
2025.06.04	02:34:00.611	1.35257	1.35261			6
2025.06.04	02:34:11.097	1.35258	1.35262			6
2025.06.04	02:34:40.726	1.35265	1.35269			6
2025.06.04	02:34:41.040	1.35266	1.35270			6
2025.06.04	02:34:41.658	1.35267				2
2025.06.04	02:34:45.100	1.35266				2
2025.06.04	02:34:46.931	1.35264	1.35268			6
2025.06.04	02:34:47.837	1.35262	1.35267			6
2025.06.04	02:34:49.068	1.35261	1.35266			6
2025.06.04	02:34:49.377	1.35262	1.35267			6
2025.06.04	02:34:49.682	1.35263				2
2025.06.04	02:34:50.307	1.35262				2
2025.06.04	02:34:52.488	1.35263	1.35268			6
2025.06.04	02:34:52.791	1.35262	1.35267			6
2025.06.04	02:34:59.587	1.35261	1.35266			6
2025.06.04	02:35:00.208	1.35261				2
2025.06.04	02:35:07.297	1.35262	1.35267			6
2025.06.04	02:35:07.606	1.35261	1.35266			6
2025.06.04	02:35:14.051		1.35265			4
2025.06.04	02:35:14.360	1.35258	1.35262			6
2025.06.04	02:35:14.969		1.35263			4
2025.06.04	02:35:16.498		1.35262			4
2025.06.04	02:35:25.700	1.35257				2
2025.06.04	02:35:31.238	1.35256	1.35261			6
2025.06.04	02:35:54.624	1.35255	1.35259			6
2025.06.04	02:35:54.932	1.35256				2
2025.06.04	02:35:56.474	1.35255				2
2025.06.04	02:35:59.254	1.35256				2
2025.06.04	02:36:00.174	1.35256				2
2025.06.04	02:36:00.483	1.35255				2
2025.06.04	02:36:02.644	1.35252	1.35256			6
2025.06.04	02:36:02.955	1.35251				2
2025.06.04	02:36:03.567	1.35252	1.35257			6
2025.06.04	02:36:04.494	1.35251	1.35256			6
2025.06.04	02:36:06.034	1.35252	1.35257			6
2025.06.04	02:36:06.647	1.35251	1.35256			6
2025.06.04	02:36:13.412	1.35252	1.35257			6
2025.06.04	02:36:13.723	1.35251	1.35256			6
2025.06.04	02:36:14.961	1.35252	1.35257			6
2025.06.04	02:36:17.424	1.35251	1.35256			6
2025.06.04	02:36:18.340	1.35252	1.35257			6
2025.06.04	02:36:18.645	1.35251	1.35256			6
2025.06.04	02:36:19.257	1.35252	1.35257			6
2025.06.04	02:36:20.181	1.35251	1.35256			6
2025.06.04	02:36:20.483	1.35252	1.35257			6
2025.06.04	02:36:21.107	1.35251	1.35256			6
2025.06.04	02:36:31.212	1.35252	1.35257			6
2025.06.04	02:36:31.515	1.35251	1.35256			6
2025.06.04	02:36:42.587	1.35256	1.35260			6
2025.06.04	02:36:42.890	1.35258	1.35263			6
2025.06.04	02:36:43.199		1.35262			4
2025.06.04	02:36:44.129	1.35257				2
2025.06.04	02:36:44.740	1.35256	1.35261			6
2025.06.04	02:36:46.895	1.35257	1.35262			6
2025.06.04	02:36:48.434	1.35256	1.35261			6
2025.06.04	02:36:49.979	1.35257	1.35262			6
2025.06.04	02:36:58.581	1.35259	1.35264			6
2025.06.04	02:36:59.504	1.35260	1.35262			6
2025.06.04	02:37:00.122	1.35260				2
2025.06.04	02:37:01.356	1.35259				2
2025.06.04	02:37:02.891	1.35260	1.35263			6
2025.06.04	02:37:04.115	1.35259	1.35262			6
2025.06.04	02:37:11.809		1.35263			4
2025.06.04	02:37:17.016	1.35260	1.35264			6
2025.06.04	02:37:17.630	1.35259				2
2025.06.04	02:37:20.071		1.35262			4
2025.06.04	02:37:20.990	1.35258				2
2025.06.04	02:37:21.608	1.35259	1.35264			6
2025.06.04	02:37:22.217	1.35258	1.35262			6
2025.06.04	02:37:29.277	1.35259				2
2025.06.04	02:37:31.737	1.35258	1.35263			6
2025.06.04	02:37:32.345	1.35259	1.35264			6
2025.06.04	02:37:34.831	1.35260	1.35265			6
2025.06.04	02:37:56.064	1.35264	1.35267			6
2025.06.04	02:37:56.371	1.35266	1.35269			6
2025.06.04	02:37:57.908		1.35270			4
2025.06.04	02:38:00.066	1.35266				2
2025.06.04	02:38:19.893	1.35267				2
2025.06.04	02:38:20.824	1.35266				2
2025.06.04	02:38:23.286	1.35265	1.35269			6
2025.06.04	02:38:50.387	1.35266				2
2025.06.04	02:39:00.230	1.35266				2
2025.06.04	02:39:00.855	1.35265				2
2025.06.04	02:39:01.160	1.35266				2
2025.06.04	02:39:03.313	1.35265				2
2025.06.04	02:39:04.857	1.35262	1.35265			6
2025.06.04	02:39:05.161		1.35266			4
2025.06.04	02:39:05.778	1.35261				2
2025.06.04	02:39:16.558	1.35262				2
2025.06.04	02:39:19.009	1.35261				2
2025.06.04	02:39:19.311	1.35262				2
2025.06.04	02:39:20.241	1.35261				2
2025.06.04	02:39:23.337	1.35262				2
2025.06.04	02:39:26.715	1.35261				2
2025.06.04	02:39:27.332	1.35262				2
2025.06.04	02:39:28.872	1.35261				2
2025.06.04	02:39:29.180	1.35262				2
2025.06.04	02:39:30.729	1.35261				2
2025.06.04	02:39:33.501	1.35262				2
2025.06.04	02:39:33.811	1.35261				2
2025.06.04	02:39:44.291	1.35263				2
2025.06.04	02:39:44.596		1.35267			4
2025.06.04	02:39:44.906	1.35262				2
2025.06.04	02:39:59.389	1.35267	1.35271			6
2025.06.04	02:40:00.016	1.35267				2
2025.06.04	02:40:00.943	1.35266				2
2025.06.04	02:40:01.861	1.35267				2
2025.06.04	02:40:02.176	1.35266				2
2025.06.04	02:40:02.488	1.35267				2
2025.06.04	02:40:02.797	1.35265	1.35270			6
2025.06.04	02:40:03.104	1.35266				2
2025.06.04	02:40:04.031	1.35265				2
2025.06.04	02:40:35.411	1.35266				2
2025.06.04	02:40:36.644		1.35269			4
2025.06.04	02:40:40.647	1.35265				2
2025.06.04	02:40:42.176	1.35266				2
2025.06.04	02:40:43.094		1.35270			4
2025.06.04	02:40:48.942	1.35265				2
2025.06.04	02:41:00.047	1.35265				2
2025.06.04	02:41:00.356		1.35269			4
2025.06.04	02:41:09.552	1.35267	1.35271			6
2025.06.04	02:41:10.171	1.35266	1.35270			6
2025.06.04	02:41:15.402	1.35273	1.35277			6
2025.06.04	02:41:15.704	1.35275	1.35279			6
2025.06.04	02:41:16.319	1.35274				2
2025.06.04	02:41:26.197	1.35273				2
2025.06.04	02:41:28.344	1.35274				2
2025.06.04	02:41:41.289	1.35273				2
2025.06.04	02:41:41.908	1.35274				2
2025.06.04	02:41:48.037	1.35275				2
2025.06.04	02:41:48.345	1.35276				2
2025.06.04	02:41:49.271	1.35275				2
2025.06.04	02:42:00.087	1.35275				2
2025.06.04	02:42:00.392		1.35280			4
2025.06.04	02:42:12.409	1.35274	1.35279			6
2025.06.04	02:42:26.556	1.35275	1.35280			6
2025.06.04	02:42:26.863	1.35276				2
2025.06.04	02:42:27.475		1.35281			4
2025.06.04	02:42:31.793		1.35280			4
2025.06.04	02:42:32.714	1.35278	1.35281			6
2025.06.04	02:42:33.029		1.35282			4
2025.06.04	02:42:33.336	1.35277				2
2025.06.04	02:42:34.268		1.35281			4
2025.06.04	02:42:35.800	1.35278	1.35282			6
2025.06.04	02:42:37.354	1.35283	1.35288			6
2025.06.04	02:42:38.282		1.35287			4
2025.06.04	02:42:39.514		1.35286			4
2025.06.04	02:42:40.125	1.35281	1.35287			6
2025.06.04	02:42:44.133	1.35282				2
2025.06.04	02:42:47.217	1.35283				2
2025.06.04	02:42:55.230	1.35284				2
2025.06.04	02:42:56.158	1.35283				2
2025.06.04	02:43:00.139	1.35283				2
2025.06.04	02:43:04.116	1.35282				2
2025.06.04	02:43:05.975	1.35283				2
2025.06.04	02:43:09.674	1.35282				2
2025.06.04	02:43:09.982	1.35283				2
2025.06.04	02:43:10.301	1.35282				2
2025.06.04	02:43:17.990	1.35283				2
2025.06.04	02:43:18.923	1.35282				2
2025.06.04	02:43:22.311	1.35281	1.35286			6
2025.06.04	02:43:22.630	1.35280	1.35285			6
2025.06.04	02:43:24.770	1.35278	1.35283			6
2025.06.04	02:43:25.079	1.35279	1.35284			6
2025.06.04	02:43:26.294	1.35280	1.35285			6
2025.06.04	02:43:32.462	1.35284	1.35287			6
2025.06.04	02:43:33.085	1.35283				2
2025.06.04	02:43:35.243	1.35281	1.35286			6
2025.06.04	02:43:41.102	1.35283	1.35289			6
2025.06.04	02:43:41.410	1.35285	1.35291			6
2025.06.04	02:43:41.719	1.35287	1.35292			6
2025.06.04	02:43:42.028	1.35285	1.35291			6
2025.06.04	02:43:44.793	1.35286	1.35292			6
2025.06.04	02:43:49.118	1.35287				2
2025.06.04	02:43:50.351	1.35286	1.35291			6
2025.06.04	02:43:54.365	1.35287	1.35292			6
2025.06.04	02:43:55.286	1.35291	1.35295			6
2025.06.04	02:43:55.601		1.35296			4
2025.06.04	02:43:59.301	1.35293	1.35298			6
2025.06.04	02:44:00.224	1.35293				2
2025.06.04	02:44:00.535		1.35299			4
2025.06.04	02:44:01.458	1.35294				2
2025.06.04	02:44:03.007	1.35293				2
2025.06.04	02:44:06.696	1.35294	1.35300			6
2025.06.04	02:44:07.929		1.35299			4
2025.06.04	02:44:14.717	1.35297	1.35302			6
2025.06.04	02:44:15.958		1.35303			4
2025.06.04	02:44:17.188		1.35302			4
2025.06.04	02:44:17.492		1.35301			4
2025.06.04	02:44:20.878		1.35302			4
2025.06.04	02:44:21.186		1.35301			4
2025.06.04	02:44:22.114	1.35298				2
2025.06.04	02:44:23.654	1.35297	1.35302			6
2025.06.04	02:44:26.741		1.35301			4
2025.06.04	02:44:27.350	1.35296				2
2025.06.04	02:44:28.276		1.35300			4
2025.06.04	02:44:31.345	1.35295				2
2025.06.04	02:44:31.650		1.35299			4
2025.06.04	02:44:32.261	1.35294				2
2025.06.04	02:44:33.180	1.35293	1.35298			6
2025.06.04	02:44:33.792	1.35294	1.35299			6
2025.06.04	02:44:45.735	1.35295	1.35300			6
2025.06.04	02:44:46.037	1.35296	1.35301			6
2025.06.04	02:44:46.963	1.35297	1.35302			6
2025.06.04	02:44:47.266	1.35298				2
2025.06.04	02:44:58.290	1.35299				2
2025.06.04	02:44:59.819	1.35298				2
2025.06.04	02:45:00.125	1.35297	1.35301			6
2025.06.04	02:45:00.430		1.35302			4
2025.06.04	02:45:01.352	1.35299	1.35303			6
2025.06.04	02:45:03.198	1.35301	1.35306			6
2025.06.04	02:45:03.502	1.35302	1.35307			6
2025.06.04	02:45:03.819	1.35301	1.35306			6
2025.06.04	02:45:06.284	1.35302				2
2025.06.04	02:45:07.526	1.35301				2
2025.06.04	02:45:09.376	1.35300	1.35305			6
2025.06.04	02:45:10.920	1.35301	1.35306			6
2025.06.04	02:45:12.158	1.35300	1.35305			6
2025.06.04	02:45:15.542	1.35299	1.35304			6
2025.06.04	02:45:16.461	1.35300	1.35305			6
2025.06.04	02:45:17.380	1.35301	1.35306			6
2025.06.04	02:45:17.692	1.35300	1.35305			6
2025.06.04	02:45:18.612	1.35302	1.35306			6
2025.06.04	02:45:18.920	1.35301				2
2025.06.04	02:45:20.760	1.35298	1.35303			6
2025.06.04	02:45:21.990	1.35299	1.35304			6
2025.06.04	02:45:22.295	1.35298	1.35303			6
2025.06.04	02:45:22.606	1.35297	1.35301			6
2025.06.04	02:45:23.525	1.35296	1.35302			6
2025.06.04	02:45:23.828	1.35297				2
2025.06.04	02:45:24.133	1.35296				2
2025.06.04	02:45:24.748	1.35297	1.35301			6
2025.06.04	02:45:27.194	1.35296				2
2025.06.04	02:45:27.504	1.35297	1.35302			6
2025.06.04	02:45:28.118		1.35301			4
2025.06.04	02:45:29.045	1.35298				2
2025.06.04	02:45:29.348		1.35303			4
2025.06.04	02:45:29.653		1.35302			4
2025.06.04	02:45:29.958		1.35303			4
2025.06.04	02:45:31.506	1.35299				2
2025.06.04	02:45:32.122	1.35300	1.35305			6
2025.06.04	02:45:33.667	1.35301	1.35306			6
2025.06.04	02:45:44.118	1.35304	1.35309			6
2025.06.04	02:45:44.734	1.35302	1.35307			6
2025.06.04	02:45:45.348	1.35300	1.35306			6
2025.06.04	02:45:46.577	1.35301	1.35307			6
2025.06.04	02:45:48.714	1.35300	1.35306			6
2025.06.04	02:45:50.246	1.35298	1.35303			6
2025.06.04	02:45:50.558	1.35297	1.35302			6
2025.06.04	02:45:51.169	1.35298	1.35303			6
2025.06.04	02:45:51.473		1.35304			4
2025.06.04	02:45:52.403	1.35299				2
2025.06.04	02:45:53.021	1.35298				2
2025.06.04	02:45:53.334		1.35303			4
2025.06.04	02:45:54.251	1.35297				2
2025.06.04	02:45:54.869	1.35298				2
2025.06.04	02:45:55.793		1.35304			4
2025.06.04	02:45:57.028		1.35303			4
2025.06.04	02:45:58.569	1.35293	1.35299			6
2025.06.04	02:45:59.485	1.35297	1.35302			6
2025.06.04	02:46:00.102	1.35297				2
2025.06.04	02:46:01.336		1.35303			4
2025.06.04	02:46:01.641	1.35304	1.35308			6
2025.06.04	02:46:05.340	1.35303	1.35306			6
2025.06.04	02:46:06.267	1.35304	1.35308			6
2025.06.04	02:46:10.895	1.35305				2
2025.06.04	02:46:19.828	1.35306				2
2025.06.04	02:46:20.754	1.35305				2
2025.06.04	02:46:24.137		1.35309			4
2025.06.04	02:46:26.605		1.35310			4
2025.06.04	02:46:26.910	1.35309	1.35313			6
2025.06.04	02:46:27.213	1.35306	1.35310			6
2025.06.04	02:46:33.387	1.35309	1.35314			6
2025.06.04	02:46:33.692		1.35313			4
2025.06.04	02:46:34.005		1.35314			4
2025.06.04	02:46:34.926		1.35313			4
2025.06.04	02:46:35.241		1.35314			4
2025.06.04	02:46:35.547	1.35308				2
2025.06.04	02:46:35.865		1.35313			4
2025.06.04	02:46:36.792	1.35309	1.35314			6
2025.06.04	02:46:38.638	1.35312	1.35316			6
2025.06.04	02:46:42.031	1.35314	1.35318			6
2025.06.04	02:46:48.215	1.35313				2
2025.06.04	02:46:50.380	1.35312	1.35315			6
2025.06.04	02:47:00.195	1.35312				2
2025.06.04	02:47:01.424	1.35309				2
2025.06.04	02:47:01.730		1.35314			4
2025.06.04	02:47:02.353	1.35307	1.35311			6
2025.06.04	02:47:03.274	1.35308	1.35313			6
2025.06.04	02:47:08.168	1.35307	1.35312			6
2025.06.04	02:47:08.470	1.35300	1.35305			6
2025.06.04	02:47:09.407	1.35299				2
2025.06.04	02:47:12.801	1.35298				2
2025.06.04	02:47:13.108	1.35301				2
2025.06.04	02:47:14.038		1.35306			4
2025.06.04	02:47:14.340	1.35299	1.35304			6
2025.06.04	02:47:14.661		1.35305			4
2025.06.04	02:47:15.274	1.35300				2
2025.06.04	02:47:15.899	1.35299				2
2025.06.04	02:47:21.438		1.35304			4
2025.06.04	02:47:21.741	1.35298				2
2025.06.04	02:47:22.667	1.35299	1.35305			6
2025.06.04	02:47:23.283		1.35304			4
2025.06.04	02:47:23.897		1.35305			4
2025.06.04	02:47:24.814		1.35304			4
2025.06.04	02:47:25.131		1.35305			4
2025.06.04	02:47:27.598	1.35302	1.35306			6
2025.06.04	02:47:27.899	1.35301				2
2025.06.04	02:47:28.827	1.35300				2
2025.06.04	02:47:29.756	1.35299				2
2025.06.04	02:47:37.742		1.35305			4
2025.06.04	02:47:39.887	1.35302				2
2025.06.04	02:47:40.194		1.35306			4
2025.06.04	02:47:41.120	1.35304	1.35308			6
