<DATE>	<TIME>	<BID>	<ASK>	<LAST>	<VOLUME>	<FLAGS>
2025.10.01	00:03:31.298	1.34401	1.34484			6
2025.10.01	00:04:00.198	1.34401				2
2025.10.01	00:04:15.270		1.34485			4
2025.10.01	00:05:00.174	1.34401				2
2025.10.01	00:05:15.494		1.34485			4
2025.10.01	00:05:49.914		1.34486			4
2025.10.01	00:06:00.062	1.34401				2
2025.10.01	00:06:50.104		1.34486			4
2025.10.01	00:07:00.268	1.34401				2
2025.10.01	00:07:50.256		1.34486			4
2025.10.01	00:08:00.116	1.34401				2
2025.10.01	00:08:50.387		1.34486			4
2025.10.01	00:09:00.245	1.34401				2
2025.10.01	00:09:50.562		1.34486			4
2025.10.01	00:10:00.096	1.34401				2
2025.10.01	00:10:09.983	1.34396				2
2025.10.01	00:10:50.576		1.34486			4
2025.10.01	00:11:00.113	1.34396				2
2025.10.01	00:11:15.848	1.34404				2
2025.10.01	00:11:16.152	1.34396				2
2025.10.01	00:11:16.774	1.34404				2
2025.10.01	00:11:22.635	1.34396				2
2025.10.01	00:11:23.562	1.34404				2
2025.10.01	00:11:29.422	1.34396				2
2025.10.01	00:11:30.343	1.34404				2
2025.10.01	00:11:50.719		1.34486			4
2025.10.01	00:12:00.295	1.34404				2
2025.10.01	00:12:11.722		1.34485			4
2025.10.01	00:12:22.834		1.34484			4
2025.10.01	00:13:00.222	1.34404				2
2025.10.01	00:13:23.071		1.34484			4
2025.10.01	00:14:00.080	1.34404				2
2025.10.01	00:14:23.229		1.34484			4
2025.10.01	00:15:00.290	1.34404				2
2025.10.01	00:15:23.451		1.34484			4
2025.10.01	00:15:46.294		1.34483			4
2025.10.01	00:16:00.182	1.34404				2
2025.10.01	00:16:46.482		1.34483			4
2025.10.01	00:17:00.070	1.34404				2
2025.10.01	00:17:46.658		1.34483			4
2025.10.01	00:18:00.230	1.34404				2
2025.10.01	00:18:10.404		1.34484			4
2025.10.01	00:18:34.431	1.34407				2
2025.10.01	00:19:00.283	1.34407				2
2025.10.01	00:19:10.472		1.34484			4
2025.10.01	00:19:58.376		1.34483			4
2025.10.01	00:20:00.222	1.34407				2
2025.10.01	00:20:00.537		1.34492			4
2025.10.01	00:21:00.054	1.34407				2
2025.10.01	00:21:00.362		1.34493			4
2025.10.01	00:22:00.293	1.34407				2
2025.10.01	00:22:00.603		1.34493			4
2025.10.01	00:23:00.239	1.34407				2
2025.10.01	00:23:00.856		1.34493			4
2025.10.01	00:23:17.243		1.34504			4
2025.10.01	00:23:18.275		1.34494			4
2025.10.01	00:23:31.558	1.34397				2
2025.10.01	00:24:00.298	1.34397				2
2025.10.01	00:24:18.170		1.34495			4
2025.10.01	00:25:00.024	1.34397				2
2025.10.01	00:25:18.174		1.34495			4
2025.10.01	00:25:26.177	1.34388	1.34498			6
2025.10.01	00:25:26.532	1.34390				2
2025.10.01	00:25:26.838	1.34391	1.34497			6
2025.10.01	00:25:36.371	1.34396				2
2025.10.01	00:25:36.986	1.34391				2
2025.10.01	00:25:37.600	1.34392				2
2025.10.01	00:25:46.822	1.34394				2
2025.10.01	00:25:59.744	1.34395				2
2025.10.01	00:26:00.045	1.34395				2
2025.10.01	00:26:01.276	1.34391				2
2025.10.01	00:26:20.362		1.34490			4
2025.10.01	00:27:00.040	1.34391				2
2025.10.01	00:27:07.709	1.34408				2
2025.10.01	00:27:18.570	1.34391				2
2025.10.01	00:27:20.417		1.34490			4
2025.10.01	00:28:00.150	1.34391				2
2025.10.01	00:28:20.440		1.34490			4
2025.10.01	00:28:26.919	1.34392				2
2025.10.01	00:29:00.110	1.34392				2
2025.10.01	00:29:20.449		1.34490			4
2025.10.01	00:30:00.226	1.34392	1.34487			6
2025.10.01	00:30:01.153		1.34498			4
2025.10.01	00:30:13.472	1.34393	1.34489			6
2025.10.01	00:30:13.787	1.34392	1.34498			6
2025.10.01	00:30:15.627	1.34393				2
2025.10.01	00:30:18.718	1.34395				2
2025.10.01	00:30:20.559	1.34392				2
2025.10.01	00:30:24.566	1.34394				2
2025.10.01	00:30:25.482		1.34501			4
2025.10.01	00:30:26.423	1.34393				2
2025.10.01	00:30:31.991	1.34391				2
2025.10.01	00:30:41.501	1.34389				2
2025.10.01	00:30:56.507	1.34392				2
2025.10.01	00:30:56.830	1.34391				2
2025.10.01	00:31:00.111	1.34389	1.34489			6
2025.10.01	00:31:06.452	1.34390				2
2025.10.01	00:31:08.913	1.34391				2
2025.10.01	00:31:25.261	1.34392				2
2025.10.01	00:31:26.491	1.34391				2
2025.10.01	00:31:27.730	1.34392				2
2025.10.01	00:31:28.111	1.34391				2
2025.10.01	00:31:28.422	1.34392				2
2025.10.01	00:31:28.738	1.34391				2
2025.10.01	00:31:29.683	1.34398				2
2025.10.01	00:31:30.905	1.34392				2
2025.10.01	00:31:31.388	1.34393				2
2025.10.01	00:31:31.692	1.34391				2
2025.10.01	00:31:32.307	1.34394				2
2025.10.01	00:31:32.951	1.34389				2
2025.10.01	00:31:35.294	1.34393				2
2025.10.01	00:31:35.786	1.34390				2
2025.10.01	00:31:36.163	1.34392				2
2025.10.01	00:31:36.541	1.34390				2
2025.10.01	00:31:37.041	1.34395				2
2025.10.01	00:31:37.541	1.34390				2
2025.10.01	00:31:38.540	1.34396				2
2025.10.01	00:31:39.041	1.34394				2
2025.10.01	00:31:39.624	1.34390				2
2025.10.01	00:31:39.959	1.34392				2
2025.10.01	00:31:40.290	1.34391				2
2025.10.01	00:31:40.781	1.34394				2
2025.10.01	00:31:41.282	1.34393				2
2025.10.01	00:31:41.815	1.34391				2
2025.10.01	00:31:42.208	1.34390				2
2025.10.01	00:31:44.058	1.34392				2
2025.10.01	00:31:44.695	1.34393				2
2025.10.01	00:31:45.702	1.34390				2
2025.10.01	00:31:46.163	1.34394				2
2025.10.01	00:31:46.519	1.34392				2
2025.10.01	00:31:47.950	1.34394				2
2025.10.01	00:31:48.290	1.34393				2
2025.10.01	00:31:48.792	1.34392				2
2025.10.01	00:31:56.454	1.34389				2
2025.10.01	00:31:59.317	1.34391				2
2025.10.01	00:31:59.814	1.34390				2
2025.10.01	00:32:00.316	1.34394	1.34489			6
2025.10.01	00:32:00.717	1.34390				2
2025.10.01	00:32:05.655	1.34392				2
2025.10.01	00:32:06.038	1.34390				2
2025.10.01	00:32:07.037	1.34391				2
2025.10.01	00:32:07.537	1.34390				2
2025.10.01	00:32:08.421	1.34391				2
2025.10.01	00:32:08.749	1.34394				2
2025.10.01	00:32:09.095	1.34390				2
2025.10.01	00:32:10.297	1.34393				2
2025.10.01	00:32:10.758	1.34391				2
2025.10.01	00:32:11.124	1.34390				2
2025.10.01	00:32:15.383	1.34392				2
2025.10.01	00:32:15.698	1.34390				2
2025.10.01	00:32:16.167	1.34395				2
2025.10.01	00:32:16.571	1.34391				2
2025.10.01	00:32:16.963	1.34393				2
2025.10.01	00:32:17.268	1.34390				2
2025.10.01	00:32:20.231	1.34391				2
2025.10.01	00:32:20.729	1.34390				2
2025.10.01	00:32:27.625	1.34389				2
2025.10.01	00:32:37.523	1.34390				2
2025.10.01	00:32:38.386	1.34391				2
2025.10.01	00:32:56.880	1.34394				2
2025.10.01	00:32:59.041	1.34392				2
2025.10.01	00:33:01.527	1.34394	1.34498			6
2025.10.01	00:33:05.243	1.34397	1.34489			6
2025.10.01	00:33:08.634		1.34498			4
2025.10.01	00:33:08.939	1.34398	1.34489			6
2025.10.01	00:33:13.560	1.34393				2
2025.10.01	00:33:19.720	1.34401				2
2025.10.01	00:33:21.570	1.34396				2
2025.10.01	00:33:22.802	1.34394	1.34491			6
2025.10.01	00:33:26.492	1.34393				2
2025.10.01	00:33:26.803	1.34399				2
2025.10.01	00:33:29.572	1.34400				2
2025.10.01	00:33:30.193	1.34401				2
2025.10.01	00:33:34.823	1.34402				2
2025.10.01	00:33:35.439	1.34401				2
2025.10.01	00:33:35.743	1.34403				2
2025.10.01	00:33:48.667	1.34404				2
2025.10.01	00:33:49.286	1.34403				2
2025.10.01	00:33:49.593	1.34404				2
2025.10.01	00:33:49.897	1.34405				2
2025.10.01	00:33:59.764	1.34403				2
2025.10.01	00:34:00.070	1.34403				2
2025.10.01	00:34:11.141	1.34402				2
2025.10.01	00:34:11.452	1.34403				2
2025.10.01	00:34:13.917	1.34397				2
2025.10.01	00:34:14.845	1.34395				2
2025.10.01	00:34:15.162	1.34397				2
2025.10.01	00:34:15.771	1.34396				2
2025.10.01	00:34:16.085	1.34402				2
2025.10.01	00:34:16.393	1.34401				2
2025.10.01	00:34:17.010	1.34398				2
2025.10.01	00:34:18.853	1.34397				2
2025.10.01	00:34:19.166	1.34401	1.34495			6
2025.10.01	00:34:19.466	1.34402				2
2025.10.01	00:34:20.398	1.34405	1.34491			6
2025.10.01	00:34:46.642	1.34397				2
2025.10.01	00:34:46.948	1.34396				2
2025.10.01	00:34:48.187	1.34397				2
2025.10.01	00:34:50.352	1.34396				2
2025.10.01	00:35:00.244	1.34396				2
2025.10.01	00:35:08.570	1.34398				2
2025.10.01	00:35:08.877	1.34401				2
2025.10.01	00:35:09.805	1.34404				2
2025.10.01	00:35:14.743	1.34399				2
2025.10.01	00:35:15.051	1.34403				2
2025.10.01	00:35:15.362	1.34402				2
2025.10.01	00:35:15.666	1.34403				2
2025.10.01	00:35:15.979	1.34402				2
2025.10.01	00:35:16.280	1.34403				2
2025.10.01	00:35:16.900	1.34402				2
2025.10.01	00:35:17.203	1.34403				2
2025.10.01	00:35:17.509	1.34402				2
2025.10.01	00:35:17.823	1.34400				2
2025.10.01	00:35:19.675	1.34401				2
2025.10.01	00:35:20.610		1.34491			4
2025.10.01	00:35:29.876	1.34407				2
2025.10.01	00:35:34.203	1.34399				2
2025.10.01	00:35:35.745	1.34401				2
2025.10.01	00:35:36.054	1.34406				2
2025.10.01	00:35:53.656	1.34407				2
2025.10.01	00:35:57.348	1.34406				2
2025.10.01	00:35:57.660	1.34405				2
2025.10.01	00:36:00.121	1.34405				2
2025.10.01	00:36:03.215	1.34406				2
2025.10.01	00:36:03.828	1.34405				2
2025.10.01	00:36:06.291	1.34404				2
2025.10.01	00:36:06.598	1.34405				2
2025.10.01	00:36:16.480	1.34404	1.34489			6
2025.10.01	00:36:19.564	1.34405	1.34491			6
2025.10.01	00:36:19.869	1.34407				2
2025.10.01	00:36:20.483	1.34406				2
2025.10.01	00:36:20.790	1.34407				2
2025.10.01	00:36:22.643	1.34405				2
2025.10.01	00:36:29.130	1.34406				2
2025.10.01	00:36:29.750	1.34407				2
2025.10.01	00:36:30.363	1.34406				2
2025.10.01	00:36:31.598	1.34405				2
2025.10.01	00:36:35.000	1.34406	1.34495			6
2025.10.01	00:36:35.311	1.34407				2
2025.10.01	00:36:35.929	1.34404	1.34494			6
2025.10.01	00:36:36.545	1.34405	1.34495			6
2025.10.01	00:36:38.092	1.34404	1.34491			6
2025.10.01	00:36:38.400	1.34406	1.34488			6
2025.10.01	00:36:39.942	1.34405				2
2025.10.01	00:36:40.254	1.34408				2
2025.10.01	00:36:45.505	1.34404				2
2025.10.01	00:36:45.819	1.34408	1.34499			6
2025.10.01	00:36:46.127	1.34409				2
2025.10.01	00:36:46.440	1.34411	1.34491			6
2025.10.01	00:36:46.748	1.34412	1.34500			6
2025.10.01	00:36:48.286	1.34411	1.34493			6
2025.10.01	00:36:49.221	1.34410				2
2025.10.01	00:36:49.829	1.34411				2
2025.10.01	00:36:50.138	1.34413				2
2025.10.01	00:36:50.441	1.34412				2
2025.10.01	00:36:54.107	1.34409				2
2025.10.01	00:36:54.419	1.34411				2
2025.10.01	00:36:55.351	1.34413				2
2025.10.01	00:36:55.658	1.34411				2
2025.10.01	00:36:58.127	1.34413				2
2025.10.01	00:36:58.437	1.34411				2
2025.10.01	00:36:59.051	1.34406				2
2025.10.01	00:36:59.371	1.34407				2
2025.10.01	00:36:59.678	1.34408				2
2025.10.01	00:37:00.295	1.34408				2
2025.10.01	00:37:00.904	1.34409				2
2025.10.01	00:37:02.147	1.34408				2
2025.10.01	00:37:02.457	1.34413				2
2025.10.01	00:37:08.036	1.34415				2
2025.10.01	00:37:10.809	1.34412				2
2025.10.01	00:37:16.372	1.34410	1.34500			6
2025.10.01	00:37:17.911	1.34409	1.34499			6
2025.10.01	00:37:18.523	1.34413	1.34503			6
2025.10.01	00:37:26.240	1.34411	1.34497			6
2025.10.01	00:37:30.859	1.34415				2
2025.10.01	00:37:35.476		1.34505			4
2025.10.01	00:37:37.013	1.34416	1.34506			6
2025.10.01	00:37:39.166		1.34497			4
2025.10.01	00:37:45.636	1.34413				2
2025.10.01	00:37:49.959	1.34410				2
2025.10.01	00:37:55.816	1.34411				2
2025.10.01	00:37:58.899	1.34413				2
2025.10.01	00:38:00.139	1.34413				2
2025.10.01	00:38:04.141	1.34412	1.34501			6
2025.10.01	00:38:04.455	1.34415				2
2025.10.01	00:38:09.704	1.34413				2
2025.10.01	00:38:21.117	1.34411				2
2025.10.01	00:38:30.372	1.34408	1.34500			6
2025.10.01	00:38:30.681	1.34409				2
2025.10.01	00:38:37.469	1.34410				2
2025.10.01	00:38:50.126	1.34396				2
2025.10.01	00:38:56.283	1.34410				2
2025.10.01	00:38:59.676	1.34411	1.34501			6
2025.10.01	00:39:00.294	1.34411				2
2025.10.01	00:39:03.075	1.34413				2
2025.10.01	00:39:06.463	1.34411				2
2025.10.01	00:39:19.742	1.34415				2
2025.10.01	00:39:22.513	1.34412				2
2025.10.01	00:39:26.822	1.34411				2
2025.10.01	00:39:30.216	1.34413				2
2025.10.01	00:39:34.834	1.34414				2
2025.10.01	00:39:59.848		1.34501			4
2025.10.01	00:40:00.149	1.34414				2
2025.10.01	00:40:04.183	1.34412				2
2025.10.01	00:40:05.410	1.34411				2
2025.10.01	00:40:05.715	1.34413				2
2025.10.01	00:40:08.494	1.34414				2
2025.10.01	00:40:10.657	1.34415				2
2025.10.01	00:40:13.745		1.34504			4
2025.10.01	00:40:16.221	1.34414				2
2025.10.01	00:40:24.257		1.34503			4
2025.10.01	00:40:25.155		1.34504			4
2025.10.01	00:40:25.771	1.34412	1.34502			6
2025.10.01	00:40:26.088	1.34411	1.34501			6
2025.10.01	00:40:26.393	1.34415	1.34503			6
2025.10.01	00:40:26.697	1.34414				2
2025.10.01	00:40:27.032	1.34416	1.34504			6
2025.10.01	00:40:27.336	1.34414	1.34503			6
2025.10.01	00:40:27.644		1.34504			4
2025.10.01	00:40:27.956	1.34412	1.34502			6
2025.10.01	00:40:28.262	1.34413	1.34503			6
2025.10.01	00:40:28.566	1.34415				2
2025.10.01	00:40:28.876	1.34416				2
2025.10.01	00:40:29.487	1.34414	1.34504			6
2025.10.01	00:40:29.800		1.34503			4
2025.10.01	00:40:30.184	1.34415	1.34504			6
2025.10.01	00:40:30.491	1.34412	1.34502			6
2025.10.01	00:40:30.797	1.34416	1.34503			6
2025.10.01	00:40:31.144	1.34417				2
2025.10.01	00:40:33.311	1.34416				2
2025.10.01	00:40:36.515	1.34414				2
2025.10.01	00:40:39.306	1.34415	1.34501			6
2025.10.01	00:40:39.614		1.34502			4
2025.10.01	00:40:39.920	1.34413	1.34503			6
2025.10.01	00:40:40.232		1.34502			4
2025.10.01	00:40:40.543		1.34503			4
2025.10.01	00:40:40.846	1.34412	1.34502			6
2025.10.01	00:40:41.158	1.34414				2
2025.10.01	00:40:42.087	1.34415	1.34503			6
2025.10.01	00:40:42.396		1.34502			4
2025.10.01	00:40:42.705	1.34414				2
2025.10.01	00:40:43.017		1.34503			4
2025.10.01	00:40:43.324	1.34415				2
2025.10.01	00:40:43.940		1.34502			4
2025.10.01	00:40:44.558	1.34416				2
2025.10.01	00:40:45.850	1.34413				2
2025.10.01	00:40:46.160	1.34414				2
2025.10.01	00:40:46.883	1.34416				2
2025.10.01	00:40:51.322	1.34412				2
2025.10.01	00:40:51.640	1.34417				2
2025.10.01	00:41:05.123	1.34417				2
2025.10.01	00:41:09.149	1.34411	1.34501			6
2025.10.01	00:41:10.083	1.34410	1.34500			6
2025.10.01	00:41:10.393	1.34411	1.34501			6
2025.10.01	00:41:10.698	1.34413	1.34500			6
2025.10.01	00:41:11.025	1.34415				2
2025.10.01	00:41:11.640	1.34416				2
2025.10.01	00:41:19.643	1.34420				2
2025.10.01	00:41:19.953	1.34417				2
2025.10.01	00:41:20.574	1.34412	1.34501			6
2025.10.01	00:41:21.496	1.34409	1.34499			6
2025.10.01	00:41:21.801	1.34411	1.34500			6
2025.10.01	00:41:22.109	1.34417				2
2025.10.01	00:41:23.184	1.34414				2
2025.10.01	00:41:23.496	1.34416				2
2025.10.01	00:41:23.804	1.34417				2
2025.10.01	00:41:28.406	1.34418				2
2025.10.01	00:41:29.934	1.34411				2
2025.10.01	00:41:30.238	1.34417	1.34499			6
2025.10.01	00:41:31.464	1.34415	1.34500			6
2025.10.01	00:41:31.779	1.34412	1.34498			6
2025.10.01	00:41:32.082	1.34411	1.34497			6
2025.10.01	00:41:32.397	1.34417	1.34498			6
2025.10.01	00:41:32.703	1.34416	1.34497			6
2025.10.01	00:41:33.616	1.34415				2
2025.10.01	00:41:38.514	1.34417				2
2025.10.01	00:41:39.877	1.34414				2
2025.10.01	00:41:40.499	1.34416				2
2025.10.01	00:41:43.900		1.34498			4
2025.10.01	00:41:44.207	1.34412	1.34495			6
2025.10.01	00:41:44.516	1.34414	1.34496			6
2025.10.01	00:41:45.135	1.34413				2
2025.10.01	00:41:45.442	1.34415	1.34498			6
2025.10.01	00:41:45.752	1.34417				2
2025.10.01	00:41:46.058	1.34411	1.34500			6
2025.10.01	00:41:46.368	1.34416				2
2025.10.01	00:41:46.724	1.34417				2
2025.10.01	00:41:47.039	1.34412	1.34501			6
2025.10.01	00:41:48.588	1.34413				2
2025.10.01	00:41:49.829	1.34410	1.34500			6
2025.10.01	00:41:50.135	1.34414	1.34499			6
2025.10.01	00:41:50.446	1.34416	1.34496			6
2025.10.01	00:41:50.753	1.34415				2
2025.10.01	00:41:51.070	1.34416				2
2025.10.01	00:41:53.528	1.34415				2
2025.10.01	00:41:54.591	1.34412	1.34497			6
2025.10.01	00:41:54.894	1.34414	1.34496			6
2025.10.01	00:41:55.203	1.34417				2
2025.10.01	00:42:00.325	1.34417				2
2025.10.01	00:42:03.734		1.34495			4
2025.10.01	00:42:04.038		1.34494			4
2025.10.01	00:42:04.342	1.34416				2
2025.10.01	00:42:04.798		1.34495			4
2025.10.01	00:42:05.117	1.34414				2
2025.10.01	00:42:05.426	1.34413				2
2025.10.01	00:42:05.732	1.34414				2
2025.10.01	00:42:06.042	1.34411	1.34494			6
2025.10.01	00:42:06.352	1.34416				2
2025.10.01	00:42:06.717	1.34417	1.34497			6
2025.10.01	00:42:08.123	1.34416	1.34498			6
2025.10.01	00:42:08.429	1.34417	1.34494			6
2025.10.01	00:42:08.766	1.34412	1.34500			6
2025.10.01	00:42:09.078	1.34415	1.34504			6
2025.10.01	00:42:09.476	1.34417				2
2025.10.01	00:42:16.447	1.34411	1.34501			6
2025.10.01	00:42:16.766	1.34412	1.34502			6
2025.10.01	00:42:17.071	1.34415	1.34500			6
2025.10.01	00:42:17.375	1.34418				2
2025.10.01	00:42:17.683	1.34417				2
2025.10.01	00:42:18.000	1.34416	1.34499			6
2025.10.01	00:42:18.318	1.34417	1.34498			6
2025.10.01	00:42:18.722	1.34413	1.34499			6
2025.10.01	00:42:19.036		1.34497			4
2025.10.01	00:42:19.340	1.34418				2
2025.10.01	00:42:19.964	1.34416				2
2025.10.01	00:42:20.271	1.34412	1.34498			6
2025.10.01	00:42:20.579	1.34417	1.34500			6
2025.10.01	00:42:21.520	1.34416				2
2025.10.01	00:42:26.345	1.34417	1.34496			6
2025.10.01	00:42:36.216	1.34411	1.34497			6
2025.10.01	00:42:36.827	1.34415	1.34496			6
2025.10.01	00:42:37.128	1.34412	1.34501			6
2025.10.01	00:42:37.750	1.34413	1.34500			6
2025.10.01	00:42:38.064	1.34417				2
2025.10.01	00:42:43.501	1.34418				2
2025.10.01	00:42:46.281	1.34413				2
2025.10.01	00:42:46.594	1.34418	1.34498			6
2025.10.01	00:42:46.900	1.34417	1.34497			6
2025.10.01	00:42:47.413	1.34418				2
2025.10.01	00:42:48.956	1.34417				2
2025.10.01	00:42:49.258	1.34415	1.34498			6
2025.10.01	00:42:49.558	1.34411	1.34497			6
2025.10.01	00:42:49.879	1.34416				2
2025.10.01	00:42:50.190	1.34415	1.34496			6
2025.10.01	00:42:50.498	1.34417				2
2025.10.01	00:42:50.802	1.34418				2
2025.10.01	00:42:51.111	1.34417				2
2025.10.01	00:42:51.723	1.34412	1.34497			6
2025.10.01	00:42:52.037		1.34496			4
2025.10.01	00:42:52.418	1.34405	1.34497			6
2025.10.01	00:42:52.733	1.34410	1.34496			6
2025.10.01	00:42:53.043	1.34411				2
2025.10.01	00:42:53.352	1.34412				2
2025.10.01	00:42:53.664	1.34418				2
2025.10.01	00:42:57.978	1.34415				2
2025.10.01	00:42:58.280	1.34413	1.34501			6
2025.10.01	00:42:58.902	1.34411	1.34500			6
2025.10.01	00:42:59.212	1.34413	1.34501			6
2025.10.01	00:42:59.518	1.34411				2
2025.10.01	00:42:59.825	1.34417	1.34500			6
2025.10.01	00:43:00.131	1.34418				2
2025.10.01	00:43:00.437	1.34416				2
2025.10.01	00:43:01.384	1.34408	1.34496			6
2025.10.01	00:43:01.686	1.34414	1.34498			6
2025.10.01	00:43:02.002	1.34411	1.34496			6
2025.10.01	00:43:02.314	1.34412				2
2025.10.01	00:43:02.689	1.34416				2
2025.10.01	00:43:03.189	1.34417				2
2025.10.01	00:43:03.586	1.34418				2
2025.10.01	00:43:03.909	1.34411				2
2025.10.01	00:43:04.218	1.34412				2
2025.10.01	00:43:04.566	1.34411	1.34497			6
2025.10.01	00:43:04.879	1.34414	1.34496			6
2025.10.01	00:43:05.485	1.34410				2
2025.10.01	00:43:05.785	1.34416				2
2025.10.01	00:43:06.102	1.34417				2
2025.10.01	00:43:06.411	1.34412				2
2025.10.01	00:43:06.723	1.34414				2
2025.10.01	00:43:07.025	1.34410				2
2025.10.01	00:43:07.335	1.34411	1.34497			6
2025.10.01	00:43:07.639	1.34413	1.34496			6
2025.10.01	00:43:08.120	1.34417				2
2025.10.01	00:43:09.319	1.34414				2
2025.10.01	00:43:09.623	1.34410	1.34498			6
2025.10.01	00:43:09.928	1.34411				2
2025.10.01	00:43:13.324	1.34413				2
2025.10.01	00:43:13.637	1.34416	1.34496			6
2025.10.01	00:43:13.938	1.34417				2
2025.10.01	00:43:14.253	1.34416				2
2025.10.01	00:43:16.412	1.34409				2
2025.10.01	00:43:16.721	1.34414				2
2025.10.01	00:43:17.060	1.34416				2
2025.10.01	00:43:17.997	1.34409				2
2025.10.01	00:43:18.300		1.34499			4
2025.10.01	00:43:18.621	1.34410	1.34500			6
2025.10.01	00:43:18.929	1.34414				2
2025.10.01	00:43:19.239	1.34416				2
2025.10.01	00:43:21.712	1.34409	1.34499			6
2025.10.01	00:43:22.020	1.34410	1.34500			6
2025.10.01	00:43:22.336	1.34412	1.34501			6
2025.10.01	00:43:22.643	1.34411				2
2025.10.01	00:43:25.434	1.34414	1.34500			6
2025.10.01	00:43:25.750	1.34415				2
2025.10.01	00:43:26.055	1.34409	1.34498			6
2025.10.01	00:43:26.358	1.34408	1.34496			6
2025.10.01	00:43:26.665	1.34411	1.34497			6
2025.10.01	00:43:26.983	1.34410	1.34496			6
2025.10.01	00:43:27.293	1.34414				2
2025.10.01	00:43:28.220		1.34497			4
2025.10.01	00:43:28.528	1.34412				2
2025.10.01	00:43:28.837	1.34415				2
2025.10.01	00:43:29.146	1.34413	1.34496			6
2025.10.01	00:43:29.462	1.34412				2
2025.10.01	00:43:29.784		1.34499			4
2025.10.01	00:43:30.101		1.34497			4
2025.10.01	00:43:30.401	1.34416	1.34498			6
2025.10.01	00:43:30.716	1.34412	1.34499			6
2025.10.01	00:43:31.017	1.34411				2
2025.10.01	00:43:31.322	1.34408	1.34498			6
2025.10.01	00:43:31.637	1.34414				2
2025.10.01	00:43:31.946	1.34411	1.34499			6
2025.10.01	00:43:35.960	1.34403	1.34498			6
2025.10.01	00:43:36.274	1.34411	1.34499			6
2025.10.01	00:43:36.579	1.34408	1.34498			6
2025.10.01	00:43:36.895	1.34414	1.34500			6
2025.10.01	00:43:37.198	1.34411	1.34499			6
2025.10.01	00:43:37.500	1.34410	1.34498			6
2025.10.01	00:43:37.818	1.34412	1.34497			6
2025.10.01	00:43:38.124	1.34411	1.34496			6
2025.10.01	00:43:38.437		1.34498			4
2025.10.01	00:43:38.739	1.34410	1.34497			6
2025.10.01	00:43:39.053	1.34413				2
2025.10.01	00:43:39.354	1.34415				2
2025.10.01	00:43:39.670	1.34414				2
2025.10.01	00:43:39.976		1.34496			4
2025.10.01	00:43:42.143	1.34410				2
2025.10.01	00:43:42.450	1.34413				2
2025.10.01	00:43:42.814	1.34409				2
2025.10.01	00:43:43.124	1.34413				2
2025.10.01	00:43:43.437	1.34414				2
2025.10.01	00:43:44.056	1.34413	1.34497			6
2025.10.01	00:43:44.361	1.34408	1.34498			6
2025.10.01	00:43:44.674	1.34410	1.34499			6
2025.10.01	00:43:44.975	1.34409				2
2025.10.01	00:43:48.362	1.34411				2
2025.10.01	00:43:53.913	1.34408	1.34498			6
2025.10.01	00:43:54.227	1.34410				2
2025.10.01	00:43:58.859		1.34499			4
2025.10.01	00:43:59.164	1.34412				2
2025.10.01	00:43:59.472	1.34414				2
2025.10.01	00:43:59.778	1.34415				2
2025.10.01	00:44:00.078	1.34415	1.34497			6
2025.10.01	00:44:00.702	1.34409	1.34499			6
2025.10.01	00:44:01.012	1.34413	1.34498			6
2025.10.01	00:44:01.319	1.34414				2
2025.10.01	00:44:02.240	1.34415	1.34500			6
2025.10.01	00:44:02.557		1.34498			4
2025.10.01	00:44:02.859	1.34413				2
2025.10.01	00:44:03.173	1.34411				2
2025.10.01	00:44:03.786	1.34412	1.34497			6
2025.10.01	00:44:04.096	1.34413				2
2025.10.01	00:44:04.400	1.34411				2
2025.10.01	00:44:04.702	1.34414	1.34498			6
2025.10.01	00:44:05.631	1.34412				2
2025.10.01	00:44:05.939	1.34411				2
2025.10.01	00:44:06.253		1.34497			4
2025.10.01	00:44:06.558	1.34414				2
2025.10.01	00:44:07.788	1.34412	1.34500			6
2025.10.01	00:44:08.094	1.34415				2
2025.10.01	00:44:08.400	1.34416				2
2025.10.01	00:44:08.719	1.34413				2
2025.10.01	00:44:12.794	1.34414	1.34501			6
2025.10.01	00:44:13.098		1.34499			4
2025.10.01	00:44:13.398	1.34413				2
2025.10.01	00:44:13.729	1.34412				2
2025.10.01	00:44:14.031	1.34410	1.34496			6
2025.10.01	00:44:14.337	1.34414				2
2025.10.01	00:44:14.711	1.34410	1.34497			6
2025.10.01	00:44:15.019	1.34412				2
2025.10.01	00:44:16.870	1.34414	1.34496			6
2025.10.01	00:44:17.178	1.34410	1.34500			6
2025.10.01	00:44:17.481	1.34413	1.34498			6
2025.10.01	00:44:17.789		1.34499			4
2025.10.01	00:44:22.100	1.34412	1.34500			6
2025.10.01	00:44:22.460	1.34417				2
2025.10.01	00:44:23.159	1.34412	1.34501			6
2025.10.01	00:44:25.020	1.34410	1.34498			6
2025.10.01	00:44:25.331	1.34412	1.34501			6
2025.10.01	00:44:25.639	1.34409	1.34499			6
2025.10.01	00:44:26.254	1.34412	1.34500			6
2025.10.01	00:44:26.616	1.34413				2
2025.10.01	00:44:27.534		1.34501			4
2025.10.01	00:44:27.838		1.34500			4
2025.10.01	00:44:28.451	1.34409	1.34499			6
2025.10.01	00:44:29.067	1.34412	1.34500			6
2025.10.01	00:44:29.374	1.34409	1.34499			6
2025.10.01	00:44:29.688	1.34410	1.34500			6
2025.10.01	00:44:30.915	1.34409	1.34499			6
2025.10.01	00:44:31.836	1.34408	1.34498			6
2025.10.01	00:44:32.142	1.34411	1.34501			6
2025.10.01	00:44:32.760	1.34413	1.34503			6
2025.10.01	00:44:37.066	1.34412	1.34502			6
2025.10.01	00:44:37.377	1.34414	1.34503			6
2025.10.01	00:44:37.688		1.34504			4
2025.10.01	00:44:42.918	1.34411	1.34501			6
2025.10.01	00:44:43.537	1.34404	1.34497			6
2025.10.01	00:44:43.841	1.34412	1.34502			6
2025.10.01	00:44:45.077		1.34501			4
2025.10.01	00:44:45.378	1.34411				2
2025.10.01	00:44:45.690	1.34410	1.34500			6
2025.10.01	00:44:45.998	1.34412	1.34502			6
2025.10.01	00:44:47.234	1.34403	1.34498			6
2025.10.01	00:44:48.474	1.34408				2
2025.10.01	00:44:50.010	1.34403				2
2025.10.01	00:44:50.924	1.34406				2
2025.10.01	00:45:00.163	1.34409	1.34499			6
2025.10.01	00:45:00.471	1.34410	1.34500			6
2025.10.01	00:45:05.094	1.34409	1.34499			6
2025.10.01	00:45:07.257	1.34410	1.34500			6
2025.10.01	00:45:11.015	1.34426	1.34484			6
2025.10.01	00:45:13.352	1.34431	1.34489			6
2025.10.01	00:45:13.974	1.34432	1.34490			6
2025.10.01	00:45:30.023	1.34429	1.34487			6
2025.10.01	00:45:55.550	1.34430	1.34488			6
2025.10.01	00:46:00.161	1.34430				2
2025.10.01	00:46:12.460	1.34435	1.34492			6
2025.10.01	00:46:12.763	1.34433	1.34491			6
2025.10.01	00:46:19.843	1.34431	1.34489			6
2025.10.01	00:46:30.907	1.34426	1.34484			6
2025.10.01	00:46:32.767	1.34427	1.34485			6
2025.10.01	00:46:35.834	1.34429	1.34487			6
2025.10.01	00:46:37.983	1.34418	1.34482			6
2025.10.01	00:46:40.450	1.34421				2
2025.10.01	00:46:43.827	1.34424				2
2025.10.01	00:46:56.453	1.34427	1.34485			6
2025.10.01	00:47:00.128	1.34427				2
2025.10.01	00:47:03.221	1.34424	1.34482			6
2025.10.01	00:47:06.588	1.34425	1.34483			6
2025.10.01	00:47:15.134	1.34427	1.34485			6
2025.10.01	00:47:17.282	1.34420	1.34482			6
2025.10.01	00:47:19.117	1.34416				2
2025.10.01	00:47:19.418	1.34417				2
2025.10.01	00:47:24.022	1.34420				2
2025.10.01	00:47:26.469	1.34422				2
2025.10.01	00:47:35.065	1.34421				2
2025.10.01	00:47:35.374	1.34422				2
2025.10.01	00:47:37.223	1.34421				2
2025.10.01	00:47:37.842	1.34414				2
2025.10.01	00:47:39.393	1.34409				2
2025.10.01	00:47:46.161	1.34408				2
2025.10.01	00:47:57.225	1.34409				2
2025.10.01	00:48:00.296	1.34409				2
2025.10.01	00:48:07.053	1.34413				2
2025.10.01	00:48:08.286	1.34414				2
2025.10.01	00:48:08.598	1.34419				2
2025.10.01	00:48:11.056	1.34420				2
2025.10.01	00:48:17.516	1.34421	1.34482			6
2025.10.01	00:48:25.208	1.34423				2
2025.10.01	00:48:37.825	1.34419				2
2025.10.01	00:48:38.136	1.34420				2
2025.10.01	00:48:39.057	1.34421				2
2025.10.01	00:48:39.368	1.34420				2
2025.10.01	00:48:39.672	1.34421				2
2025.10.01	00:48:41.521	1.34419				2
2025.10.01	00:48:41.830	1.34421				2
2025.10.01	00:48:52.586	1.34424				2
2025.10.01	00:48:54.735	1.34419				2
2025.10.01	00:48:55.659	1.34418				2
2025.10.01	00:48:57.196	1.34416	1.34444			6
2025.10.01	00:48:58.730	1.34417				2
2025.10.01	00:49:00.275	1.34416				2
2025.10.01	00:49:03.345	1.34417				2
2025.10.01	00:49:11.647	1.34416				2
2025.10.01	00:49:12.575	1.34417				2
2025.10.01	00:49:13.183	1.34408	1.34434			6
2025.10.01	00:49:13.492	1.34415				2
2025.10.01	00:49:15.337	1.34414				2
2025.10.01	00:49:18.417	1.34407	1.34482			6
2025.10.01	00:49:18.719	1.34421				2
2025.10.01	00:49:19.335	1.34420				2
2025.10.01	00:49:19.642	1.34425	1.34483			6
2025.10.01	00:49:20.565	1.34424	1.34482			6
2025.10.01	00:49:22.105	1.34423				2
2025.10.01	00:49:25.480	1.34422				2
2025.10.01	00:49:26.098	1.34420				2
2025.10.01	00:49:26.715	1.34422				2
2025.10.01	00:49:27.327	1.34421				2
2025.10.01	00:49:28.250	1.34424				2
2025.10.01	00:49:29.167	1.34421	1.34480			6
2025.10.01	00:49:29.477	1.34424				2
2025.10.01	00:49:31.937	1.34426				2
2025.10.01	00:49:32.241	1.34424				2
2025.10.01	00:49:42.700	1.34427				2
2025.10.01	00:49:43.006	1.34426				2
2025.10.01	00:50:00.243	1.34426				2
2025.10.01	00:50:05.155	1.34421				2
2025.10.01	00:50:06.384	1.34417				2
2025.10.01	00:50:06.697	1.34420				2
2025.10.01	00:50:07.003	1.34415				2
2025.10.01	00:50:08.861	1.34424				2
2025.10.01	00:50:11.334	1.34418				2
2025.10.01	00:50:11.955	1.34416	1.34479			6
2025.10.01	00:50:12.267	1.34417				2
2025.10.01	00:50:16.275	1.34416	1.34478			6
2025.10.01	00:50:16.576	1.34419				2
2025.10.01	00:50:19.060	1.34426				2
2025.10.01	00:50:19.365	1.34424				2
2025.10.01	00:50:19.675	1.34416	1.34479			6
2025.10.01	00:50:20.288	1.34418				2
2025.10.01	00:50:22.455	1.34416				2
2025.10.01	00:50:22.762	1.34419				2
2025.10.01	00:50:24.315	1.34425				2
2025.10.01	00:50:26.473	1.34421				2
2025.10.01	00:50:26.784	1.34423				2
2025.10.01	00:50:27.404	1.34422				2
2025.10.01	00:50:29.256	1.34424				2
2025.10.01	00:50:30.494	1.34426				2
2025.10.01	00:50:33.578	1.34425				2
2025.10.01	00:50:33.880	1.34424				2
2025.10.01	00:50:34.812	1.34427				2
2025.10.01	00:50:36.028	1.34426				2
2025.10.01	00:50:36.331	1.34424				2
2025.10.01	00:50:37.562	1.34425				2
2025.10.01	00:51:00.077	1.34425				2
2025.10.01	00:51:01.307	1.34423				2
2025.10.01	00:51:01.610	1.34424				2
2025.10.01	00:51:01.918	1.34422				2
2025.10.01	00:51:02.540	1.34420				2
2025.10.01	00:51:03.765	1.34421				2
2025.10.01	00:51:04.995	1.34422				2
2025.10.01	00:51:05.304	1.34421				2
2025.10.01	00:51:06.529	1.34424				2
2025.10.01	00:51:06.835	1.34425				2
2025.10.01	00:51:11.746	1.34418				2
2025.10.01	00:51:12.053	1.34422				2
2025.10.01	00:51:12.358	1.34420				2
2025.10.01	00:51:12.668	1.34419				2
2025.10.01	00:51:13.283	1.34422				2
2025.10.01	00:51:13.904	1.34418				2
2025.10.01	00:51:16.051	1.34417				2
2025.10.01	00:51:16.668	1.34419				2
2025.10.01	00:51:19.740		1.34479			4
2025.10.01	00:51:20.051	1.34428				2
2025.10.01	00:51:23.433	1.34423				2
2025.10.01	00:51:31.136	1.34422				2
2025.10.01	00:51:31.443	1.34423				2
2025.10.01	00:51:35.448	1.34422				2
2025.10.01	00:51:43.470	1.34425				2
2025.10.01	00:51:43.772	1.34422				2
2025.10.01	00:51:44.700	1.34423				2
2025.10.01	00:51:46.864	1.34424				2
2025.10.01	00:51:50.248	1.34428				2
2025.10.01	00:52:00.118	1.34428				2
2025.10.01	00:52:06.589	1.34427				2
2025.10.01	00:52:16.454	1.34422				2
2025.10.01	00:52:19.853	1.34421	1.34479			6
2025.10.01	00:52:22.637	1.34419	1.34480			6
2025.10.01	00:52:28.501	1.34418				2
2025.10.01	00:52:36.222		1.34481			4
2025.10.01	00:52:36.842	1.34417				2
2025.10.01	00:52:43.624	1.34416				2
2025.10.01	00:52:51.339	1.34425	1.34483			6
2025.10.01	00:52:53.187	1.34419	1.34481			6
2025.10.01	00:52:54.734	1.34417				2
2025.10.01	00:52:56.586	1.34418				2
2025.10.01	00:53:00.279	1.34418				2
2025.10.01	00:53:07.371	1.34425	1.34479			6
2025.10.01	00:53:08.297	1.34424				2
2025.10.01	00:53:08.606	1.34425				2
2025.10.01	00:53:15.698	1.34426				2
2025.10.01	00:53:16.321	1.34425				2
2025.10.01	00:53:27.128	1.34418				2
2025.10.01	00:53:30.206	1.34417				2
2025.10.01	00:53:32.668	1.34424				2
2025.10.01	00:53:32.974	1.34427				2
2025.10.01	00:53:36.055	1.34425				2
2025.10.01	00:53:36.668	1.34424				2
2025.10.01	00:53:43.769	1.34425				2
2025.10.01	00:53:46.237	1.34419				2
2025.10.01	00:54:00.116	1.34419				2
2025.10.01	00:54:07.534		1.34479			4
2025.10.01	00:54:18.022	1.34418				2
2025.10.01	00:54:30.670	1.34424				2
2025.10.01	00:54:32.511	1.34419				2
2025.10.01	00:54:32.814	1.34425				2
2025.10.01	00:54:36.208	1.34423				2
2025.10.01	00:54:36.520	1.34422				2
2025.10.01	00:54:36.828	1.34423				2
2025.10.01	00:54:38.376	1.34422				2
2025.10.01	00:54:38.690	1.34421				2
2025.10.01	00:54:41.458	1.34422				2
2025.10.01	00:54:41.773	1.34421				2
2025.10.01	00:54:42.383	1.34422				2
2025.10.01	00:54:42.686	1.34427				2
2025.10.01	00:54:45.153	1.34423				2
2025.10.01	00:54:45.471	1.34424				2
2025.10.01	00:55:00.271	1.34424				2
2025.10.01	00:55:07.065	1.34423				2
2025.10.01	00:55:07.686		1.34479			4
2025.10.01	00:55:09.543	1.34427	1.34485			6
2025.10.01	00:55:10.783	1.34424	1.34482			6
2025.10.01	00:55:13.257	1.34425	1.34483			6
2025.10.01	00:55:13.877	1.34426	1.34484			6
2025.10.01	00:55:14.808	1.34427	1.34485			6
2025.10.01	00:55:15.118	1.34426	1.34484			6
2025.10.01	00:55:15.424	1.34427	1.34485			6
2025.10.01	00:55:19.748	1.34426	1.34484			6
2025.10.01	00:55:22.838	1.34411	1.34481			6
2025.10.01	00:55:30.559	1.34426	1.34484			6
2025.10.01	00:55:36.119	1.34427	1.34485			6
2025.10.01	00:55:37.348	1.34426	1.34484			6
2025.10.01	00:55:39.825	1.34427	1.34485			6
2025.10.01	00:55:45.691	1.34426	1.34484			6
2025.10.01	00:55:56.803	1.34420	1.34481			6
2025.10.01	00:55:58.047	1.34421				2
2025.10.01	00:55:58.666	1.34424	1.34482			6
2025.10.01	00:55:58.968	1.34409	1.34481			6
2025.10.01	00:56:00.200	1.34409				2
2025.10.01	00:56:03.294	1.34424	1.34482			6
2025.10.01	00:56:05.768	1.34409	1.34481			6
2025.10.01	00:56:06.993	1.34384	1.34520			6
2025.10.01	00:56:08.856	1.34414				2
2025.10.01	00:56:09.780	1.34384				2
2025.10.01	00:56:14.724	1.34406				2
2025.10.01	00:56:15.964	1.34384				2
2025.10.01	00:56:19.057	1.34385				2
2025.10.01	00:56:22.131	1.34384				2
2025.10.01	00:56:26.762	1.34383				2
2025.10.01	00:56:27.378	1.34381				2
2025.10.01	00:56:27.684		1.34519			4
2025.10.01	00:56:28.303	1.34408				2
2025.10.01	00:56:28.607	1.34381				2
2025.10.01	00:56:28.915		1.34520			4
2025.10.01	00:56:29.228	1.34412	1.34519			6
2025.10.01	00:56:29.536	1.34381	1.34520			6
2025.10.01	00:56:29.845	1.34412	1.34519			6
2025.10.01	00:56:30.460	1.34381	1.34520			6
2025.10.01	00:56:30.778	1.34412				2
2025.10.01	00:56:31.079	1.34381	1.34519			6
2025.10.01	00:56:32.013		1.34520			4
2025.10.01	00:56:32.325	1.34411				2
2025.10.01	00:56:32.938	1.34412				2
2025.10.01	00:56:33.240	1.34382				2
2025.10.01	00:56:33.863	1.34381				2
2025.10.01	00:56:34.170	1.34379	1.34517			6
2025.10.01	00:56:34.796	1.34380	1.34519			6
2025.10.01	00:56:35.098	1.34379	1.34517			6
2025.10.01	00:56:35.718	1.34381	1.34520			6
2025.10.01	00:56:36.954		1.34519			4
2025.10.01	00:56:37.569	1.34382				2
2025.10.01	00:56:37.877	1.34410				2
2025.10.01	00:56:38.194	1.34381	1.34520			6
2025.10.01	00:56:39.428	1.34412	1.34517			6
2025.10.01	00:56:39.734	1.34405	1.34502			6
2025.10.01	00:56:40.034	1.34382	1.34519			6
2025.10.01	00:56:46.217	1.34381	1.34518			6
2025.10.01	00:56:46.524	1.34417	1.34519			6
2025.10.01	00:56:46.840	1.34379	1.34516			6
2025.10.01	00:56:47.151	1.34381	1.34519			6
2025.10.01	00:56:47.457		1.34516			4
2025.10.01	00:56:48.076	1.34382				2
2025.10.01	00:56:48.379	1.34416	1.34517			6
2025.10.01	00:56:48.694	1.34413	1.34515			6
2025.10.01	00:56:49.003	1.34383	1.34518			6
2025.10.01	00:56:49.305	1.34382	1.34517			6
2025.10.01	00:56:49.620	1.34413				2
2025.10.01	00:56:50.243	1.34382				2
2025.10.01	00:56:51.785	1.34380	1.34515			6
2025.10.01	00:56:52.098	1.34382	1.34517			6
2025.10.01	00:56:52.405	1.34413				2
2025.10.01	00:56:52.714	1.34411	1.34516			6
2025.10.01	00:56:53.024	1.34381				2
2025.10.01	00:56:53.327	1.34382	1.34517			6
2025.10.01	00:56:53.639	1.34414	1.34518			6
2025.10.01	00:56:54.252	1.34382				2
2025.10.01	00:56:54.565	1.34385	1.34519			6
2025.10.01	00:56:54.875		1.34518			4
2025.10.01	00:56:55.182		1.34520			4
2025.10.01	00:56:55.497	1.34413				2
2025.10.01	00:56:55.804		1.34519			4
2025.10.01	00:56:56.422	1.34374	1.34512			6
2025.10.01	00:56:56.732	1.34388	1.34520			6
2025.10.01	00:57:00.114	1.34388				2
2025.10.01	00:57:04.736	1.34384				2
2025.10.01	00:57:05.353	1.34386				2
2025.10.01	00:57:05.975	1.34412				2
2025.10.01	00:57:06.277	1.34386				2
2025.10.01	00:57:06.890		1.34519			4
2025.10.01	00:57:07.512	1.34385				2
2025.10.01	00:57:09.974	1.34387				2
2025.10.01	00:57:10.281	1.34415				2
2025.10.01	00:57:10.592	1.34385				2
2025.10.01	00:57:11.209	1.34384				2
2025.10.01	00:57:11.517	1.34415				2
2025.10.01	00:57:15.536	1.34396				2
2025.10.01	00:57:15.841	1.34420				2
2025.10.01	00:57:16.156	1.34416				2
2025.10.01	00:57:17.388	1.34396				2
2025.10.01	00:57:20.164		1.34513			4
2025.10.01	00:57:20.470	1.34394	1.34509			6
2025.10.01	00:57:26.022	1.34420				2
2025.10.01	00:57:27.872	1.34396				2
2025.10.01	00:57:28.797	1.34399				2
2025.10.01	00:57:29.412	1.34397				2
2025.10.01	00:57:29.723	1.34415				2
2025.10.01	00:57:30.025	1.34395				2
2025.10.01	00:57:30.332	1.34415				2
2025.10.01	00:57:30.652	1.34397				2
2025.10.01	00:57:30.961	1.34398				2
2025.10.01	00:57:31.268	1.34397				2
2025.10.01	00:57:31.579	1.34416				2
2025.10.01	00:57:32.811	1.34397				2
2025.10.01	00:57:33.137	1.34396				2
2025.10.01	00:57:33.758	1.34397				2
2025.10.01	00:57:34.066	1.34417				2
2025.10.01	00:57:39.317	1.34397				2
2025.10.01	00:57:41.171	1.34418				2
2025.10.01	00:57:45.809	1.34399				2
2025.10.01	00:57:46.119	1.34400				2
2025.10.01	00:57:46.428	1.34399				2
2025.10.01	00:57:47.042	1.34398				2
2025.10.01	00:57:47.968	1.34397				2
2025.10.01	00:57:48.898	1.34400				2
2025.10.01	00:57:49.514	1.34399				2
2025.10.01	00:57:50.437	1.34398				2
2025.10.01	00:57:51.971	1.34399				2
2025.10.01	00:57:52.279	1.34400				2
2025.10.01	00:57:52.588	1.34399				2
2025.10.01	00:57:53.203	1.34398				2
2025.10.01	00:57:54.129	1.34397				2
2025.10.01	00:57:54.438	1.34394				2
2025.10.01	00:57:54.751	1.34396				2
2025.10.01	00:57:55.056	1.34418				2
2025.10.01	00:57:56.294	1.34403	1.34506			6
2025.10.01	00:57:56.603	1.34382				2
2025.10.01	00:57:57.218	1.34383	1.34507			6
2025.10.01	00:57:57.531	1.34387	1.34508			6
2025.10.01	00:57:57.838	1.34418				2
2025.10.01	00:57:58.448	1.34414				2
2025.10.01	00:57:58.762		1.34507			4
2025.10.01	00:57:59.071	1.34383				2
2025.10.01	00:57:59.378	1.34390	1.34510			6
2025.10.01	00:57:59.687	1.34387	1.34508			6
2025.10.01	00:58:00.002	1.34389	1.34509			6
2025.10.01	00:58:00.308	1.34415				2
2025.10.01	00:58:00.617	1.34387	1.34508			6
2025.10.01	00:58:00.930	1.34388	1.34509			6
2025.10.01	00:58:01.234	1.34389	1.34511			6
2025.10.01	00:58:01.542	1.34384	1.34509			6
2025.10.01	00:58:01.850	1.34388	1.34512			6
2025.10.01	00:58:02.160	1.34387				2
2025.10.01	00:58:02.466	1.34389	1.34514			6
2025.10.01	00:58:03.086	1.34410	1.34511			6
2025.10.01	00:58:03.387	1.34391	1.34515			6
2025.10.01	00:58:04.015	1.34388	1.34514			6
2025.10.01	00:58:04.317	1.34389	1.34513			6
2025.10.01	00:58:04.935	1.34388				2
2025.10.01	00:58:05.253		1.34512			4
2025.10.01	00:58:05.557	1.34387				2
2025.10.01	00:58:05.869	1.34388				2
2025.10.01	00:58:06.793	1.34387				2
2025.10.01	00:58:07.101	1.34388				2
2025.10.01	00:58:07.722	1.34413				2
2025.10.01	00:58:08.335	1.34383	1.34511			6
2025.10.01	00:58:08.650	1.34385	1.34512			6
2025.10.01	00:58:09.272	1.34381	1.34511			6
2025.10.01	00:58:09.576	1.34383				2
2025.10.01	00:58:09.885	1.34388	1.34514			6
2025.10.01	00:58:10.196	1.34383	1.34512			6
2025.10.01	00:58:10.503	1.34384				2
2025.10.01	00:58:10.815	1.34382	1.34510			6
2025.10.01	00:58:11.120	1.34371				2
2025.10.01	00:58:11.429		1.34502			4
2025.10.01	00:58:11.734	1.34373	1.34511			6
2025.10.01	00:58:12.046	1.34376				2
2025.10.01	00:58:12.970	1.34389	1.34519			6
2025.10.01	00:58:13.887	1.34376				2
2025.10.01	00:58:14.200	1.34380	1.34514			6
2025.10.01	00:58:14.503		1.34515			4
2025.10.01	00:58:14.816	1.34382	1.34516			6
2025.10.01	00:58:15.428	1.34409	1.34519			6
2025.10.01	00:58:15.740	1.34388				2
2025.10.01	00:58:16.045	1.34378	1.34515			6
2025.10.01	00:58:16.357	1.34379	1.34516			6
2025.10.01	00:58:16.666	1.34386	1.34519			6
2025.10.01	00:58:16.970	1.34388				2
2025.10.01	00:58:17.285	1.34405				2
2025.10.01	00:58:17.900	1.34418				2
2025.10.01	00:58:18.827	1.34414				2
2025.10.01	00:58:19.128	1.34418				2
2025.10.01	00:58:19.431	1.34406				2
2025.10.01	00:58:19.752	1.34395				2
2025.10.01	00:58:20.058	1.34413				2
2025.10.01	00:58:20.369	1.34416				2
2025.10.01	00:58:20.675	1.34410				2
2025.10.01	00:58:20.986	1.34414				2
2025.10.01	00:58:21.294	1.34416				2
2025.10.01	00:58:21.610	1.34393				2
2025.10.01	00:58:21.916	1.34377	1.34518			6
2025.10.01	00:58:22.221	1.34393	1.34519			6
2025.10.01	00:58:22.525	1.34392				2
2025.10.01	00:58:23.151	1.34391				2
2025.10.01	00:58:24.381	1.34392				2
2025.10.01	00:58:24.682	1.34394	1.34514			6
2025.10.01	00:58:25.299	1.34412				2
2025.10.01	00:58:25.609	1.34399				2
2025.10.01	00:58:25.916	1.34412				2
2025.10.01	00:58:26.228	1.34410				2
2025.10.01	00:58:26.534	1.34395				2
2025.10.01	00:58:27.153	1.34386				2
2025.10.01	00:58:27.469	1.34395				2
2025.10.01	00:58:27.770	1.34394				2
2025.10.01	00:58:28.395	1.34395				2
2025.10.01	00:58:29.934	1.34391				2
2025.10.01	00:58:30.857	1.34386				2
2025.10.01	00:58:31.165	1.34392				2
2025.10.01	00:58:32.091	1.34395				2
2025.10.01	00:58:32.396	1.34387				2
2025.10.01	00:58:32.708	1.34392				2
2025.10.01	00:58:33.015	1.34407				2
2025.10.01	00:58:33.320	1.34398				2
2025.10.01	00:58:33.625	1.34396				2
2025.10.01	00:58:33.928	1.34397				2
2025.10.01	00:58:34.233	1.34402				2
2025.10.01	00:58:34.540	1.34410				2
2025.10.01	00:58:34.841	1.34409				2
2025.10.01	00:58:35.145	1.34410				2
2025.10.01	00:58:36.380	1.34411				2
2025.10.01	00:58:36.998	1.34412				2
2025.10.01	00:58:37.311	1.34410				2
2025.10.01	00:58:37.615	1.34415				2
2025.10.01	00:58:37.919	1.34411				2
2025.10.01	00:58:38.223	1.34414				2
2025.10.01	00:58:38.534	1.34411				2
2025.10.01	00:58:39.449	1.34419				2
2025.10.01	00:58:39.754	1.34417				2
2025.10.01	00:58:40.064	1.34418				2
2025.10.01	00:58:41.303	1.34412				2
2025.10.01	00:58:41.613	1.34417				2
2025.10.01	00:58:41.916	1.34403				2
2025.10.01	00:58:42.225	1.34423				2
2025.10.01	00:58:43.150	1.34413				2
2025.10.01	00:58:43.759	1.34404				2
2025.10.01	00:58:44.381	1.34412				2
2025.10.01	00:58:44.691	1.34408				2
2025.10.01	00:58:44.999	1.34400				2
2025.10.01	00:58:45.303	1.34398				2
2025.10.01	00:58:45.622	1.34397				2
2025.10.01	00:58:45.935	1.34398				2
2025.10.01	00:58:46.246	1.34386	1.34512			6
2025.10.01	00:58:46.556	1.34400	1.34514			6
2025.10.01	00:58:46.866	1.34402				2
2025.10.01	00:58:47.176	1.34414				2
2025.10.01	00:58:47.485	1.34410				2
2025.10.01	00:58:47.798	1.34428				2
2025.10.01	00:58:48.105	1.34422				2
2025.10.01	00:58:48.406	1.34431				2
2025.10.01	00:58:48.725	1.34416				2
2025.10.01	00:58:49.036	1.34428				2
2025.10.01	00:58:49.342	1.34418				2
2025.10.01	00:58:49.650	1.34428				2
2025.10.01	00:58:49.962	1.34420				2
2025.10.01	00:58:50.267	1.34425				2
2025.10.01	00:58:50.575	1.34418				2
2025.10.01	00:58:50.882	1.34422				2
2025.10.01	00:58:51.189	1.34410				2
2025.10.01	00:58:51.499	1.34408				2
2025.10.01	00:58:51.806	1.34407				2
2025.10.01	00:58:52.115	1.34408				2
2025.10.01	00:58:52.422	1.34424				2
2025.10.01	00:58:52.730	1.34423				2
2025.10.01	00:58:53.052	1.34424				2
2025.10.01	00:58:53.663	1.34423				2
2025.10.01	00:58:53.976	1.34424				2
2025.10.01	00:58:54.286	1.34423				2
2025.10.01	00:58:54.594	1.34424				2
2025.10.01	00:58:54.901	1.34413				2
2025.10.01	00:58:55.216	1.34417				2
2025.10.01	00:58:55.524	1.34402				2
2025.10.01	00:58:55.831	1.34415				2
2025.10.01	00:58:56.143	1.34423				2
2025.10.01	00:58:56.448	1.34417				2
2025.10.01	00:58:56.765	1.34420				2
2025.10.01	00:58:57.074	1.34411				2
2025.10.01	00:58:57.386	1.34420				2
2025.10.01	00:58:57.697	1.34414				2
2025.10.01	00:58:57.998	1.34415				2
2025.10.01	00:58:58.311	1.34419				2
2025.10.01	00:58:59.241	1.34420				2
2025.10.01	00:58:59.550	1.34421				2
2025.10.01	00:59:00.161	1.34421				2
2025.10.01	00:59:00.787	1.34423				2
2025.10.01	00:59:01.716	1.34417				2
2025.10.01	00:59:02.019	1.34424				2
2025.10.01	00:59:02.637	1.34426				2
2025.10.01	00:59:02.940	1.34419				2
2025.10.01	00:59:03.244	1.34415				2
2025.10.01	00:59:03.876	1.34420				2
2025.10.01	00:59:04.801	1.34423				2
2025.10.01	00:59:05.109	1.34418				2
2025.10.01	00:59:05.416	1.34420				2
2025.10.01	00:59:05.724	1.34418				2
2025.10.01	00:59:06.034	1.34421				2
2025.10.01	00:59:06.340	1.34418				2
2025.10.01	00:59:06.644	1.34419				2
2025.10.01	00:59:06.959	1.34418				2
2025.10.01	00:59:07.266	1.34420				2
2025.10.01	00:59:07.569	1.34419				2
2025.10.01	00:59:07.886	1.34423				2
2025.10.01	00:59:08.199	1.34421				2
2025.10.01	00:59:08.510	1.34422				2
2025.10.01	00:59:08.815	1.34421				2
2025.10.01	00:59:09.125	1.34424				2
2025.10.01	00:59:09.432	1.34423				2
2025.10.01	00:59:09.737	1.34424				2
2025.10.01	00:59:10.040	1.34425				2
2025.10.01	00:59:10.350	1.34420				2
2025.10.01	00:59:10.655	1.34424				2
2025.10.01	00:59:11.270	1.34425				2
2025.10.01	00:59:11.577	1.34424				2
2025.10.01	00:59:11.883	1.34421				2
2025.10.01	00:59:12.186	1.34424				2
2025.10.01	00:59:12.492	1.34421				2
2025.10.01	00:59:12.799	1.34424				2
2025.10.01	00:59:13.107	1.34421				2
2025.10.01	00:59:13.414	1.34422				2
2025.10.01	00:59:14.029	1.34421				2
2025.10.01	00:59:14.337	1.34425				2
2025.10.01	00:59:14.653	1.34422				2
2025.10.01	00:59:15.274	1.34418				2
2025.10.01	00:59:15.583	1.34417				2
2025.10.01	00:59:15.891	1.34411				2
2025.10.01	00:59:16.200	1.34412				2
2025.10.01	00:59:16.510	1.34417				2
2025.10.01	00:59:16.816	1.34419				2
2025.10.01	00:59:17.119	1.34417				2
2025.10.01	00:59:17.426	1.34419				2
2025.10.01	00:59:17.747	1.34418				2
2025.10.01	00:59:18.048	1.34415				2
2025.10.01	00:59:18.369	1.34413				2
2025.10.01	00:59:18.677	1.34417				2
2025.10.01	00:59:18.990	1.34420				2
2025.10.01	00:59:19.298	1.34419				2
2025.10.01	00:59:19.916	1.34418				2
2025.10.01	00:59:20.221	1.34420				2
2025.10.01	00:59:20.537	1.34418				2
2025.10.01	00:59:20.849	1.34419				2
2025.10.01	00:59:21.160	1.34418				2
2025.10.01	00:59:21.472	1.34415				2
2025.10.01	00:59:21.781	1.34417				2
2025.10.01	00:59:22.088	1.34416				2
2025.10.01	00:59:22.397	1.34417				2
2025.10.01	00:59:22.700	1.34415				2
2025.10.01	00:59:23.014	1.34417				2
2025.10.01	00:59:23.323	1.34416				2
2025.10.01	00:59:23.636	1.34414				2
2025.10.01	00:59:23.939	1.34415				2
2025.10.01	00:59:24.250	1.34421				2
2025.10.01	00:59:24.563	1.34426				2
2025.10.01	00:59:24.868	1.34419				2
2025.10.01	00:59:25.176	1.34421				2
2025.10.01	00:59:26.107	1.34422				2
2025.10.01	00:59:26.416	1.34420				2
2025.10.01	00:59:26.730	1.34419				2
2025.10.01	00:59:27.033	1.34418				2
2025.10.01	00:59:27.969	1.34425				2
2025.10.01	00:59:28.899	1.34418				2
2025.10.01	00:59:29.204	1.34424				2
2025.10.01	00:59:30.126	1.34421				2
2025.10.01	00:59:30.444	1.34418				2
2025.10.01	00:59:30.752	1.34419				2
2025.10.01	00:59:31.058	1.34421				2
2025.10.01	00:59:31.366	1.34422				2
2025.10.01	00:59:31.989	1.34419				2
2025.10.01	00:59:32.290	1.34422				2
2025.10.01	00:59:32.607	1.34417				2
2025.10.01	00:59:32.916	1.34422				2
2025.10.01	00:59:33.219	1.34415				2
2025.10.01	00:59:33.531	1.34421				2
2025.10.01	00:59:33.840	1.34423				2
2025.10.01	00:59:34.154	1.34417				2
2025.10.01	00:59:34.460	1.34418				2
2025.10.01	00:59:34.769	1.34421				2
2025.10.01	00:59:35.079	1.34423				2
2025.10.01	00:59:35.382	1.34424				2
2025.10.01	00:59:35.685	1.34423				2
2025.10.01	00:59:35.986	1.34419				2
2025.10.01	00:59:36.289	1.34426				2
2025.10.01	00:59:36.591	1.34420				2
2025.10.01	00:59:36.910	1.34423				2
2025.10.01	00:59:37.216	1.34422				2
2025.10.01	00:59:37.530	1.34416				2
2025.10.01	00:59:37.837	1.34417				2
2025.10.01	00:59:38.446	1.34418				2
2025.10.01	00:59:39.065	1.34417				2
2025.10.01	00:59:39.381	1.34416				2
2025.10.01	00:59:40.613	1.34419				2
2025.10.01	00:59:40.919	1.34415				2
2025.10.01	00:59:41.229	1.34420				2
2025.10.01	00:59:41.543	1.34421				2
2025.10.01	00:59:41.850	1.34420				2
2025.10.01	00:59:42.163	1.34421				2
2025.10.01	00:59:42.777	1.34422				2
2025.10.01	00:59:43.086	1.34421				2
2025.10.01	00:59:43.393	1.34417				2
2025.10.01	00:59:43.709	1.34422				2
2025.10.01	00:59:44.019	1.34418				2
2025.10.01	00:59:44.324	1.34422				2
2025.10.01	00:59:44.946	1.34416				2
2025.10.01	00:59:45.864	1.34417				2
2025.10.01	00:59:46.170	1.34416				2
2025.10.01	00:59:46.475	1.34418				2
2025.10.01	00:59:46.781	1.34422	1.34514			6
2025.10.01	00:59:47.091	1.34424				2
2025.10.01	00:59:47.396	1.34422				2
2025.10.01	00:59:47.703	1.34423				2
2025.10.01	00:59:48.317	1.34428				2
2025.10.01	00:59:48.618	1.34423				2
2025.10.01	00:59:48.936	1.34420				2
2025.10.01	00:59:49.242	1.34419	1.34520			6
2025.10.01	00:59:49.556	1.34418				2
2025.10.01	00:59:49.863	1.34426				2
2025.10.01	00:59:50.174	1.34419				2
2025.10.01	00:59:50.481	1.34420				2
2025.10.01	00:59:50.789	1.34416				2
2025.10.01	00:59:51.098	1.34422				2
2025.10.01	00:59:51.410	1.34420				2
2025.10.01	00:59:51.716	1.34429				2
2025.10.01	00:59:52.332	1.34430				2
2025.10.01	00:59:52.638	1.34417				2
2025.10.01	00:59:52.943	1.34418				2
2025.10.01	00:59:53.245	1.34422				2
2025.10.01	00:59:53.547	1.34430				2
2025.10.01	00:59:54.157	1.34429				2
2025.10.01	00:59:54.462	1.34428				2
2025.10.01	00:59:55.079	1.34421				2
2025.10.01	00:59:56.009	1.34419				2
2025.10.01	00:59:56.315	1.34424				2
2025.10.01	00:59:56.932	1.34431				2
2025.10.01	00:59:58.481	1.34432				2
2025.10.01	00:59:58.789	1.34421				2
2025.10.01	00:59:59.104	1.34422				2
2025.10.01	00:59:59.414	1.34419				2
2025.10.01	00:59:59.720	1.34423				2
2025.10.01	01:00:00.028	1.34420				2
2025.10.01	01:00:00.340	1.34408	1.34527			6
2025.10.01	01:00:00.642	1.34418				2
2025.10.01	01:00:00.960	1.34417	1.34522			6
2025.10.01	01:00:01.265	1.34421	1.34519			6
2025.10.01	01:00:01.587	1.34429	1.34509			6
2025.10.01	01:00:01.890	1.34431				2
2025.10.01	01:00:02.199		1.34502			4
2025.10.01	01:00:02.501	1.34434				2
2025.10.01	01:00:02.807	1.34435				2
2025.10.01	01:00:03.120	1.34436				2
2025.10.01	01:00:03.732		1.34524			4
2025.10.01	01:00:04.037		1.34526			4
2025.10.01	01:00:04.344	1.34435	1.34524			6
2025.10.01	01:00:04.659	1.34434				2
2025.10.01	01:00:04.965	1.34436				2
2025.10.01	01:00:05.271	1.34435				2
2025.10.01	01:00:05.886	1.34433	1.34527			6
2025.10.01	01:00:06.510	1.34432	1.34522			6
2025.10.01	01:00:06.830	1.34431				2
2025.10.01	01:00:07.148		1.34483			4
2025.10.01	01:00:07.454	1.34430				2
2025.10.01	01:00:07.761	1.34432				2
2025.10.01	01:00:08.683	1.34433				2
2025.10.01	01:00:08.995	1.34432				2
2025.10.01	01:00:09.298	1.34431				2
2025.10.01	01:00:09.604	1.34432	1.34484			6
2025.10.01	01:00:09.906	1.34431				2
2025.10.01	01:00:10.528	1.34433	1.34495			6
2025.10.01	01:00:10.831	1.34432	1.34506			6
2025.10.01	01:00:11.140	1.34433				2
2025.10.01	01:00:11.442	1.34434				2
2025.10.01	01:00:11.750	1.34433				2
2025.10.01	01:00:12.059	1.34434				2
2025.10.01	01:00:12.669	1.34433				2
2025.10.01	01:00:13.290		1.34505			4
2025.10.01	01:00:13.593	1.34434	1.34494			6
2025.10.01	01:00:14.511	1.34435				2
2025.10.01	01:00:15.733	1.34436				2
2025.10.01	01:00:16.653	1.34437				2
2025.10.01	01:00:16.954	1.34435				2
2025.10.01	01:00:17.264	1.34437				2
2025.10.01	01:00:18.191	1.34435				2
2025.10.01	01:00:18.494	1.34434	1.34497			6
2025.10.01	01:00:18.802	1.34435				2
2025.10.01	01:00:19.109	1.34434	1.34493			6
2025.10.01	01:00:19.723	1.34436	1.34503			6
2025.10.01	01:00:20.030	1.34437				2
2025.10.01	01:00:20.652	1.34435				2
2025.10.01	01:00:21.563	1.34436				2
2025.10.01	01:00:21.865	1.34438				2
2025.10.01	01:00:22.483		1.34495			4
2025.10.01	01:00:22.786	1.34436	1.34493			6
2025.10.01	01:00:23.092	1.34437	1.34494			6
2025.10.01	01:00:24.016	1.34439				2
2025.10.01	01:00:24.321	1.34438				2
2025.10.01	01:00:24.627	1.34436				2
2025.10.01	01:00:24.934	1.34437				2
2025.10.01	01:00:27.386	1.34436				2
2025.10.01	01:00:28.294	1.34437				2
2025.10.01	01:00:28.595	1.34438				2
2025.10.01	01:00:29.509	1.34434				2
2025.10.01	01:00:29.821	1.34435				2
2025.10.01	01:00:30.426	1.34439				2
2025.10.01	01:00:30.727	1.34440				2
2025.10.01	01:00:31.038	1.34441				2
2025.10.01	01:00:31.648	1.34437				2
2025.10.01	01:00:31.950	1.34436				2
2025.10.01	01:00:33.177	1.34438	1.34493			6
2025.10.01	01:00:34.703	1.34436				2
2025.10.01	01:00:35.921	1.34437	1.34494			6
2025.10.01	01:00:36.222	1.34439				2
2025.10.01	01:00:36.835	1.34436				2
2025.10.01	01:00:37.144	1.34438				2
2025.10.01	01:00:37.756	1.34419	1.34487			6
2025.10.01	01:00:38.078		1.34477			4
2025.10.01	01:00:38.383		1.34481			4
2025.10.01	01:00:38.693	1.34420	1.34483			6
2025.10.01	01:00:38.998	1.34421				2
2025.10.01	01:00:39.302	1.34425				2
2025.10.01	01:00:39.607	1.34426	1.34482			6
2025.10.01	01:00:40.217	1.34428				2
2025.10.01	01:00:41.134	1.34425	1.34477			6
2025.10.01	01:00:41.446	1.34434				2
2025.10.01	01:00:41.754	1.34436				2
2025.10.01	01:00:42.068	1.34434				2
2025.10.01	01:00:42.374	1.34435	1.34482			6
2025.10.01	01:00:42.679	1.34428	1.34483			6
2025.10.01	01:00:42.994	1.34430				2
2025.10.01	01:00:43.310	1.34431				2
2025.10.01	01:00:43.614	1.34432				2
2025.10.01	01:00:43.921	1.34433				2
2025.10.01	01:00:44.224	1.34431				2
2025.10.01	01:00:44.544	1.34437				2
2025.10.01	01:00:44.845	1.34434				2
2025.10.01	01:00:45.163		1.34478			4
2025.10.01	01:00:45.470	1.34432	1.34482			6
2025.10.01	01:00:46.078	1.34433				2
2025.10.01	01:00:46.386	1.34434				2
2025.10.01	01:00:46.696	1.34433				2
2025.10.01	01:00:47.006	1.34434				2
2025.10.01	01:00:47.315		1.34483			4
2025.10.01	01:00:48.237	1.34431	1.34484			6
2025.10.01	01:00:48.542		1.34483			4
2025.10.01	01:00:49.162	1.34432				2
2025.10.01	01:00:49.467		1.34481			4
2025.10.01	01:00:50.080		1.34478			4
2025.10.01	01:00:50.384	1.34426				2
2025.10.01	01:00:50.687	1.34427				2
2025.10.01	01:00:51.001	1.34429				2
2025.10.01	01:00:51.314	1.34426	1.34484			6
2025.10.01	01:00:51.621	1.34430				2
2025.10.01	01:00:52.241	1.34431				2
2025.10.01	01:00:53.776	1.34433				2
2025.10.01	01:00:55.007	1.34432				2
2025.10.01	01:00:55.319	1.34433				2
2025.10.01	01:00:55.941		1.34483			4
2025.10.01	01:00:56.246	1.34431				2
2025.10.01	01:00:56.563	1.34437	1.34493			6
2025.10.01	01:00:56.868	1.34436	1.34494			6
2025.10.01	01:00:57.170	1.34440				2
2025.10.01	01:00:57.473	1.34443				2
2025.10.01	01:00:58.076	1.34439	1.34509			6
2025.10.01	01:00:58.381	1.34441				2
2025.10.01	01:00:59.625	1.34445				2
2025.10.01	01:00:59.931	1.34444				2
2025.10.01	01:01:00.239	1.34442				2
2025.10.01	01:01:00.542	1.34445	1.34511			6
2025.10.01	01:01:00.852	1.34447				2
2025.10.01	01:01:01.473		1.34510			4
2025.10.01	01:01:01.785	1.34446	1.34509			6
2025.10.01	01:01:03.328	1.34442	1.34462			6
2025.10.01	01:01:03.630	1.34449	1.34467			6
2025.10.01	01:01:04.244	1.34454	1.34466			6
2025.10.01	01:01:06.085	1.34455				2
2025.10.01	01:01:06.711	1.34460	1.34471			6
2025.10.01	01:01:07.332	1.34461				2
2025.10.01	01:01:07.951	1.34462	1.34472			6
2025.10.01	01:01:08.255	1.34468	1.34477			6
2025.10.01	01:01:08.560	1.34470	1.34479			6
2025.10.01	01:01:09.778	1.34469	1.34478			6
2025.10.01	01:01:10.082	1.34470				2
2025.10.01	01:01:11.307	1.34471	1.34477			6
2025.10.01	01:01:12.235	1.34472				2
2025.10.01	01:01:12.545	1.34471	1.34476			6
2025.10.01	01:01:13.161	1.34472				2
2025.10.01	01:01:15.314		1.34475			4
2025.10.01	01:01:15.623	1.34471	1.34474			6
2025.10.01	01:01:22.363	1.34470	1.34473			6
2025.10.01	01:01:22.667	1.34472	1.34475			6
2025.10.01	01:01:30.332	1.34473	1.34476			6
2025.10.01	01:01:56.064	1.34471	1.34474			6
2025.10.01	01:01:58.835	1.34467	1.34470			6
2025.10.01	01:02:00.055	1.34467				2
2025.10.01	01:02:06.517	1.34468	1.34471			6
2025.10.01	01:02:09.266	1.34469	1.34472			6
2025.10.01	01:02:17.228	1.34471	1.34474			6
2025.10.01	01:02:18.753	1.34470	1.34473			6
2025.10.01	01:02:22.734	1.34471	1.34474			6
2025.10.01	01:02:23.037	1.34470	1.34473			6
2025.10.01	01:02:23.653	1.34469	1.34472			6
2025.10.01	01:02:24.568	1.34470	1.34473			6
2025.10.01	01:02:26.407	1.34471	1.34474			6
2025.10.01	01:02:29.156	1.34473	1.34476			6
2025.10.01	01:02:30.377	1.34472	1.34475			6
2025.10.01	01:02:37.105	1.34473	1.34476			6
2025.10.01	01:02:37.412	1.34474	1.34477			6
2025.10.01	01:02:45.043	1.34475	1.34478			6
2025.10.01	01:02:47.471	1.34474	1.34477			6
2025.10.01	01:02:48.082	1.34481	1.34484			6
2025.10.01	01:02:48.385	1.34489	1.34492			6
2025.10.01	01:02:49.298	1.34485	1.34497			6
2025.10.01	01:02:51.137	1.34484	1.34496			6
2025.10.01	01:02:52.362	1.34485				2
2025.10.01	01:02:53.584	1.34483	1.34494			6
2025.10.01	01:02:53.887	1.34485	1.34496			6
2025.10.01	01:02:54.195		1.34495			4
2025.10.01	01:02:55.115	1.34486				2
2025.10.01	01:02:55.729	1.34487	1.34496			6
2025.10.01	01:02:56.337		1.34495			4
2025.10.01	01:02:57.255	1.34488				2
2025.10.01	01:02:58.176		1.34494			4
2025.10.01	01:02:59.093	1.34489				2
2025.10.01	01:03:00.019	1.34489				2
2025.10.01	01:03:00.324		1.34493			4
2025.10.01	01:03:00.937	1.34490	1.34494			6
2025.10.01	01:03:02.170		1.34493			4
2025.10.01	01:03:38.992	1.34491	1.34494			6
2025.10.01	01:03:39.910	1.34490	1.34493			6
2025.10.01	01:03:41.448	1.34491	1.34494			6
2025.10.01	01:03:45.744	1.34494	1.34497			6
2025.10.01	01:03:46.047	1.34503	1.34506			6
2025.10.01	01:03:47.268	1.34498	1.34510			6
2025.10.01	01:03:47.584	1.34499	1.34511			6
2025.10.01	01:03:51.294	1.34501	1.34513			6
2025.10.01	01:03:51.600	1.34508	1.34520			6
2025.10.01	01:03:54.380	1.34509				2
2025.10.01	01:03:54.994	1.34517	1.34528			6
2025.10.01	01:03:55.305		1.34527			4
2025.10.01	01:03:55.923	1.34518	1.34528			6
2025.10.01	01:03:56.223		1.34529			4
2025.10.01	01:03:57.153		1.34528			4
2025.10.01	01:03:57.457	1.34516	1.34526			6
2025.10.01	01:03:58.387	1.34515				2
2025.10.01	01:03:58.699	1.34504	1.34515			6
2025.10.01	01:03:59.005	1.34502	1.34513			6
2025.10.01	01:03:59.319		1.34512			4
2025.10.01	01:04:00.241	1.34499	1.34511			6
2025.10.01	01:04:01.476	1.34497	1.34509			6
2025.10.01	01:04:01.787	1.34495	1.34507			6
2025.10.01	01:04:02.405	1.34494	1.34506			6
2025.10.01	01:04:03.331	1.34495				2
2025.10.01	01:04:04.245	1.34496				2
2025.10.01	01:04:05.178		1.34505			4
2025.10.01	01:04:05.788	1.34497	1.34506			6
2025.10.01	01:04:06.103	1.34498	1.34505			6
2025.10.01	01:04:06.716	1.34497	1.34504			6
2025.10.01	01:04:07.322	1.34498				2
2025.10.01	01:04:08.245	1.34499				2
2025.10.01	01:04:08.549	1.34498	1.34503			6
2025.10.01	01:04:09.155	1.34499				2
2025.10.01	01:04:10.076	1.34497	1.34501			6
2025.10.01	01:04:11.313	1.34498				2
2025.10.01	01:04:12.236	1.34497	1.34500			6
2025.10.01	01:04:12.847	1.34498	1.34501			6
2025.10.01	01:04:15.906	1.34499	1.34502			6
2025.10.01	01:04:16.213	1.34498	1.34501			6
2025.10.01	01:04:19.866	1.34499				2
2025.10.01	01:04:20.167		1.34502			4
2025.10.01	01:04:23.538	1.34498	1.34501			6
2025.10.01	01:04:23.842	1.34499	1.34502			6
2025.10.01	01:04:26.287		1.34501			4
2025.10.01	01:04:31.793	1.34498				2
2025.10.01	01:04:32.101	1.34499	1.34502			6
2025.10.01	01:04:37.907	1.34498	1.34501			6
2025.10.01	01:04:38.213	1.34499				2
2025.10.01	01:04:39.734	1.34497	1.34500			6
2025.10.01	01:04:40.643	1.34496	1.34499			6
2025.10.01	01:04:40.957	1.34495	1.34498			6
2025.10.01	01:04:45.239	1.34497	1.34500			6
2025.10.01	01:04:46.466	1.34498	1.34501			6
2025.10.01	01:04:46.773	1.34497	1.34500			6
2025.10.01	01:04:50.141	1.34498	1.34501			6
2025.10.01	01:04:54.117	1.34496	1.34499			6
2025.10.01	01:04:55.346	1.34498	1.34501			6
2025.10.01	01:05:00.255	1.34498				2
2025.10.01	01:05:24.446	1.34497	1.34500			6
2025.10.01	01:05:27.810	1.34498	1.34501			6
2025.10.01	01:05:28.122	1.34499	1.34502			6
2025.10.01	01:05:34.547	1.34498	1.34501			6
2025.10.01	01:05:37.284	1.34497	1.34500			6
2025.10.01	01:05:39.143	1.34498	1.34501			6
2025.10.01	01:05:48.035	1.34499	1.34502			6
2025.10.01	01:06:00.301	1.34499				2
2025.10.01	01:06:00.616	1.34498	1.34501			6
2025.10.01	01:06:03.070	1.34499	1.34502			6
2025.10.01	01:06:04.605	1.34498	1.34501			6
2025.10.01	01:06:05.830	1.34497	1.34500			6
2025.10.01	01:06:12.566	1.34496	1.34499			6
2025.10.01	01:06:14.100	1.34497	1.34500			6
2025.10.01	01:06:14.714	1.34498	1.34501			6
2025.10.01	01:06:15.326		1.34502			4
2025.10.01	01:06:16.258		1.34501			4
2025.10.01	01:06:23.353	1.34497	1.34500			6
2025.10.01	01:06:26.441	1.34498	1.34501			6
2025.10.01	01:06:32.328	1.34497	1.34500			6
2025.10.01	01:06:32.640	1.34498	1.34501			6
2025.10.01	01:06:33.571	1.34497	1.34500			6
2025.10.01	01:06:34.485	1.34498	1.34501			6
2025.10.01	01:06:35.107	1.34497				2
2025.10.01	01:06:35.728	1.34496	1.34500			6
2025.10.01	01:06:39.172	1.34497				2
2025.10.01	01:06:40.747	1.34496	1.34499			6
2025.10.01	01:06:43.552	1.34497	1.34500			6
2025.10.01	01:06:46.655	1.34496	1.34499			6
2025.10.01	01:06:46.968	1.34495	1.34498			6
2025.10.01	01:06:47.277	1.34493	1.34501			6
2025.10.01	01:06:48.207		1.34500			4
2025.10.01	01:06:49.146	1.34494				2
2025.10.01	01:06:50.388		1.34499			4
2025.10.01	01:06:52.256	1.34495				2
2025.10.01	01:06:54.130		1.34498			4
2025.10.01	01:06:57.862	1.34496	1.34499			6
2025.10.01	01:06:58.192	1.34495	1.34498			6
2025.10.01	01:06:59.119	1.34494				2
2025.10.01	01:07:00.044	1.34494				2
2025.10.01	01:07:00.348	1.34495				2
2025.10.01	01:07:06.288	1.34496	1.34499			6
2025.10.01	01:07:06.606	1.34495	1.34498			6
2025.10.01	01:07:10.949	1.34496	1.34499			6
2025.10.01	01:07:11.574	1.34495	1.34498			6
2025.10.01	01:07:18.413	1.34496	1.34499			6
2025.10.01	01:07:19.359	1.34495	1.34498			6
2025.10.01	01:07:20.287	1.34496	1.34499			6
2025.10.01	01:07:21.231		1.34500			4
2025.10.01	01:07:21.867	1.34495	1.34499			6
2025.10.01	01:07:23.111	1.34496				2
2025.10.01	01:07:27.756	1.34495	1.34498			6
2025.10.01	01:07:34.639	1.34494	1.34497			6
2025.10.01	01:07:51.117	1.34496	1.34499			6
2025.10.01	01:07:53.258	1.34492	1.34502			6
2025.10.01	01:07:57.283	1.34494				2
2025.10.01	01:07:59.141	1.34495				2
2025.10.01	01:07:59.773	1.34492	1.34499			6
2025.10.01	01:08:00.090	1.34492				2
2025.10.01	01:08:00.391	1.34493	1.34498			6
2025.10.01	01:08:01.337	1.34489	1.34501			6
2025.10.01	01:08:02.876	1.34492	1.34504			6
2025.10.01	01:08:03.187		1.34502			4
2025.10.01	01:08:09.377	1.34493				2
2025.10.01	01:08:10.311	1.34494				2
2025.10.01	01:08:12.170	1.34495				2
2025.10.01	01:08:13.099	1.34496	1.34501			6
2025.10.01	01:08:15.254		1.34500			4
2025.10.01	01:08:16.173	1.34497				2
2025.10.01	01:08:21.074	1.34492	1.34495			6
2025.10.01	01:08:22.296	1.34488	1.34500			6
2025.10.01	01:08:24.158		1.34499			4
2025.10.01	01:08:25.390	1.34489				2
2025.10.01	01:08:26.315		1.34498			4
2025.10.01	01:08:26.936	1.34490	1.34499			6
2025.10.01	01:08:27.243	1.34492	1.34500			6
2025.10.01	01:08:28.175	1.34490	1.34501			6
2025.10.01	01:08:29.098		1.34500			4
2025.10.01	01:08:30.334		1.34499			4
2025.10.01	01:08:31.273	1.34491	1.34498			6
2025.10.01	01:08:32.211	1.34493	1.34499			6
2025.10.01	01:08:32.519	1.34492	1.34498			6
2025.10.01	01:08:33.149		1.34497			4
2025.10.01	01:08:34.381	1.34493				2
2025.10.01	01:08:37.142	1.34494				2
2025.10.01	01:08:42.959	1.34495	1.34498			6
2025.10.01	01:08:57.352	1.34494	1.34497			6
2025.10.01	01:08:57.963	1.34495	1.34498			6
2025.10.01	01:08:58.277	1.34494	1.34497			6
2025.10.01	01:08:58.579	1.34495	1.34498			6
2025.10.01	01:09:00.100	1.34495				2
2025.10.01	01:09:18.138	1.34496	1.34499			6
2025.10.01	01:09:20.891	1.34495	1.34498			6
2025.10.01	01:09:38.911	1.34493	1.34496			6
2025.10.01	01:09:40.141	1.34491	1.34498			6
2025.10.01	01:09:40.758	1.34490	1.34497			6
2025.10.01	01:09:42.301	1.34491				2
2025.10.01	01:09:43.230		1.34496			4
2025.10.01	01:09:44.171	1.34492				2
2025.10.01	01:09:47.304		1.34495			4
2025.10.01	01:09:55.580	1.34493	1.34496			6
2025.10.01	01:10:00.213	1.34493				2
2025.10.01	01:10:02.351	1.34492	1.34495			6
2025.10.01	01:10:06.642	1.34493	1.34496			6
2025.10.01	01:10:07.254	1.34494	1.34497			6
2025.10.01	01:10:07.877	1.34493	1.34496			6
2025.10.01	01:10:08.186	1.34489	1.34501			6
2025.10.01	01:10:08.489	1.34487	1.34499			6
2025.10.01	01:10:08.797	1.34488	1.34500			6
2025.10.01	01:10:14.080		1.34499			4
2025.10.01	01:10:15.335	1.34489				2
2025.10.01	01:10:16.267	1.34490	1.34498			6
2025.10.01	01:10:17.194		1.34497			4
2025.10.01	01:10:18.118	1.34491	1.34496			6
2025.10.01	01:10:18.754	1.34492	1.34497			6
2025.10.01	01:10:20.326	1.34491				2
2025.10.01	01:10:21.262	1.34492				2
2025.10.01	01:10:22.208		1.34496			4
2025.10.01	01:10:23.146	1.34493				2
2025.10.01	01:10:23.453	1.34492	1.34495			6
2025.10.01	01:10:24.972	1.34495	1.34498			6
2025.10.01	01:10:26.193	1.34489	1.34501			6
2025.10.01	01:10:26.512	1.34491	1.34502			6
2025.10.01	01:10:27.135	1.34490				2
2025.10.01	01:10:29.915		1.34501			4
2025.10.01	01:10:30.858	1.34494	1.34504			6
2025.10.01	01:10:31.163	1.34493	1.34503			6
2025.10.01	01:10:31.482	1.34494	1.34504			6
2025.10.01	01:10:32.102	1.34493				2
2025.10.01	01:10:34.312	1.34494				2
2025.10.01	01:10:38.043	1.34493	1.34503			6
2025.10.01	01:10:38.356	1.34494	1.34502			6
2025.10.01	01:10:40.219		1.34501			4
2025.10.01	01:10:41.143	1.34495				2
2025.10.01	01:10:42.393	1.34496				2
2025.10.01	01:10:43.333		1.34500			4
2025.10.01	01:10:44.260	1.34497				2
2025.10.01	01:10:59.878	1.34496	1.34499			6
2025.10.01	01:11:00.186	1.34496				2
2025.10.01	01:11:01.108	1.34497	1.34500			6
2025.10.01	01:11:01.718	1.34496	1.34499			6
2025.10.01	01:11:02.025	1.34484	1.34487			6
2025.10.01	01:11:03.240	1.34478	1.34490			6
2025.10.01	01:11:08.200		1.34489			4
2025.10.01	01:11:09.140	1.34479				2
2025.10.01	01:11:10.383		1.34488			4
2025.10.01	01:11:11.315	1.34480	1.34487			6
2025.10.01	01:11:12.257	1.34481				2
2025.10.01	01:11:13.177		1.34486			4
2025.10.01	01:11:15.358	1.34482				2
2025.10.01	01:11:16.883	1.34483	1.34487			6
2025.10.01	01:11:17.186		1.34486			4
2025.10.01	01:11:22.392	1.34482	1.34485			6
2025.10.01	01:11:27.294	1.34483	1.34486			6
2025.10.01	01:11:27.600	1.34484	1.34487			6
2025.10.01	01:11:31.277	1.34483	1.34486			6
2025.10.01	01:11:42.936	1.34482	1.34485			6
2025.10.01	01:11:43.247	1.34483	1.34486			6
2025.10.01	01:11:48.162	1.34482	1.34485			6
2025.10.01	01:11:59.205	1.34483	1.34486			6
2025.10.01	01:12:00.119	1.34483				2
2025.10.01	01:12:03.793	1.34484	1.34487			6
2025.10.01	01:12:09.334	1.34482	1.34485			6
2025.10.01	01:12:13.961	1.34481	1.34484			6
2025.10.01	01:12:19.168	1.34480	1.34483			6
2025.10.01	01:12:27.130	1.34485	1.34488			6
2025.10.01	01:12:27.752	1.34488	1.34491			6
2025.10.01	01:12:28.363	1.34483	1.34495			6
2025.10.01	01:12:28.675	1.34484	1.34496			6
2025.10.01	01:12:32.118		1.34495			4
2025.10.01	01:12:33.366	1.34485				2
2025.10.01	01:12:34.318	1.34486				2
2025.10.01	01:12:35.245		1.34494			4
2025.10.01	01:12:36.191	1.34487				2
2025.10.01	01:12:37.127		1.34493			4
2025.10.01	01:12:38.377	1.34488				2
2025.10.01	01:12:39.305		1.34492			4
2025.10.01	01:12:41.188	1.34489				2
2025.10.01	01:12:41.496	1.34488	1.34491			6
2025.10.01	01:12:43.339	1.34489	1.34492			6
2025.10.01	01:12:44.867	1.34488	1.34491			6
2025.10.01	01:12:50.699	1.34482	1.34485			6
2025.10.01	01:12:51.308	1.34479	1.34491			6
2025.10.01	01:12:53.182		1.34490			4
2025.10.01	01:12:54.121	1.34480				2
2025.10.01	01:12:55.368		1.34489			4
2025.10.01	01:12:56.300	1.34481	1.34488			6
2025.10.01	01:12:57.234	1.34478	1.34484			6
2025.10.01	01:12:57.547	1.34472	1.34478			6
2025.10.01	01:12:58.164	1.34476	1.34488			6
2025.10.01	01:12:58.484	1.34475	1.34487			6
2025.10.01	01:12:58.802	1.34476	1.34488			6
2025.10.01	01:13:00.054	1.34476				2
2025.10.01	01:13:00.365	1.34477	1.34489			6
2025.10.01	01:13:03.195		1.34488			4
2025.10.01	01:13:04.143	1.34478				2
2025.10.01	01:13:05.404	1.34479				2
2025.10.01	01:13:06.334		1.34487			4
2025.10.01	01:13:07.278	1.34480	1.34486			6
2025.10.01	01:13:08.222		1.34485			4
2025.10.01	01:13:09.163	1.34481				2
2025.10.01	01:13:11.304		1.34484			4
2025.10.01	01:13:14.039	1.34483	1.34486			6
2025.10.01	01:13:14.344	1.34482	1.34485			6
2025.10.01	01:13:14.962	1.34483	1.34486			6
2025.10.01	01:13:15.263	1.34481	1.34484			6
2025.10.01	01:13:23.231	1.34482	1.34485			6
2025.10.01	01:13:27.210	1.34481	1.34484			6
2025.10.01	01:13:34.589	1.34480	1.34483			6
2025.10.01	01:13:44.985	1.34481	1.34484			6
2025.10.01	01:13:49.591	1.34480	1.34483			6
2025.10.01	01:13:51.124	1.34481	1.34484			6
2025.10.01	01:14:00.002	1.34480	1.34483			6
2025.10.01	01:14:00.309	1.34479	1.34482			6
2025.10.01	01:14:00.930	1.34480	1.34483			6
2025.10.01	01:14:06.454	1.34479	1.34482			6
2025.10.01	01:14:21.165	1.34478	1.34481			6
2025.10.01	01:14:24.232	1.34479	1.34482			6
2025.10.01	01:14:26.390	1.34473	1.34476			6
2025.10.01	01:14:27.303	1.34469	1.34481			6
2025.10.01	01:14:29.164		1.34480			4
2025.10.01	01:14:31.331		1.34479			4
2025.10.01	01:14:32.268	1.34470				2
2025.10.01	01:14:33.196		1.34478			4
2025.10.01	01:14:34.117	1.34471				2
2025.10.01	01:14:35.355		1.34477			4
2025.10.01	01:14:36.287	1.34472				2
2025.10.01	01:14:37.212		1.34476			4
2025.10.01	01:14:39.993	1.34473	1.34477			6
2025.10.01	01:14:40.302		1.34476			4
2025.10.01	01:14:50.355	1.34476	1.34479			6
2025.10.01	01:14:55.560	1.34477	1.34480			6
2025.10.01	01:15:00.136	1.34476	1.34479			6
2025.10.01	01:15:01.973	1.34477	1.34480			6
2025.10.01	01:15:03.816	1.34479	1.34482			6
2025.10.01	01:15:04.732	1.34477	1.34480			6
2025.10.01	01:15:05.349	1.34475	1.34478			6
2025.10.01	01:15:05.656	1.34470	1.34473			6
2025.10.01	01:15:06.881	1.34469	1.34472			6
2025.10.01	01:15:07.187	1.34465	1.34477			6
2025.10.01	01:15:09.357	1.34466	1.34478			6
2025.10.01	01:15:09.668	1.34465	1.34477			6
2025.10.01	01:15:10.289	1.34466	1.34478			6
2025.10.01	01:15:10.597	1.34465	1.34477			6
2025.10.01	01:15:12.162		1.34476			4
2025.10.01	01:15:12.462	1.34466	1.34477			6
2025.10.01	01:15:12.779	1.34465	1.34476			6
2025.10.01	01:15:13.393	1.34466				2
2025.10.01	01:15:14.325		1.34475			4
2025.10.01	01:15:15.268	1.34467	1.34474			6
2025.10.01	01:15:15.571	1.34468	1.34475			6
2025.10.01	01:15:15.878	1.34467	1.34474			6
2025.10.01	01:15:16.192	1.34468				2
2025.10.01	01:15:16.508	1.34469	1.34475			6
2025.10.01	01:15:16.822	1.34468	1.34474			6
2025.10.01	01:15:17.132	1.34469				2
2025.10.01	01:15:18.367		1.34473			4
2025.10.01	01:15:18.677	1.34470	1.34474			6
2025.10.01	01:15:18.981	1.34469	1.34473			6
2025.10.01	01:15:20.208	1.34470				2
2025.10.01	01:15:32.748	1.34471	1.34474			6
2025.10.01	01:15:45.933	1.34470	1.34473			6
2025.10.01	01:15:46.237	1.34471	1.34474			6
2025.10.01	01:16:00.013	1.34471				2
2025.10.01	01:16:02.167	1.34472				2
2025.10.01	01:16:03.397	1.34475	1.34476			6
2025.10.01	01:16:04.317	1.34472	1.34474			6
2025.10.01	01:16:04.933	1.34475	1.34476			6
2025.10.01	01:16:12.591	1.34472	1.34475			6
2025.10.01	01:16:16.273	1.34471	1.34474			6
2025.10.01	01:16:16.581	1.34472	1.34475			6
2025.10.01	01:16:16.883	1.34471	1.34474			6
2025.10.01	01:16:17.200	1.34470	1.34473			6
2025.10.01	01:16:18.117	1.34471	1.34474			6
2025.10.01	01:16:30.781	1.34472	1.34475			6
2025.10.01	01:16:35.403	1.34473	1.34476			6
2025.10.01	01:16:35.705	1.34474	1.34477			6
2025.10.01	01:16:37.257	1.34473	1.34479			6
2025.10.01	01:16:37.562	1.34472	1.34478			6
2025.10.01	01:16:40.349	1.34473				2
2025.10.01	01:16:42.201		1.34477			4
2025.10.01	01:16:44.385	1.34474				2
2025.10.01	01:16:48.704	1.34473	1.34476			6
2025.10.01	01:16:49.322	1.34472	1.34475			6
2025.10.01	01:16:49.631	1.34474	1.34477			6
2025.10.01	01:16:49.936	1.34472	1.34475			6
2025.10.01	01:16:50.252	1.34473	1.34476			6
2025.10.01	01:16:51.195		1.34477			4
2025.10.01	01:16:51.512	1.34471	1.34475			6
2025.10.01	01:16:51.829	1.34472	1.34476			6
2025.10.01	01:16:52.137	1.34471				2
2025.10.01	01:16:52.455	1.34472	1.34477			6
2025.10.01	01:16:54.305	1.34473				2
2025.10.01	01:16:54.625	1.34474	1.34478			6
2025.10.01	01:16:55.255	1.34473	1.34479			6
2025.10.01	01:16:56.209		1.34478			4
2025.10.01	01:16:57.145	1.34472	1.34479			6
2025.10.01	01:16:57.461	1.34471	1.34478			6
2025.10.01	01:16:57.769	1.34472	1.34479			6
2025.10.01	01:16:58.086	1.34473				2
2025.10.01	01:16:58.405	1.34471	1.34477			6
2025.10.01	01:16:58.711	1.34472	1.34478			6
2025.10.01	01:16:59.338	1.34473				2
2025.10.01	01:17:00.277	1.34472	1.34479			6
2025.10.01	01:17:00.892	1.34473	1.34480			6
2025.10.01	01:17:01.199	1.34470	1.34482			6
2025.10.01	01:17:03.388	1.34469	1.34481			6
2025.10.01	01:17:05.269	1.34470	1.34482			6
2025.10.01	01:17:06.212	1.34471				2
2025.10.01	01:17:07.760	1.34470	1.34480			6
2025.10.01	01:17:08.390	1.34472	1.34481			6
2025.10.01	01:17:09.318	1.34473	1.34480			6
2025.10.01	01:17:09.622	1.34471	1.34478			6
2025.10.01	01:17:09.939	1.34472	1.34479			6
2025.10.01	01:17:10.260		1.34478			4
2025.10.01	01:17:11.179	1.34473	1.34480			6
2025.10.01	01:17:12.106	1.34472	1.34481			6
2025.10.01	01:17:13.034	1.34470	1.34479			6
2025.10.01	01:17:13.351	1.34471				2
2025.10.01	01:17:14.290	1.34470	1.34480			6
2025.10.01	01:17:15.214		1.34479			4
2025.10.01	01:17:16.142		1.34477			4
2025.10.01	01:17:16.460	1.34474	1.34481			6
2025.10.01	01:17:17.098	1.34473	1.34483			6
2025.10.01	01:17:17.407	1.34474				2
2025.10.01	01:17:17.723	1.34473				2
2025.10.01	01:17:18.035	1.34474				2
2025.10.01	01:17:21.117	1.34475	1.34482			6
2025.10.01	01:17:22.359		1.34481			4
2025.10.01	01:17:22.988		1.34480			4
2025.10.01	01:17:23.916	1.34476	1.34481			6
2025.10.01	01:17:24.225		1.34480			4
2025.10.01	01:17:24.530	1.34475	1.34479			6
2025.10.01	01:17:25.133	1.34476	1.34480			6
2025.10.01	01:17:26.359		1.34479			4
2025.10.01	01:17:28.199	1.34477	1.34480			6
2025.10.01	01:17:29.120	1.34476	1.34479			6
2025.10.01	01:17:32.175	1.34477	1.34480			6
2025.10.01	01:17:32.798	1.34476	1.34479			6
2025.10.01	01:17:38.327	1.34477	1.34480			6
2025.10.01	01:17:38.941	1.34476	1.34479			6
2025.10.01	01:17:39.547	1.34477	1.34480			6
2025.10.01	01:17:39.854	1.34476	1.34479			6
2025.10.01	01:17:42.004	1.34477	1.34480			6
2025.10.01	01:17:43.223	1.34476	1.34479			6
2025.10.01	01:17:44.138	1.34477	1.34480			6
2025.10.01	01:17:44.756	1.34476	1.34479			6
2025.10.01	01:17:45.061	1.34477	1.34480			6
2025.10.01	01:17:45.368	1.34476	1.34479			6
2025.10.01	01:17:45.678	1.34477	1.34480			6
2025.10.01	01:17:47.524	1.34478	1.34481			6
2025.10.01	01:17:47.828	1.34477	1.34480			6
2025.10.01	01:17:48.736	1.34476	1.34479			6
2025.10.01	01:17:49.039	1.34477	1.34480			6
2025.10.01	01:17:49.650	1.34476	1.34479			6
2025.10.01	01:17:50.869	1.34477	1.34480			6
2025.10.01	01:17:52.096	1.34476	1.34479			6
2025.10.01	01:17:52.397	1.34477	1.34480			6
2025.10.01	01:17:53.948	1.34476	1.34479			6
2025.10.01	01:17:55.793	1.34477	1.34480			6
2025.10.01	01:17:56.101	1.34476	1.34479			6
2025.10.01	01:17:57.327	1.34477	1.34480			6
2025.10.01	01:17:59.473	1.34476	1.34479			6
2025.10.01	01:18:00.080	1.34476				2
2025.10.01	01:18:04.049	1.34477	1.34480			6
2025.10.01	01:18:04.960	1.34476	1.34479			6
2025.10.01	01:18:05.567	1.34477	1.34480			6
2025.10.01	01:18:05.878	1.34476	1.34479			6
2025.10.01	01:18:06.492	1.34477	1.34480			6
2025.10.01	01:18:11.387	1.34478	1.34481			6
2025.10.01	01:18:11.693	1.34477	1.34480			6
2025.10.01	01:18:12.004	1.34476	1.34479			6
2025.10.01	01:18:12.616	1.34477	1.34480			6
2025.10.01	01:18:15.065	1.34476	1.34479			6
2025.10.01	01:18:15.983	1.34477	1.34480			6
2025.10.01	01:18:16.596	1.34478	1.34481			6
2025.10.01	01:18:17.813	1.34477	1.34480			6
2025.10.01	01:18:18.121		1.34481			4
2025.10.01	01:18:18.735	1.34476	1.34480			6
2025.10.01	01:18:19.041	1.34477	1.34481			6
2025.10.01	01:18:19.970	1.34478	1.34482			6
2025.10.01	01:18:20.277		1.34481			4
2025.10.01	01:18:20.894	1.34477	1.34480			6
2025.10.01	01:18:21.198	1.34478	1.34481			6
2025.10.01	01:18:22.121	1.34477	1.34480			6
2025.10.01	01:18:23.035	1.34478	1.34481			6
2025.10.01	01:18:23.345	1.34477	1.34480			6
2025.10.01	01:18:25.183	1.34478	1.34481			6
2025.10.01	01:18:25.487	1.34477	1.34480			6
2025.10.01	01:18:26.097	1.34478	1.34481			6
2025.10.01	01:18:27.022	1.34477	1.34480			6
2025.10.01	01:18:27.639	1.34476	1.34479			6
2025.10.01	01:18:27.956	1.34477	1.34480			6
2025.10.01	01:18:28.267	1.34475	1.34484			6
2025.10.01	01:18:32.908		1.34483			4
2025.10.01	01:18:33.525		1.34484			4
2025.10.01	01:18:34.756		1.34483			4
2025.10.01	01:18:35.058		1.34484			4
2025.10.01	01:18:36.303		1.34483			4
2025.10.01	01:18:36.923		1.34482			4
2025.10.01	01:18:37.225		1.34484			4
2025.10.01	01:18:39.367		1.34483			4
2025.10.01	01:18:40.291		1.34482			4
2025.10.01	01:18:41.827	1.34476	1.34483			6
2025.10.01	01:18:42.131		1.34481			4
2025.10.01	01:18:43.375	1.34477				2
2025.10.01	01:18:43.684	1.34476	1.34480			6
2025.10.01	01:18:44.296	1.34478	1.34481			6
2025.10.01	01:18:44.603	1.34477	1.34480			6
2025.10.01	01:18:51.331	1.34478	1.34481			6
2025.10.01	01:18:51.642	1.34477	1.34480			6
2025.10.01	01:18:55.019	1.34476	1.34479			6
2025.10.01	01:18:55.932	1.34477	1.34480			6
2025.10.01	01:18:56.243	1.34476	1.34479			6
2025.10.01	01:18:56.853	1.34477	1.34480			6
2025.10.01	01:18:57.160	1.34474	1.34477			6
2025.10.01	01:18:57.770	1.34475	1.34478			6
2025.10.01	01:18:58.073	1.34476	1.34479			6
2025.10.01	01:18:58.377	1.34477	1.34480			6
2025.10.01	01:18:59.295	1.34474	1.34483			6
2025.10.01	01:19:00.223	1.34474				2
2025.10.01	01:19:01.767	1.34475				2
2025.10.01	01:19:03.925		1.34484			4
2025.10.01	01:19:04.237		1.34483			4
2025.10.01	01:19:04.856		1.34484			4
2025.10.01	01:19:05.164		1.34483			4
2025.10.01	01:19:05.466	1.34472	1.34482			6
2025.10.01	01:19:06.397	1.34473				2
2025.10.01	01:19:06.698	1.34472				2
2025.10.01	01:19:07.326	1.34473				2
2025.10.01	01:19:07.634	1.34472				2
2025.10.01	01:19:08.253	1.34474	1.34480			6
2025.10.01	01:19:08.557	1.34475	1.34481			6
2025.10.01	01:19:09.787	1.34474	1.34480			6
2025.10.01	01:19:10.089	1.34475	1.34479			6
2025.10.01	01:19:10.399	1.34477	1.34481			6
2025.10.01	01:19:10.702	1.34476	1.34480			6
2025.10.01	01:19:12.234	1.34477				2
2025.10.01	01:19:12.852	1.34476	1.34479			6
2025.10.01	01:19:13.763	1.34477	1.34480			6
2025.10.01	01:19:16.829	1.34476	1.34479			6
2025.10.01	01:19:17.753	1.34477	1.34480			6
2025.10.01	01:19:19.898	1.34476	1.34479			6
2025.10.01	01:19:20.199	1.34477	1.34480			6
2025.10.01	01:19:20.503	1.34476	1.34479			6
2025.10.01	01:19:20.804	1.34477	1.34480			6
2025.10.01	01:19:21.114	1.34478	1.34481			6
2025.10.01	01:19:21.417	1.34477	1.34480			6
2025.10.01	01:19:22.335	1.34476	1.34479			6
2025.10.01	01:19:22.645	1.34477	1.34480			6
2025.10.01	01:19:22.949	1.34476	1.34479			6
2025.10.01	01:19:23.249	1.34477	1.34480			6
2025.10.01	01:19:24.472	1.34476	1.34479			6
2025.10.01	01:19:25.090	1.34477	1.34480			6
2025.10.01	01:19:26.010	1.34476	1.34479			6
2025.10.01	01:19:26.317	1.34477	1.34480			6
2025.10.01	01:19:28.168	1.34476	1.34479			6
2025.10.01	01:19:29.386	1.34477	1.34480			6
2025.10.01	01:19:31.233	1.34476	1.34479			6
2025.10.01	01:19:31.538	1.34477	1.34480			6
2025.10.01	01:19:32.453	1.34478	1.34481			6
2025.10.01	01:19:33.363	1.34477	1.34480			6
2025.10.01	01:19:34.592	1.34478	1.34481			6
2025.10.01	01:19:36.430	1.34477	1.34480			6
2025.10.01	01:19:37.649	1.34476	1.34479			6
2025.10.01	01:19:37.950	1.34477	1.34480			6
2025.10.01	01:19:38.557	1.34478	1.34481			6
2025.10.01	01:19:38.865	1.34476	1.34479			6
2025.10.01	01:19:39.783	1.34475	1.34478			6
2025.10.01	01:19:40.091	1.34474	1.34480			6
2025.10.01	01:19:40.708	1.34475	1.34481			6
2025.10.01	01:19:41.012	1.34476	1.34482			6
2025.10.01	01:19:41.328	1.34475				2
2025.10.01	01:19:41.947	1.34474	1.34481			6
2025.10.01	01:19:42.256	1.34476	1.34480			6
2025.10.01	01:19:42.878	1.34475	1.34479			6
2025.10.01	01:19:43.181	1.34476				2
2025.10.01	01:19:44.709	1.34477	1.34480			6
2025.10.01	01:19:45.015	1.34476	1.34479			6
2025.10.01	01:19:45.321	1.34477	1.34480			6
2025.10.01	01:19:46.245	1.34476	1.34481			6
2025.10.01	01:19:47.169	1.34477	1.34480			6
2025.10.01	01:19:47.783	1.34476	1.34479			6
2025.10.01	01:19:48.083	1.34477	1.34480			6
2025.10.01	01:19:52.366	1.34475	1.34481			6
2025.10.01	01:19:54.204	1.34476				2
2025.10.01	01:19:55.138	1.34475	1.34480			6
2025.10.01	01:19:55.445	1.34476	1.34481			6
2025.10.01	01:19:56.366		1.34480			4
2025.10.01	01:19:57.286	1.34477	1.34481			6
2025.10.01	01:19:58.207	1.34476	1.34480			6
2025.10.01	01:19:58.514	1.34477	1.34481			6
2025.10.01	01:19:59.134	1.34478				2
2025.10.01	01:20:00.060	1.34476	1.34479			6
2025.10.01	01:20:00.366	1.34473	1.34482			6
2025.10.01	01:20:01.293	1.34475				2
2025.10.01	01:20:01.601	1.34473				2
2025.10.01	01:20:01.908	1.34463	1.34473			6
2025.10.01	01:20:02.219	1.34462	1.34472			6
2025.10.01	01:20:03.145	1.34464	1.34473			6
2025.10.01	01:20:04.070	1.34467				2
2025.10.01	01:20:04.376	1.34464				2
2025.10.01	01:20:04.994	1.34463				2
2025.10.01	01:20:07.179	1.34465	1.34474			6
2025.10.01	01:20:07.486	1.34464	1.34473			6
2025.10.01	01:20:09.959		1.34472			4
2025.10.01	01:20:10.894	1.34465	1.34473			6
2025.10.01	01:20:11.206		1.34472			4
2025.10.01	01:20:11.515	1.34466	1.34473			6
2025.10.01	01:20:11.833	1.34465	1.34472			6
2025.10.01	01:20:12.138	1.34466				2
2025.10.01	01:20:12.755	1.34465	1.34471			6
2025.10.01	01:20:13.064	1.34466	1.34472			6
2025.10.01	01:20:13.381		1.34471			4
2025.10.01	01:20:13.992	1.34465	1.34470			6
2025.10.01	01:20:14.923	1.34466	1.34471			6
2025.10.01	01:20:15.228	1.34467				2
2025.10.01	01:20:18.001	1.34468	1.34472			6
2025.10.01	01:20:18.305		1.34471			4
2025.10.01	01:20:19.217	1.34466	1.34469			6
2025.10.01	01:20:19.523	1.34468	1.34471			6
2025.10.01	01:20:22.288	1.34467	1.34470			6
2025.10.01	01:20:22.593	1.34468	1.34471			6
2025.10.01	01:20:24.119	1.34467	1.34470			6
2025.10.01	01:20:24.425	1.34466	1.34469			6
2025.10.01	01:20:24.736	1.34467	1.34470			6
2025.10.01	01:20:26.274	1.34468	1.34471			6
2025.10.01	01:20:26.583	1.34467	1.34470			6
2025.10.01	01:20:28.409	1.34468	1.34471			6
2025.10.01	01:20:30.555	1.34466	1.34469			6
2025.10.01	01:20:30.860	1.34468	1.34471			6
2025.10.01	01:20:31.167	1.34467	1.34470			6
2025.10.01	01:20:31.478	1.34468	1.34471			6
2025.10.01	01:20:31.781	1.34467	1.34470			6
2025.10.01	01:20:36.409	1.34468	1.34471			6
2025.10.01	01:20:36.724	1.34467	1.34470			6
2025.10.01	01:20:39.487	1.34468	1.34471			6
2025.10.01	01:20:39.793	1.34467	1.34470			6
2025.10.01	01:20:40.399	1.34468	1.34471			6
2025.10.01	01:20:40.703	1.34467	1.34470			6
2025.10.01	01:20:42.540	1.34468	1.34471			6
2025.10.01	01:20:42.844	1.34467	1.34470			6
2025.10.01	01:20:44.673	1.34468	1.34471			6
2025.10.01	01:20:44.980	1.34467	1.34470			6
2025.10.01	01:20:45.590	1.34468	1.34471			6
2025.10.01	01:20:45.892	1.34466	1.34469			6
2025.10.01	01:20:46.196	1.34467	1.34470			6
2025.10.01	01:20:47.120	1.34466	1.34469			6
2025.10.01	01:20:47.735	1.34467	1.34470			6
2025.10.01	01:20:48.960	1.34466	1.34469			6
2025.10.01	01:20:52.025	1.34457	1.34460			6
2025.10.01	01:20:52.332	1.34455	1.34464			6
2025.10.01	01:20:52.956	1.34457				2
2025.10.01	01:20:53.262	1.34455				2
2025.10.01	01:20:53.568		1.34463			4
2025.10.01	01:20:57.263	1.34457				2
2025.10.01	01:20:57.570	1.34455				2
2025.10.01	01:21:00.021	1.34455				2
2025.10.01	01:21:00.333	1.34456				2
2025.10.01	01:21:01.261	1.34457				2
2025.10.01	01:21:01.883	1.34456	1.34462			6
2025.10.01	01:21:02.187	1.34457				2
2025.10.01	01:21:03.108		1.34461			4
2025.10.01	01:21:03.415	1.34456	1.34460			6
2025.10.01	01:21:04.328	1.34458	1.34462			6
2025.10.01	01:21:04.636	1.34457	1.34461			6
2025.10.01	01:21:04.945	1.34456	1.34460			6
2025.10.01	01:21:05.252	1.34458	1.34462			6
2025.10.01	01:21:06.177		1.34461			4
2025.10.01	01:21:07.094	1.34457	1.34460			6
2025.10.01	01:21:07.405	1.34458	1.34461			6
2025.10.01	01:21:08.013	1.34457	1.34460			6
2025.10.01	01:21:08.319	1.34458	1.34461			6
2025.10.01	01:21:10.172	1.34457	1.34460			6
2025.10.01	01:21:10.474	1.34459	1.34462			6
2025.10.01	01:21:11.088	1.34460	1.34466			6
2025.10.01	01:21:12.324		1.34465			4
2025.10.01	01:21:13.247	1.34461				2
2025.10.01	01:21:15.692	1.34460	1.34464			6
2025.10.01	01:21:16.006	1.34461	1.34465			6
2025.10.01	01:21:16.312		1.34464			4
2025.10.01	01:21:17.836	1.34460	1.34463			6
2025.10.01	01:21:18.142	1.34461	1.34464			6
2025.10.01	01:21:20.590	1.34460	1.34463			6
2025.10.01	01:21:20.892	1.34461	1.34464			6
2025.10.01	01:21:23.349	1.34462	1.34465			6
2025.10.01	01:21:23.662	1.34461	1.34464			6
2025.10.01	01:21:25.806	1.34462	1.34465			6
2025.10.01	01:21:26.423	1.34461	1.34464			6
2025.10.01	01:21:35.640	1.34462	1.34465			6
2025.10.01	01:21:36.555	1.34461	1.34464			6
2025.10.01	01:21:36.865	1.34462	1.34465			6
2025.10.01	01:21:38.686	1.34461	1.34464			6
2025.10.01	01:21:40.833	1.34462	1.34465			6
2025.10.01	01:21:41.746	1.34461	1.34464			6
2025.10.01	01:21:42.673	1.34460	1.34463			6
2025.10.01	01:21:42.983	1.34461	1.34464			6
2025.10.01	01:21:43.902	1.34462	1.34465			6
2025.10.01	01:21:44.820	1.34461	1.34464			6
2025.10.01	01:21:45.432	1.34462	1.34465			6
2025.10.01	01:21:48.194	1.34461	1.34464			6
2025.10.01	01:21:48.497	1.34462	1.34465			6
2025.10.01	01:21:50.340	1.34461	1.34464			6
2025.10.01	01:21:50.648	1.34462	1.34465			6
2025.10.01	01:21:55.236	1.34461	1.34464			6
2025.10.01	01:21:55.546	1.34462	1.34465			6
2025.10.01	01:22:00.143	1.34462				2
2025.10.01	01:22:02.888	1.34461	1.34464			6
2025.10.01	01:22:03.197	1.34462	1.34465			6
2025.10.01	01:22:03.808	1.34461	1.34464			6
2025.10.01	01:22:04.116	1.34462	1.34465			6
2025.10.01	01:22:04.732	1.34461	1.34464			6
2025.10.01	01:22:05.035	1.34462	1.34465			6
2025.10.01	01:22:12.973	1.34461	1.34464			6
2025.10.01	01:22:13.275	1.34462	1.34465			6
2025.10.01	01:22:15.124	1.34461	1.34464			6
2025.10.01	01:22:15.427	1.34462	1.34465			6
2025.10.01	01:22:17.258	1.34461	1.34464			6
2025.10.01	01:22:17.570	1.34462	1.34465			6
2025.10.01	01:22:19.414	1.34461	1.34464			6
2025.10.01	01:22:19.722	1.34462	1.34465			6
2025.10.01	01:22:20.339	1.34461	1.34464			6
2025.10.01	01:22:20.646	1.34462	1.34465			6
2025.10.01	01:22:22.491	1.34461	1.34464			6
2025.10.01	01:22:22.797	1.34462	1.34465			6
2025.10.01	01:22:23.726	1.34461	1.34464			6
2025.10.01	01:22:24.032	1.34462	1.34465			6
2025.10.01	01:22:25.867	1.34461	1.34464			6
2025.10.01	01:22:26.179	1.34462	1.34465			6
2025.10.01	01:22:28.939	1.34461	1.34464			6
2025.10.01	01:22:29.248	1.34462	1.34465			6
2025.10.01	01:22:31.087	1.34461	1.34464			6
2025.10.01	01:22:31.390	1.34462	1.34465			6
2025.10.01	01:22:32.005	1.34461	1.34464			6
2025.10.01	01:22:32.923	1.34462	1.34465			6
2025.10.01	01:22:33.847	1.34461	1.34464			6
2025.10.01	01:22:34.153	1.34462	1.34465			6
2025.10.01	01:22:35.992	1.34461	1.34464			6
2025.10.01	01:22:36.300	1.34462	1.34465			6
2025.10.01	01:22:36.917	1.34461	1.34464			6
2025.10.01	01:22:37.842	1.34462	1.34465			6
2025.10.01	01:22:39.076	1.34461	1.34464			6
2025.10.01	01:22:39.384	1.34462	1.34465			6
2025.10.01	01:22:42.176	1.34461	1.34464			6
2025.10.01	01:22:42.487	1.34462	1.34465			6
2025.10.01	01:22:45.280	1.34464	1.34467			6
2025.10.01	01:22:46.211	1.34460	1.34470			6
2025.10.01	01:22:47.446	1.34461				2
2025.10.01	01:22:52.393	1.34462				2
2025.10.01	01:22:53.319	1.34461	1.34468			6
2025.10.01	01:22:53.625	1.34462	1.34469			6
2025.10.01	01:22:54.243	1.34463				2
2025.10.01	01:22:55.159	1.34465	1.34470			6
2025.10.01	01:22:55.462	1.34463	1.34468			6
2025.10.01	01:22:55.770	1.34464	1.34469			6
2025.10.01	01:22:56.084	1.34465	1.34468			6
2025.10.01	01:22:56.387	1.34463				2
2025.10.01	01:22:57.951	1.34464	1.34469			6
2025.10.01	01:22:58.261	1.34465	1.34470			6
2025.10.01	01:22:58.569	1.34463	1.34468			6
2025.10.01	01:22:58.878	1.34464	1.34469			6
2025.10.01	01:22:59.191		1.34468			4
2025.10.01	01:22:59.804	1.34463	1.34467			6
2025.10.01	01:23:00.121	1.34464	1.34468			6
2025.10.01	01:23:00.737	1.34463	1.34467			6
2025.10.01	01:23:01.046	1.34464	1.34468			6
2025.10.01	01:23:01.354	1.34465	1.34469			6
2025.10.01	01:23:01.659	1.34464	1.34468			6
2025.10.01	01:23:03.835	1.34463	1.34467			6
2025.10.01	01:23:04.154	1.34465	1.34468			6
2025.10.01	01:23:04.767	1.34464	1.34467			6
2025.10.01	01:23:05.072	1.34465	1.34468			6
2025.10.01	01:23:05.383		1.34469			4
2025.10.01	01:23:05.696	1.34464	1.34468			6
2025.10.01	01:23:07.250	1.34465				2
2025.10.01	01:23:07.556	1.34466	1.34469			6
2025.10.01	01:23:07.859	1.34465	1.34468			6
2025.10.01	01:23:09.389	1.34464	1.34467			6
2025.10.01	01:23:10.000	1.34465	1.34468			6
2025.10.01	01:23:10.305	1.34464				2
2025.10.01	01:23:11.233	1.34465				2
2025.10.01	01:23:11.854	1.34464	1.34467			6
2025.10.01	01:23:12.156	1.34465	1.34468			6
2025.10.01	01:23:14.901	1.34464	1.34467			6
2025.10.01	01:23:15.202	1.34465	1.34468			6
2025.10.01	01:23:16.121	1.34464	1.34467			6
2025.10.01	01:23:16.430	1.34465	1.34468			6
2025.10.01	01:23:17.034	1.34464	1.34467			6
2025.10.01	01:23:17.340	1.34465	1.34468			6
2025.10.01	01:23:20.098	1.34464	1.34467			6
2025.10.01	01:23:20.408	1.34465	1.34468			6
2025.10.01	01:23:22.243	1.34464	1.34467			6
2025.10.01	01:23:22.544	1.34465	1.34468			6
2025.10.01	01:23:25.297	1.34464	1.34467			6
2025.10.01	01:23:25.601	1.34465	1.34468			6
2025.10.01	01:23:26.520	1.34464	1.34467			6
2025.10.01	01:23:26.829	1.34465	1.34468			6
2025.10.01	01:23:27.738	1.34464	1.34467			6
2025.10.01	01:23:32.928	1.34463	1.34466			6
2025.10.01	01:23:33.228	1.34464	1.34467			6
2025.10.01	01:23:35.069	1.34463	1.34466			6
2025.10.01	01:23:35.375	1.34464	1.34467			6
2025.10.01	01:23:38.130	1.34463	1.34466			6
2025.10.01	01:23:38.430	1.34464	1.34467			6
2025.10.01	01:23:40.269	1.34463	1.34466			6
2025.10.01	01:23:40.583	1.34464	1.34467			6
2025.10.01	01:23:43.350	1.34463	1.34466			6
2025.10.01	01:23:43.657	1.34464	1.34467			6
2025.10.01	01:23:46.421	1.34463	1.34466			6
2025.10.01	01:23:46.724	1.34464	1.34467			6
2025.10.01	01:23:48.579	1.34463	1.34466			6
2025.10.01	01:23:48.884	1.34464	1.34467			6
2025.10.01	01:23:51.645	1.34463	1.34466			6
2025.10.01	01:23:51.955	1.34464	1.34467			6
2025.10.01	01:23:53.786	1.34463	1.34466			6
2025.10.01	01:23:55.017	1.34464	1.34467			6
2025.10.01	01:23:55.323	1.34462	1.34465			6
2025.10.01	01:23:56.257	1.34461	1.34464			6
2025.10.01	01:23:56.567	1.34462	1.34465			6
2025.10.01	01:23:57.185	1.34461	1.34464			6
2025.10.01	01:23:57.493	1.34462	1.34465			6
2025.10.01	01:23:58.107		1.34466			4
2025.10.01	01:23:58.419	1.34460	1.34464			6
2025.10.01	01:23:58.721	1.34462	1.34466			6
2025.10.01	01:23:59.336		1.34465			4
2025.10.01	01:24:00.264	1.34459	1.34467			6
2025.10.01	01:24:01.504	1.34458	1.34466			6
2025.10.01	01:24:01.808	1.34459	1.34467			6
2025.10.01	01:24:02.116		1.34465			4
2025.10.01	01:24:02.737	1.34460	1.34466			6
2025.10.01	01:24:03.355		1.34465			4
2025.10.01	01:24:03.670	1.34461	1.34466			6
2025.10.01	01:24:04.282	1.34458	1.34468			6
2025.10.01	01:24:04.590		1.34467			4
2025.10.01	01:24:04.898	1.34459	1.34469			6
2025.10.01	01:24:07.371	1.34458	1.34466			6
2025.10.01	01:24:07.686	1.34460	1.34468			6
2025.10.01	01:24:08.297	1.34459	1.34469			6
2025.10.01	01:24:09.535	1.34458	1.34468			6
2025.10.01	01:24:09.843	1.34459	1.34469			6
2025.10.01	01:24:10.155	1.34460				2
2025.10.01	01:24:11.390	1.34458	1.34470			6
2025.10.01	01:24:12.627		1.34469			4
2025.10.01	01:24:12.936		1.34470			4
2025.10.01	01:24:13.245	1.34459				2
2025.10.01	01:24:13.867	1.34458	1.34469			6
2025.10.01	01:24:14.177	1.34459	1.34468			6
2025.10.01	01:24:16.342	1.34460	1.34467			6
2025.10.01	01:24:17.266	1.34461	1.34466			6
2025.10.01	01:24:18.189	1.34462				2
2025.10.01	01:24:18.809	1.34461	1.34465			6
2025.10.01	01:24:19.128		1.34464			4
2025.10.01	01:24:20.349	1.34459	1.34465			6
2025.10.01	01:24:20.653	1.34460	1.34466			6
2025.10.01	01:24:22.194	1.34461	1.34465			6
2025.10.01	01:24:24.038	1.34460	1.34464			6
2025.10.01	01:24:24.345	1.34461				2
2025.10.01	01:24:24.963	1.34462	1.34465			6
2025.10.01	01:24:26.185	1.34461	1.34464			6
2025.10.01	01:24:26.488	1.34462	1.34465			6
2025.10.01	01:24:27.096	1.34461	1.34464			6
2025.10.01	01:24:27.402	1.34462	1.34465			6
2025.10.01	01:24:29.233	1.34461	1.34464			6
2025.10.01	01:24:29.540	1.34462	1.34465			6
2025.10.01	01:24:32.289	1.34461	1.34464			6
2025.10.01	01:24:32.597	1.34462	1.34465			6
2025.10.01	01:24:33.831	1.34457	1.34460			6
2025.10.01	01:24:34.757	1.34458	1.34461			6
2025.10.01	01:24:35.066	1.34457	1.34460			6
2025.10.01	01:24:35.380	1.34455	1.34463			6
2025.10.01	01:24:36.314	1.34462	1.34470			6
2025.10.01	01:24:37.241		1.34469			4
2025.10.01	01:24:37.547		1.34470			4
2025.10.01	01:24:39.403		1.34469			4
2025.10.01	01:24:39.714		1.34470			4
2025.10.01	01:24:40.330		1.34469			4
2025.10.01	01:24:40.639		1.34470			4
2025.10.01	01:24:41.567		1.34471			4
2025.10.01	01:24:45.617		1.34470			4
2025.10.01	01:24:45.922		1.34471			4
2025.10.01	01:24:46.236		1.34470			4
2025.10.01	01:24:47.165	1.34463				2
2025.10.01	01:24:48.091		1.34469			4
2025.10.01	01:24:49.331	1.34464				2
2025.10.01	01:24:50.259		1.34468			4
2025.10.01	01:24:51.786	1.34463	1.34467			6
2025.10.01	01:24:52.097	1.34465	1.34468			6
2025.10.01	01:24:53.008	1.34464	1.34467			6
2025.10.01	01:25:00.059	1.34464				2
2025.10.01	01:25:04.971	1.34465	1.34468			6
2025.10.01	01:25:08.024	1.34466	1.34469			6
2025.10.01	01:25:08.325	1.34465	1.34468			6
2025.10.01	01:25:15.664	1.34468	1.34469			6
2025.10.01	01:25:18.093	1.34476	1.34479			6
2025.10.01	01:25:18.396	1.34473	1.34476			6
2025.10.01	01:25:19.006		1.34475			4
2025.10.01	01:25:19.310		1.34478			4
2025.10.01	01:25:26.438	1.34477	1.34482			6
2025.10.01	01:25:26.752		1.34481			4
2025.10.01	01:25:28.293		1.34480			4
2025.10.01	01:25:28.601		1.34482			4
2025.10.01	01:25:28.914		1.34480			4
2025.10.01	01:25:29.534		1.34479			4
2025.10.01	01:25:29.838		1.34480			4
2025.10.01	01:25:30.145		1.34479			4
2025.10.01	01:25:30.449	1.34475				2
2025.10.01	01:25:30.754	1.34476	1.34480			6
2025.10.01	01:25:32.587	1.34475	1.34479			6
2025.10.01	01:25:32.889	1.34476	1.34480			6
2025.10.01	01:25:33.195		1.34479			4
2025.10.01	01:25:33.804	1.34477	1.34480			6
2025.10.01	01:25:34.107	1.34476	1.34479			6
2025.10.01	01:25:34.722	1.34475	1.34478			6
2025.10.01	01:25:35.035	1.34476	1.34479			6
2025.10.01	01:25:35.343		1.34480			4
2025.10.01	01:25:35.657	1.34475	1.34479			6
2025.10.01	01:25:35.964	1.34476	1.34480			6
2025.10.01	01:25:36.268		1.34479			4
2025.10.01	01:25:36.880	1.34477	1.34480			6
2025.10.01	01:25:37.182	1.34476	1.34479			6
2025.10.01	01:25:37.792	1.34475	1.34478			6
2025.10.01	01:25:38.097	1.34476	1.34479			6
2025.10.01	01:25:39.011	1.34477	1.34480			6
2025.10.01	01:25:39.322	1.34476	1.34479			6
2025.10.01	01:25:40.845	1.34475	1.34478			6
2025.10.01	01:25:41.158	1.34476	1.34479			6
2025.10.01	01:25:42.083	1.34477	1.34480			6
2025.10.01	01:25:42.383	1.34476	1.34479			6
2025.10.01	01:25:42.996	1.34475	1.34478			6
2025.10.01	01:25:43.317	1.34476	1.34479			6
2025.10.01	01:25:44.533	1.34467	1.34470			6
2025.10.01	01:25:45.146	1.34465	1.34473			6
2025.10.01	01:25:45.763		1.34472			4
2025.10.01	01:25:53.184	1.34466				2
2025.10.01	01:25:54.106		1.34471			4
2025.10.01	01:25:55.340	1.34467				2
2025.10.01	01:25:57.172		1.34470			4
2025.10.01	01:25:57.480	1.34466	1.34469			6
2025.10.01	01:25:57.785	1.34465	1.34466			6
2025.10.01	01:25:58.094		1.34468			4
2025.10.01	01:25:58.401		1.34467			4
2025.10.01	01:25:58.706		1.34466			4
2025.10.01	01:25:59.016		1.34468			4
2025.10.01	01:25:59.635		1.34467			4
2025.10.01	01:25:59.950		1.34468			4
2025.10.01	01:26:00.255	1.34465	1.34467			6
2025.10.01	01:26:01.807		1.34466			4
2025.10.01	01:26:02.114		1.34467			4
2025.10.01	01:26:03.344		1.34466			4
2025.10.01	01:26:03.950	1.34463				2
2025.10.01	01:26:04.878	1.34462	1.34465			6
2025.10.01	01:26:05.185	1.34463	1.34466			6
2025.10.01	01:26:06.709	1.34462	1.34465			6
2025.10.01	01:26:07.015	1.34463	1.34466			6
2025.10.01	01:26:08.236	1.34462	1.34465			6
2025.10.01	01:26:08.845	1.34463	1.34466			6
2025.10.01	01:26:09.150	1.34462	1.34465			6
2025.10.01	01:26:13.448	1.34461	1.34464			6
2025.10.01	01:26:13.754	1.34462	1.34465			6
2025.10.01	01:26:14.669	1.34463	1.34466			6
2025.10.01	01:26:16.500	1.34462	1.34465			6
2025.10.01	01:26:17.719	1.34463	1.34466			6
2025.10.01	01:26:18.025	1.34462	1.34465			6
2025.10.01	01:26:18.629	1.34461	1.34464			6
2025.10.01	01:26:18.945	1.34462	1.34465			6
2025.10.01	01:26:21.702	1.34461	1.34464			6
2025.10.01	01:26:22.006	1.34462	1.34465			6
2025.10.01	01:26:23.852	1.34461	1.34464			6
2025.10.01	01:26:24.156	1.34462	1.34465			6
2025.10.01	01:26:26.902	1.34461	1.34464			6
2025.10.01	01:26:27.214	1.34462	1.34465			6
2025.10.01	01:26:29.380	1.34463	1.34466			6
2025.10.01	01:26:29.997	1.34462	1.34465			6
2025.10.01	01:26:30.301	1.34463	1.34466			6
2025.10.01	01:26:30.605	1.34461	1.34464			6
2025.10.01	01:26:30.915	1.34463	1.34466			6
2025.10.01	01:26:31.529	1.34462	1.34465			6
2025.10.01	01:26:41.039	1.34464	1.34467			6
2025.10.01	01:26:41.344	1.34463	1.34466			6
2025.10.01	01:26:41.649	1.34464				2
2025.10.01	01:26:42.570		1.34465			4
2025.10.01	01:26:42.876	1.34462				2
2025.10.01	01:26:43.792	1.34461	1.34464			6
2025.10.01	01:26:44.096	1.34462	1.34465			6
2025.10.01	01:26:45.321	1.34461	1.34464			6
2025.10.01	01:26:46.554	1.34462	1.34465			6
2025.10.01	01:26:48.393	1.34461	1.34464			6
2025.10.01	01:26:48.697	1.34462	1.34465			6
2025.10.01	01:26:50.532	1.34461	1.34464			6
2025.10.01	01:26:50.847	1.34462	1.34465			6
2025.10.01	01:27:00.053	1.34462				2
2025.10.01	01:27:11.682	1.34461	1.34464			6
2025.10.01	01:27:11.998	1.34462	1.34465			6
2025.10.01	01:27:24.934	1.34461	1.34464			6
2025.10.01	01:27:25.238	1.34462	1.34465			6
2025.10.01	01:27:27.095	1.34461	1.34464			6
2025.10.01	01:27:27.400	1.34462	1.34465			6
2025.10.01	01:27:35.751	1.34461	1.34464			6
2025.10.01	01:27:45.352	1.34462	1.34465			6
2025.10.01	01:27:45.977	1.34461	1.34464			6
2025.10.01	01:27:46.283	1.34462	1.34465			6
2025.10.01	01:27:49.985	1.34461	1.34464			6
2025.10.01	01:27:50.600	1.34462	1.34465			6
2025.10.01	01:27:50.905	1.34461	1.34464			6
2025.10.01	01:27:59.256	1.34462	1.34465			6
2025.10.01	01:28:00.193	1.34462				2
2025.10.01	01:28:02.364	1.34461	1.34464			6
2025.10.01	01:28:03.288	1.34460	1.34463			6
2025.10.01	01:28:04.218	1.34459				2
2025.10.01	01:28:04.837	1.34460	1.34464			6
2025.10.01	01:28:06.383	1.34461	1.34465			6
2025.10.01	01:28:07.307	1.34460	1.34466			6
2025.10.01	01:28:08.231	1.34461				2
2025.10.01	01:28:09.490	1.34460	1.34465			6
2025.10.01	01:28:09.794	1.34461	1.34466			6
2025.10.01	01:28:10.105		1.34465			4
2025.10.01	01:28:13.197	1.34462				2
2025.10.01	01:28:15.984	1.34461	1.34464			6
2025.10.01	01:28:17.212	1.34462	1.34465			6
2025.10.01	01:28:18.136	1.34461				2
2025.10.01	01:28:19.376	1.34462				2
2025.10.01	01:28:27.368	1.34461	1.34464			6
2025.10.01	01:28:27.673	1.34462	1.34465			6
2025.10.01	01:28:30.141	1.34461	1.34464			6
2025.10.01	01:28:30.454	1.34462	1.34465			6
2025.10.01	01:28:31.068	1.34464	1.34467			6
2025.10.01	01:28:31.385	1.34462	1.34471			6
2025.10.01	01:28:34.161		1.34470			4
2025.10.01	01:28:36.326		1.34469			4
2025.10.01	01:28:37.267		1.34468			4
2025.10.01	01:28:37.572	1.34463	1.34469			6
2025.10.01	01:28:38.192		1.34468			4
2025.10.01	01:28:39.113	1.34464				2
2025.10.01	01:28:39.419	1.34463	1.34467			6
2025.10.01	01:28:39.730	1.34462	1.34466			6
2025.10.01	01:28:40.340		1.34470			4
2025.10.01	01:28:40.955	1.34460				2
2025.10.01	01:28:42.802	1.34459				2
2025.10.01	01:28:45.271	1.34462				2
2025.10.01	01:28:46.193		1.34469			4
