<DATE>	<TIME>	<BID>	<ASK>	<LAST>	<VOLUME>	<FLAGS>
2025.02.06	00:00:00.233	1.25010	1.25100			6
2025.02.06	00:00:00.853	1.25031	1.25121			6
2025.02.06	00:00:15.873	1.25027	1.25117			6
2025.02.06	00:00:30.930	1.25031	1.25103			6
2025.02.06	00:00:47.528	1.25030				2
2025.02.06	00:00:56.061		1.25083			4
2025.02.06	00:00:59.005	1.25035	1.25103			6
2025.02.06	00:00:59.916	1.25030				2
2025.02.06	00:01:03.103	1.25030				2
2025.02.06	00:01:44.765		1.25099			4
2025.02.06	00:01:56.146	1.25026	1.25094			6
2025.02.06	00:02:00.134	1.25026				2
2025.02.06	00:02:56.193		1.25094			4
2025.02.06	00:03:00.179	1.25026				2
2025.02.06	00:03:56.167	1.25027				2
2025.02.06	00:03:56.470		1.25094			4
2025.02.06	00:04:00.135	1.25027				2
2025.02.06	00:04:56.610		1.25094			4
2025.02.06	00:05:00.003	1.25027				2
2025.02.06	00:05:04.609	1.25024				2
2025.02.06	00:05:31.640		1.25093			4
2025.02.06	00:06:01.512	1.25024				2
2025.02.06	00:06:11.136		1.25094			4
2025.02.06	00:06:12.134		1.25093			4
2025.02.06	00:06:42.187		1.25094			4
2025.02.06	00:06:43.501		1.25093			4
2025.02.06	00:06:44.179		1.25094			4
2025.02.06	00:06:44.876		1.25093			4
2025.02.06	00:06:45.183		1.25094			4
2025.02.06	00:06:47.180		1.25093			4
2025.02.06	00:07:03.695	1.25024				2
2025.02.06	00:07:19.370		1.25094			4
2025.02.06	00:07:52.265		1.25093			4
2025.02.06	00:08:00.413	1.25024				2
2025.02.06	00:08:24.639		1.25094			4
2025.02.06	00:09:00.407	1.25024				2
2025.02.06	00:09:25.003		1.25094			4
2025.02.06	00:09:58.201		1.25093			4
2025.02.06	00:10:00.310	1.25024				2
2025.02.06	00:10:11.485	1.25016	1.25106			6
2025.02.06	00:11:00.288	1.25016				2
2025.02.06	00:11:03.065	1.25024	1.25094			6
2025.02.06	00:11:07.093	1.25016	1.25106			6
2025.02.06	00:11:08.014	1.25024	1.25094			6
2025.02.06	00:11:11.998	1.25016	1.25106			6
2025.02.06	00:11:12.937	1.25024	1.25094			6
2025.02.06	00:12:00.989	1.25024				2
2025.02.06	00:12:13.363		1.25094			4
2025.02.06	00:12:27.812		1.25092			4
2025.02.06	00:12:28.310		1.25088			4
2025.02.06	00:12:28.810		1.25094			4
2025.02.06	00:12:31.360		1.25093			4
2025.02.06	00:12:35.359		1.25092			4
2025.02.06	00:12:47.358		1.25091			4
2025.02.06	00:12:56.147	1.25025				2
2025.02.06	00:13:00.663	1.25025				2
2025.02.06	00:13:28.688		1.25093			4
2025.02.06	00:14:00.734	1.25025	1.25094			6
2025.02.06	00:14:39.094		1.25093			4
2025.02.06	00:15:00.389	1.25021				2
2025.02.06	00:15:10.890		1.25094			4
2025.02.06	00:16:16.698	1.25021	1.25093			6
2025.02.06	00:16:25.850		1.25094			4
2025.02.06	00:16:32.585		1.25093			4
2025.02.06	00:17:01.515	1.25021				2
2025.02.06	00:17:04.538		1.25094			4
2025.02.06	00:17:34.893		1.25093			4
2025.02.06	00:17:36.065		1.25094			4
2025.02.06	00:17:38.062		1.25093			4
2025.02.06	00:18:00.423	1.25021				2
2025.02.06	00:18:09.850		1.25094			4
2025.02.06	00:18:42.148		1.25093			4
2025.02.06	00:18:49.290		1.25094			4
2025.02.06	00:18:50.171		1.25093			4
2025.02.06	00:19:00.747	1.25021				2
2025.02.06	00:19:02.524		1.25094			4
2025.02.06	00:19:43.958	1.25024				2
2025.02.06	00:19:44.490	1.25021				2
2025.02.06	00:19:44.927	1.25024				2
2025.02.06	00:19:45.694	1.25021				2
2025.02.06	00:19:46.706	1.25024				2
2025.02.06	00:19:47.087	1.25021				2
2025.02.06	00:19:52.167	1.25024				2
2025.02.06	00:19:59.072	1.25030	1.25095			6
2025.02.06	00:20:00.421	1.25030				2
2025.02.06	00:20:14.759		1.25096			4
2025.02.06	00:20:15.761		1.25095			4
2025.02.06	00:20:21.892		1.25097			4
2025.02.06	00:20:46.318		1.25098			4
2025.02.06	00:21:00.491	1.25030				2
2025.02.06	00:21:20.866		1.25101			4
2025.02.06	00:21:59.072	1.25031				2
2025.02.06	00:22:00.422	1.25031				2
2025.02.06	00:22:21.393		1.25101			4
2025.02.06	00:23:01.512	1.25031				2
2025.02.06	00:23:21.516		1.25101			4
2025.02.06	00:24:01.525	1.25031				2
2025.02.06	00:24:21.516		1.25101			4
2025.02.06	00:24:59.187	1.25015	1.25071			6
2025.02.06	00:25:00.319	1.25015				2
2025.02.06	00:25:35.049	1.25010	1.25064			6
2025.02.06	00:26:00.143	1.25010				2
2025.02.06	00:26:19.598	1.25008	1.25061			6
2025.02.06	00:26:22.808	1.25007				2
2025.02.06	00:26:27.472	1.25008				2
2025.02.06	00:26:38.185	1.25017				2
2025.02.06	00:26:39.579	1.25009				2
2025.02.06	00:26:40.585	1.25017				2
2025.02.06	00:26:41.530	1.25009				2
2025.02.06	00:26:46.431	1.25008				2
2025.02.06	00:26:48.786	1.25009				2
2025.02.06	00:27:00.395	1.25009				2
2025.02.06	00:27:04.254	1.25010				2
2025.02.06	00:27:19.892	1.25009	1.25061			6
2025.02.06	00:27:34.216		1.25059			4
2025.02.06	00:28:00.657	1.25009				2
2025.02.06	00:28:02.407	1.25010				2
2025.02.06	00:28:09.659	1.24994	1.25046			6
2025.02.06	00:28:10.464	1.24996				2
2025.02.06	00:29:00.449	1.24996				2
2025.02.06	00:29:09.663		1.25046			4
2025.02.06	00:29:10.461	1.24997				2
2025.02.06	00:29:11.219	1.25000				2
2025.02.06	00:29:12.058	1.24997				2
2025.02.06	00:29:22.180	1.24996				2
2025.02.06	00:29:30.667		1.25049			4
2025.02.06	00:30:00.304	1.24996				2
2025.02.06	00:30:22.183	1.24995				2
2025.02.06	00:30:32.202		1.25049			4
2025.02.06	00:31:00.459	1.24995				2
2025.02.06	00:31:14.291	1.24991	1.25047			6
2025.02.06	00:31:29.363	1.24990				2
2025.02.06	00:32:00.086	1.24990				2
2025.02.06	00:32:14.993		1.25047			4
2025.02.06	00:32:19.059	1.25005	1.25057			6
2025.02.06	00:32:47.878		1.25059			4
2025.02.06	00:33:00.093	1.25005				2
2025.02.06	00:33:05.693		1.25064			4
2025.02.06	00:33:50.660		1.25063			4
2025.02.06	00:34:01.518	1.25005				2
2025.02.06	00:34:50.666		1.25063			4
2025.02.06	00:35:00.661	1.25005				2
2025.02.06	00:35:39.686	1.25001	1.25056			6
2025.02.06	00:35:40.738	1.25000				2
2025.02.06	00:35:41.445	1.24999				2
2025.02.06	00:35:42.439	1.25000				2
2025.02.06	00:35:44.191		1.25058			4
2025.02.06	00:36:04.286	1.24999				2
2025.02.06	00:36:11.938	1.25000				2
2025.02.06	00:36:19.139	1.25001	1.25059			6
2025.02.06	00:36:28.913		1.25063			4
2025.02.06	00:36:49.193	1.25002				2
2025.02.06	00:36:54.800		1.25067			4
2025.02.06	00:37:00.643	1.25002				2
2025.02.06	00:37:19.195	1.25003				2
2025.02.06	00:37:23.191	1.25004				2
2025.02.06	00:37:25.587	1.25003				2
2025.02.06	00:37:29.787	1.25004				2
2025.02.06	00:37:56.189		1.25067			4
2025.02.06	00:38:01.287	1.25004				2
2025.02.06	00:38:57.499		1.25067			4
2025.02.06	00:39:00.237	1.25005				2
2025.02.06	00:39:17.841	1.25006				2
2025.02.06	00:39:26.324	1.25007				2
2025.02.06	00:39:39.592	1.25002				2
2025.02.06	00:39:41.248	1.25003				2
2025.02.06	00:39:53.673	1.25004	1.25066			6
2025.02.06	00:39:54.388	1.25007				2
2025.02.06	00:39:54.728	1.25006				2
2025.02.06	00:40:00.690	1.25007				2
2025.02.06	00:40:02.188	1.25006				2
2025.02.06	00:40:03.996	1.25007				2
2025.02.06	00:40:07.484	1.25006				2
2025.02.06	00:40:14.187	1.25007				2
2025.02.06	00:40:21.537	1.25008				2
2025.02.06	00:40:26.986	1.25009	1.25067			6
2025.02.06	00:40:32.188	1.25008				2
2025.02.06	00:40:35.492	1.25009				2
2025.02.06	00:40:39.669	1.25010	1.25066			6
2025.02.06	00:41:00.393	1.25010				2
2025.02.06	00:41:09.468	1.25011				2
2025.02.06	00:41:26.787	1.25012				2
2025.02.06	00:41:42.986		1.25066			4
2025.02.06	00:41:50.539	1.25011	1.25067			6
2025.02.06	00:41:51.570	1.25012				2
2025.02.06	00:41:54.308	1.25013				2
2025.02.06	00:41:56.271	1.25012				2
2025.02.06	00:41:58.034	1.25011				2
2025.02.06	00:42:00.477	1.25012				2
2025.02.06	00:42:12.387	1.25011				2
2025.02.06	00:42:18.814	1.25012				2
2025.02.06	00:42:21.387	1.25011				2
2025.02.06	00:42:30.121	1.25012				2
2025.02.06	00:42:33.398	1.25011				2
2025.02.06	00:42:38.319	1.25012				2
2025.02.06	00:42:40.533	1.25011				2
2025.02.06	00:42:45.086	1.25012				2
2025.02.06	00:42:52.588		1.25067			4
2025.02.06	00:43:00.658	1.25012				2
2025.02.06	00:43:03.985	1.25013				2
2025.02.06	00:43:08.193	1.25012				2
2025.02.06	00:43:12.686	1.25013				2
2025.02.06	00:43:18.991	1.25012				2
2025.02.06	00:43:39.588	1.25010				2
2025.02.06	00:43:40.889	1.25011				2
2025.02.06	00:43:53.136		1.25067			4
2025.02.06	00:44:01.493	1.25011				2
2025.02.06	00:44:07.395	1.25010				2
2025.02.06	00:44:09.597	1.25011				2
2025.02.06	00:44:20.487	1.25012				2
2025.02.06	00:44:54.149		1.25067			4
2025.02.06	00:45:00.497	1.25012				2
2025.02.06	00:45:02.128	1.25000	1.25090			6
2025.02.06	00:45:03.969	1.25012	1.25067			6
2025.02.06	00:45:07.972	1.25028	1.25051			6
2025.02.06	00:45:39.963		1.25053			4
2025.02.06	00:46:00.261	1.25028				2
2025.02.06	00:46:20.551		1.25056			4
2025.02.06	00:46:40.523	1.25020	1.25046			6
2025.02.06	00:46:41.437	1.25021	1.25050			6
2025.02.06	00:46:45.747	1.25029	1.25058			6
2025.02.06	00:46:47.587		1.25057			4
2025.02.06	00:46:48.516	1.25030				2
2025.02.06	00:46:55.564		1.25058			4
2025.02.06	00:47:00.175	1.25030				2
2025.02.06	00:47:02.013	1.25016	1.25074			6
2025.02.06	00:47:03.856	1.25030	1.25058			6
2025.02.06	00:47:08.775		1.25057			4
2025.02.06	00:47:22.325		1.25058			4
2025.02.06	00:47:25.720		1.25057			4
2025.02.06	00:47:32.799		1.25059			4
2025.02.06	00:47:48.197		1.25057			4
2025.02.06	00:48:00.173	1.25030				2
2025.02.06	00:48:04.169	1.25024	1.25054			6
2025.02.06	00:48:06.324	1.25025	1.25055			6
2025.02.06	00:48:29.079	1.25024	1.25054			6
2025.02.06	00:48:29.389	1.25025	1.25055			6
2025.02.06	00:48:33.696	1.25024	1.25054			6
2025.02.06	00:48:47.543	1.25030	1.25055			6
2025.02.06	00:49:00.179	1.25030				2
2025.02.06	00:49:28.469		1.25057			4
2025.02.06	00:49:29.081		1.25058			4
2025.02.06	00:49:52.150		1.25056			4
2025.02.06	00:50:00.159	1.25030				2
2025.02.06	00:50:07.234	1.25029				2
2025.02.06	00:50:52.447		1.25056			4
2025.02.06	00:51:00.155	1.25029				2
2025.02.06	00:51:09.996	1.25021	1.25052			6
2025.02.06	00:51:13.382	1.25022				2
2025.02.06	00:51:16.748	1.25021	1.25051			6
2025.02.06	00:51:26.282	1.25029	1.25057			6
2025.02.06	00:51:36.135	1.25028				2
2025.02.06	00:51:37.361	1.25029				2
2025.02.06	00:51:50.277		1.25059			4
2025.02.06	00:51:50.586	1.25031	1.25061			6
2025.02.06	00:51:50.898	1.25032	1.25059			6
2025.02.06	00:51:53.039		1.25060			4
2025.02.06	00:51:58.583	1.25031	1.25061			6
2025.02.06	00:52:00.115	1.25031				2
2025.02.06	00:52:01.342	1.25030				2
2025.02.06	00:52:07.191	1.25031				2
2025.02.06	00:52:13.035	1.25030				2
2025.02.06	00:52:17.641	1.25031				2
2025.02.06	00:52:20.107	1.25030				2
2025.02.06	00:52:20.411		1.25060			4
2025.02.06	00:52:27.479	1.25029				2
2025.02.06	00:52:29.946	1.25030				2
2025.02.06	00:52:32.402		1.25061			4
2025.02.06	00:52:32.712	1.25029	1.25059			6
2025.02.06	00:52:35.788		1.25060			4
2025.02.06	00:52:37.621		1.25059			4
2025.02.06	00:52:50.234		1.25060			4
2025.02.06	00:52:52.691		1.25059			4
2025.02.06	00:53:00.070	1.25029				2
2025.02.06	00:53:07.438	1.25032				2
2025.02.06	00:53:07.746	1.25031	1.25060			6
2025.02.06	00:53:09.901	1.25032				2
2025.02.06	00:53:16.358	1.25031				2
2025.02.06	00:53:17.896		1.25061			4
2025.02.06	00:53:28.955		1.25060			4
2025.02.06	00:53:29.878		1.25061			4
2025.02.06	00:53:51.386		1.25060			4
2025.02.06	00:53:54.185	1.25032				2
2025.02.06	00:53:59.100	1.25031				2
2025.02.06	00:54:00.020	1.25031				2
2025.02.06	00:54:23.380	1.25030	1.25061			6
2025.02.06	00:54:27.376	1.25031				2
2025.02.06	00:54:40.598		1.25058			4
2025.02.06	00:54:43.049	1.25029				2
2025.02.06	00:54:54.410	1.25032				2
2025.02.06	00:54:55.952		1.25056			4
2025.02.06	00:55:00.255	1.25028	1.25055			6
2025.02.06	00:55:03.336		1.25056			4
2025.02.06	00:55:06.416	1.25032				2
2025.02.06	00:55:12.260	1.25028				2
2025.02.06	00:55:18.723		1.25057			4
2025.02.06	00:55:19.648		1.25058			4
2025.02.06	00:55:40.562		1.25061			4
2025.02.06	00:55:45.484		1.25059			4
2025.02.06	00:55:50.706		1.25060			4
2025.02.06	00:55:59.001	1.25031	1.25061			6
2025.02.06	00:55:59.308	1.25028	1.25059			6
2025.02.06	00:56:00.234	1.25028				2
2025.02.06	00:56:05.155		1.25060			4
2025.02.06	00:56:09.154		1.25059			4
2025.02.06	00:56:13.461		1.25060			4
2025.02.06	00:56:20.225	1.25027	1.25056			6
2025.02.06	00:56:50.655	1.25026				2
2025.02.06	00:57:00.187	1.25026				2
2025.02.06	00:57:20.475		1.25056			4
2025.02.06	00:58:00.134	1.25026				2
2025.02.06	00:58:20.716		1.25056			4
2025.02.06	00:58:21.022		1.25057			4
2025.02.06	00:58:38.533	1.25025				2
2025.02.06	00:59:00.014	1.25025				2
2025.02.06	00:59:01.549		1.25060			4
2025.02.06	00:59:17.527	1.25028	1.25062			6
2025.02.06	01:00:00.218	1.25047	1.25053			6
2025.02.06	01:00:00.524	1.25041	1.25045			6
2025.02.06	01:00:00.826	1.25038	1.25043			6
2025.02.06	01:00:01.134	1.25037				2
2025.02.06	01:00:01.448	1.25035	1.25042			6
2025.02.06	01:00:01.749		1.25043			4
2025.02.06	01:00:02.050		1.25041			4
2025.02.06	01:00:02.355	1.25031	1.25042			6
2025.02.06	01:00:02.959	1.25030	1.25041			6
2025.02.06	01:00:03.262	1.25031	1.25042			6
2025.02.06	01:00:03.567	1.25030	1.25041			6
2025.02.06	01:00:03.880	1.25031	1.25042			6
2025.02.06	01:00:04.191		1.25041			4
2025.02.06	01:00:04.496		1.25038			4
2025.02.06	01:00:05.101	1.25030				2
2025.02.06	01:00:06.611	1.25029				2
2025.02.06	01:00:07.214	1.25030				2
2025.02.06	01:00:09.354	1.25035				2
2025.02.06	01:00:10.277	1.25032				2
2025.02.06	01:00:10.886	1.25031				2
2025.02.06	01:00:11.494	1.25030				2
2025.02.06	01:00:13.645		1.25039			4
2025.02.06	01:00:14.874	1.25029	1.25034			6
2025.02.06	01:00:16.103	1.25034	1.25043			6
2025.02.06	01:00:16.720	1.25037	1.25046			6
2025.02.06	01:00:17.025	1.25039	1.25048			6
2025.02.06	01:00:17.328		1.25049			4
2025.02.06	01:00:19.779	1.25033	1.25042			6
2025.02.06	01:00:20.084	1.25034				2
2025.02.06	01:00:21.308	1.25033				2
2025.02.06	01:00:24.069	1.25034				2
2025.02.06	01:00:24.379	1.25035				2
2025.02.06	01:00:26.837	1.25034				2
2025.02.06	01:00:27.141	1.25035				2
2025.02.06	01:00:29.276	1.25036				2
2025.02.06	01:00:29.893	1.25035				2
2025.02.06	01:00:31.135	1.25036				2
2025.02.06	01:00:31.438	1.25030	1.25039			6
2025.02.06	01:00:31.743	1.25033				2
2025.02.06	01:00:32.053	1.25035				2
2025.02.06	01:00:33.886	1.25030	1.25034			6
2025.02.06	01:00:34.192	1.25029				2
2025.02.06	01:00:34.802	1.25028	1.25030			6
2025.02.06	01:00:36.316	1.25029				2
2025.02.06	01:00:36.935		1.25031			4
2025.02.06	01:00:37.844		1.25030			4
2025.02.06	01:00:40.287	1.25030	1.25031			6
2025.02.06	01:00:41.498	1.25028	1.25029			6
2025.02.06	01:00:41.801	1.25027	1.25028			6
2025.02.06	01:00:52.527	1.25022	1.25023			6
2025.02.06	01:01:00.175	1.25022				2
2025.02.06	01:01:02.613	1.25025	1.25029			6
2025.02.06	01:01:02.913	1.25026	1.25028			6
2025.02.06	01:01:04.124	1.25025				2
2025.02.06	01:01:08.991	1.25026				2
2025.02.06	01:01:12.052	1.25028	1.25029			6
2025.02.06	01:01:12.359	1.25027	1.25028			6
2025.02.06	01:01:12.663	1.25025				2
2025.02.06	01:01:43.275	1.25024				2
2025.02.06	01:01:45.419	1.25021	1.25022			6
2025.02.06	01:01:46.344	1.25020				2
2025.02.06	01:01:47.261	1.25021				2
2025.02.06	01:01:48.180	1.25016	1.25019			6
2025.02.06	01:01:48.485	1.25017				2
2025.02.06	01:02:00.111	1.25017				2
2025.02.06	01:02:00.724	1.25016				2
2025.02.06	01:02:01.645	1.25012	1.25013			6
2025.02.06	01:02:01.949	1.25011	1.25012			6
2025.02.06	01:02:02.260	1.25010				2
2025.02.06	01:02:07.444	1.25009				2
2025.02.06	01:02:11.128	1.25008				2
2025.02.06	01:02:12.652	1.25007				2
2025.02.06	01:02:22.074	1.25006	1.25011			6
2025.02.06	01:02:30.326	1.25007				2
2025.02.06	01:02:35.529	1.25006	1.25008			6
2025.02.06	01:02:35.839	1.25005				2
2025.02.06	01:02:51.130	1.25006				2
2025.02.06	01:02:51.752	1.25005				2
2025.02.06	01:02:52.063	1.25006				2
2025.02.06	01:02:52.370	1.25005				2
2025.02.06	01:02:52.680	1.25006				2
2025.02.06	01:03:00.287	1.25006				2
2025.02.06	01:03:00.590	1.25004				2
2025.02.06	01:03:01.801	1.25003	1.25007			6
2025.02.06	01:03:02.709	1.25002	1.25006			6
2025.02.06	01:03:03.620	1.25003	1.25007			6
2025.02.06	01:03:22.295	1.25002	1.25004			6
2025.02.06	01:03:22.601		1.25006			4
2025.02.06	01:03:22.911	1.25003	1.25007			6
2025.02.06	01:03:33.901	1.25002	1.25006			6
2025.02.06	01:03:35.135	1.25003	1.25007			6
2025.02.06	01:03:56.659	1.25004	1.25008			6
2025.02.06	01:04:00.007	1.25004				2
2025.02.06	01:04:05.501	1.25005	1.25009			6
2025.02.06	01:04:10.093	1.25004	1.25008			6
2025.02.06	01:04:13.768	1.25005	1.25009			6
2025.02.06	01:05:00.016	1.25005				2
2025.02.06	01:05:12.877	1.25009	1.25011			6
2025.02.06	01:05:26.047		1.25013			4
2025.02.06	01:05:27.585	1.25018	1.25022			6
2025.02.06	01:05:27.893	1.25019	1.25023			6
2025.02.06	01:05:28.196	1.25018	1.25022			6
2025.02.06	01:05:32.222		1.25023			4
2025.02.06	01:05:37.423		1.25020			4
2025.02.06	01:06:00.136	1.25018				2
2025.02.06	01:06:06.584	1.25019				2
2025.02.06	01:06:32.448		1.25021			4
2025.02.06	01:06:36.106	1.25020				2
2025.02.06	01:06:38.244	1.25019				2
2025.02.06	01:07:00.076	1.25019				2
2025.02.06	01:07:00.384	1.25020				2
2025.02.06	01:07:00.686	1.25016				2
2025.02.06	01:07:00.993		1.25019			4
2025.02.06	01:07:05.921	1.25015				2
2025.02.06	01:07:06.538	1.25016				2
2025.02.06	01:07:19.795	1.25018	1.25020			6
2025.02.06	01:07:42.270	1.25019				2
2025.02.06	01:07:48.110	1.25016	1.25019			6
2025.02.06	01:08:00.138	1.25016				2
2025.02.06	01:08:12.697		1.25020			4
2025.02.06	01:08:13.001	1.25019				2
2025.02.06	01:08:14.223	1.25018				2
2025.02.06	01:08:14.527		1.25021			4
2025.02.06	01:08:18.540	1.25019				2
2025.02.06	01:08:28.382	1.25017	1.25019			6
2025.02.06	01:08:28.687	1.25016				2
2025.02.06	01:08:41.247	1.25015				2
2025.02.06	01:08:42.475	1.25016				2
2025.02.06	01:09:00.223	1.25016	1.25017			6
2025.02.06	01:09:00.525	1.25002	1.25005			6
2025.02.06	01:09:00.843		1.25004			4
2025.02.06	01:09:01.150	1.25000				2
2025.02.06	01:09:03.301	1.25001	1.25005			6
2025.02.06	01:09:11.300		1.25004			4
2025.02.06	01:09:13.145	1.25000				2
2025.02.06	01:09:15.916	1.25001				2
2025.02.06	01:09:22.968		1.25005			4
2025.02.06	01:09:28.489	1.25007	1.25011			6
2025.02.06	01:09:28.798	1.25009	1.25014			6
2025.02.06	01:09:32.780	1.25008				2
2025.02.06	01:09:33.389	1.25009				2
2025.02.06	01:09:41.393	1.25010				2
2025.02.06	01:09:57.716	1.25014	1.25020			6
2025.02.06	01:10:00.177	1.25014				2
2025.02.06	01:10:00.481	1.25018	1.25021			6
2025.02.06	01:10:01.404	1.25014	1.25020			6
2025.02.06	01:10:16.115	1.25015	1.25021			6
2025.02.06	01:10:23.503	1.25014	1.25020			6
2025.02.06	01:10:24.121	1.25015	1.25021			6
2025.02.06	01:10:33.680	1.25014	1.25020			6
2025.02.06	01:10:34.912	1.25015				2
2025.02.06	01:10:35.217		1.25021			4
2025.02.06	01:10:37.068	1.25016				2
2025.02.06	01:10:40.453	1.25017				2
2025.02.06	01:10:40.762	1.25016	1.25020			6
2025.02.06	01:10:42.618		1.25021			4
2025.02.06	01:10:44.777	1.25017				2
2025.02.06	01:10:46.948	1.25016	1.25020			6
2025.02.06	01:10:47.253	1.25017				2
2025.02.06	01:10:51.572	1.25020	1.25022			6
2025.02.06	01:10:57.133	1.25019				2
2025.02.06	01:11:00.218	1.25019				2
2025.02.06	01:11:02.693	1.25010	1.25012			6
2025.02.06	01:11:03.005	1.25009				2
2025.02.06	01:11:03.318	1.25008				2
2025.02.06	01:11:03.624	1.25009				2
2025.02.06	01:11:05.172	1.25007				2
2025.02.06	01:11:08.248		1.25013			4
2025.02.06	01:11:16.262	1.25008				2
2025.02.06	01:11:36.309		1.25012			4
2025.02.06	01:11:40.005		1.25013			4
2025.02.06	01:11:46.772		1.25012			4
2025.02.06	01:11:47.078		1.25013			4
2025.02.06	01:11:55.347	1.25007	1.25009			6
2025.02.06	01:11:55.657	1.25004				2
2025.02.06	01:12:00.294	1.25004				2
2025.02.06	01:12:11.698	1.25003	1.25008			6
2025.02.06	01:12:12.004	1.25002	1.25005			6
2025.02.06	01:12:18.799	1.25001	1.25004			6
2025.02.06	01:12:19.106		1.25002			4
2025.02.06	01:12:19.421	1.25000				2
2025.02.06	01:12:30.868	1.24999				2
2025.02.06	01:12:33.949	1.25003	1.25004			6
2025.02.06	01:12:34.876	1.25001	1.25002			6
2025.02.06	01:12:35.187		1.25003			4
2025.02.06	01:12:38.273		1.25002			4
2025.02.06	01:12:49.064	1.24999				2
2025.02.06	01:12:59.868	1.24997				2
2025.02.06	01:13:00.178	1.24997				2
2025.02.06	01:13:03.874	1.24998	1.25003			6
2025.02.06	01:13:04.483	1.25003	1.25006			6
2025.02.06	01:13:20.239	1.25002				2
2025.02.06	01:13:21.159	1.25003				2
2025.02.06	01:13:49.464	1.25002	1.25005			6
2025.02.06	01:13:49.769	1.24999	1.25003			6
2025.02.06	01:13:53.162		1.25002			4
2025.02.06	01:14:00.270	1.24999				2
2025.02.06	01:14:15.729	1.24998				2
2025.02.06	01:14:19.131	1.24994	1.24998			6
2025.02.06	01:14:19.438	1.24993	1.24997			6
2025.02.06	01:14:20.054	1.24994	1.24998			6
2025.02.06	01:14:20.362	1.24993				2
2025.02.06	01:14:27.745	1.24992	1.24997			6
2025.02.06	01:14:36.084	1.24993	1.24998			6
2025.02.06	01:14:40.100		1.24997			4
2025.02.06	01:14:48.469	1.24994	1.24998			6
2025.02.06	01:14:52.761	1.24997	1.25000			6
2025.02.06	01:15:00.164	1.24997	1.24999			6
2025.02.06	01:15:00.472	1.24993	1.24997			6
2025.02.06	01:15:01.394	1.24994	1.24998			6
2025.02.06	01:15:02.636	1.24995				2
2025.02.06	01:15:07.268		1.24999			4
2025.02.06	01:15:14.371	1.24996				2
2025.02.06	01:15:17.448	1.24995				2
2025.02.06	01:15:26.393	1.24996				2
2025.02.06	01:15:26.701	1.24997	1.25001			6
2025.02.06	01:15:33.177	1.24995	1.24998			6
2025.02.06	01:15:33.783	1.24996	1.25001			6
2025.02.06	01:15:37.168	1.24997				2
2025.02.06	01:15:46.729	1.24998	1.25002			6
2025.02.06	01:15:50.741	1.25001	1.25005			6
2025.02.06	01:15:51.050		1.25006			4
2025.02.06	01:15:52.292	1.25002				2
2025.02.06	01:15:57.532	1.25003	1.25007			6
2025.02.06	01:15:57.836		1.25008			4
2025.02.06	01:16:00.307	1.25003	1.25007			6
2025.02.06	01:16:01.849		1.25008			4
2025.02.06	01:16:04.014		1.25007			4
2025.02.06	01:16:04.322		1.25008			4
2025.02.06	01:16:10.180	1.25006	1.25011			6
2025.02.06	01:16:10.486	1.25007	1.25012			6
2025.02.06	01:16:12.342	1.25008				2
2025.02.06	01:16:12.645	1.25009	1.25013			6
2025.02.06	01:16:13.871		1.25012			4
2025.02.06	01:16:14.177		1.25013			4
2025.02.06	01:16:18.485	1.25010				2
2025.02.06	01:16:19.727	1.25011	1.25015			6
2025.02.06	01:16:20.344		1.25016			4
2025.02.06	01:16:24.969	1.25012				2
2025.02.06	01:16:26.506		1.25017			4
2025.02.06	01:16:26.810		1.25016			4
2025.02.06	01:16:29.262		1.25017			4
2025.02.06	01:16:29.571		1.25016			4
2025.02.06	01:16:38.448		1.25017			4
2025.02.06	01:16:38.753		1.25016			4
2025.02.06	01:16:43.981	1.25013				2
2025.02.06	01:16:48.562	1.25014				2
2025.02.06	01:16:49.488		1.25017			4
2025.02.06	01:16:52.573	1.25017	1.25018			6
2025.02.06	01:16:53.182	1.25014	1.25017			6
2025.02.06	01:16:54.114	1.25013				2
2025.02.06	01:16:58.119	1.25014				2
2025.02.06	01:17:00.273	1.25014				2
2025.02.06	01:17:08.896		1.25018			4
2025.02.06	01:17:09.203		1.25017			4
2025.02.06	01:17:11.054		1.25018			4
2025.02.06	01:17:11.366		1.25017			4
2025.02.06	01:17:14.453	1.25015				2
2025.02.06	01:17:15.685	1.25014	1.25018			6
2025.02.06	01:17:19.690	1.25015	1.25019			6
2025.02.06	01:17:19.999	1.25016				2
2025.02.06	01:17:20.303		1.25020			4
2025.02.06	01:17:21.225	1.25015	1.25019			6
2025.02.06	01:17:22.147	1.25016				2
2025.02.06	01:17:22.457	1.25015				2
2025.02.06	01:17:22.759	1.25016				2
2025.02.06	01:17:23.114	1.25015				2
2025.02.06	01:17:23.420	1.25016	1.25020			6
2025.02.06	01:17:24.034		1.25019			4
2025.02.06	01:17:24.357		1.25020			4
2025.02.06	01:17:24.673	1.25018	1.25023			6
2025.02.06	01:17:24.981	1.25017	1.25022			6
2025.02.06	01:17:25.287	1.25018	1.25023			6
2025.02.06	01:17:31.156	1.25019				2
2025.02.06	01:17:32.393	1.25020				2
2025.02.06	01:17:32.702	1.25019	1.25022			6
2025.02.06	01:17:34.862	1.25020				2
2025.02.06	01:17:36.096	1.25019				2
2025.02.06	01:17:37.641		1.25021			4
2025.02.06	01:17:37.942	1.25018				2
2025.02.06	01:17:38.560	1.25017	1.25020			6
2025.02.06	01:17:38.866		1.25021			4
2025.02.06	01:17:39.178	1.25016				2
2025.02.06	01:17:39.486		1.25019			4
2025.02.06	01:17:40.406	1.25015				2
2025.02.06	01:17:41.336	1.25016				2
2025.02.06	01:17:43.187		1.25020			4
2025.02.06	01:17:43.804		1.25019			4
2025.02.06	01:17:44.112	1.25017	1.25020			6
2025.02.06	01:17:44.413	1.25016				2
2025.02.06	01:17:45.022	1.25017				2
2025.02.06	01:17:45.644	1.25016	1.25018			6
2025.02.06	01:17:47.798		1.25019			4
2025.02.06	01:17:48.099		1.25018			4
2025.02.06	01:17:49.023		1.25019			4
2025.02.06	01:17:51.491	1.25017				2
2025.02.06	01:17:52.416	1.25016				2
2025.02.06	01:17:55.186	1.25017				2
2025.02.06	01:17:56.722	1.25018	1.25020			6
2025.02.06	01:17:57.027		1.25021			4
2025.02.06	01:17:57.945		1.25020			4
2025.02.06	01:17:58.559		1.25021			4
2025.02.06	01:17:58.860		1.25020			4
2025.02.06	01:17:59.779		1.25021			4
2025.02.06	01:18:00.085	1.25018				2
2025.02.06	01:18:03.768		1.25020			4
2025.02.06	01:18:04.377		1.25021			4
2025.02.06	01:18:05.302	1.25015	1.25019			6
2025.02.06	01:18:45.661	1.25019	1.25023			6
2025.02.06	01:18:52.785		1.25022			4
2025.02.06	01:18:53.712		1.25023			4
2025.02.06	01:18:59.871		1.25022			4
2025.02.06	01:19:00.179	1.25019				2
2025.02.06	01:19:07.878	1.25017	1.25021			6
2025.02.06	01:19:09.415	1.25018	1.25022			6
2025.02.06	01:19:13.413	1.25022	1.25025			6
2025.02.06	01:19:13.728		1.25026			4
2025.02.06	01:19:15.262		1.25027			4
2025.02.06	01:19:20.805		1.25026			4
2025.02.06	01:19:26.891	1.25023				2
2025.02.06	01:19:27.811		1.25027			4
2025.02.06	01:19:28.121		1.25026			4
2025.02.06	01:19:32.142		1.25027			4
2025.02.06	01:19:35.227		1.25026			4
2025.02.06	01:19:37.377		1.25027			4
2025.02.06	01:19:43.225		1.25026			4
2025.02.06	01:19:46.302	1.25024	1.25027			6
2025.02.06	01:19:46.605	1.25025	1.25029			6
2025.02.06	01:19:46.922	1.25024	1.25028			6
2025.02.06	01:19:47.545	1.25025	1.25029			6
2025.02.06	01:19:53.996	1.25026				2
2025.02.06	01:19:56.767	1.25025				2
2025.02.06	01:19:57.691	1.25024	1.25027			6
2025.02.06	01:20:00.155	1.25024				2
2025.02.06	01:20:05.076	1.25032	1.25036			6
2025.02.06	01:20:05.385		1.25035			4
2025.02.06	01:20:05.690		1.25036			4
2025.02.06	01:20:07.848		1.25035			4
2025.02.06	01:20:08.781		1.25036			4
2025.02.06	01:20:13.705	1.25028	1.25033			6
2025.02.06	01:20:18.627	1.25030	1.25034			6
2025.02.06	01:20:19.549	1.25032	1.25037			6
2025.02.06	01:20:19.859		1.25036			4
2025.02.06	01:20:22.630		1.25037			4
2025.02.06	01:20:22.942		1.25036			4
2025.02.06	01:20:29.703	1.25033	1.25037			6
2025.02.06	01:20:33.091	1.25032	1.25036			6
2025.02.06	01:20:35.249		1.25034			4
2025.02.06	01:20:35.868	1.25031				2
2025.02.06	01:20:38.318		1.25037			4
2025.02.06	01:20:39.540		1.25038			4
2025.02.06	01:20:39.848		1.25037			4
2025.02.06	01:20:44.436		1.25038			4
2025.02.06	01:20:46.269		1.25037			4
2025.02.06	01:20:47.492	1.25033	1.25039			6
2025.02.06	01:20:56.983	1.25034	1.25040			6
2025.02.06	01:20:57.292	1.25035	1.25041			6
2025.02.06	01:20:57.902	1.25034	1.25040			6
2025.02.06	01:20:58.202	1.25036	1.25041			6
2025.02.06	01:20:58.521	1.25034	1.25040			6
2025.02.06	01:20:58.823	1.25035	1.25041			6
2025.02.06	01:21:00.060	1.25035				2
2025.02.06	01:21:00.366	1.25034	1.25040			6
2025.02.06	01:21:04.371	1.25035	1.25041			6
2025.02.06	01:21:04.684	1.25034	1.25040			6
2025.02.06	01:21:05.604	1.25035	1.25041			6
2025.02.06	01:21:11.148	1.25034	1.25039			6
2025.02.06	01:21:11.451	1.25033				2
2025.02.06	01:21:19.162	1.25034				2
2025.02.06	01:21:25.325	1.25031	1.25036			6
2025.02.06	01:21:25.949	1.25030	1.25035			6
2025.02.06	01:21:26.252		1.25036			4
2025.02.06	01:21:30.248	1.25031				2
2025.02.06	01:21:32.395	1.25030	1.25035			6
2025.02.06	01:21:33.325	1.25031	1.25036			6
2025.02.06	01:21:33.628	1.25032	1.25037			6
2025.02.06	01:21:34.241		1.25038			4
2025.02.06	01:21:34.550	1.25033				2
2025.02.06	01:21:35.167		1.25037			4
2025.02.06	01:21:36.403	1.25034	1.25039			6
2025.02.06	01:21:37.334	1.25033				2
2025.02.06	01:21:38.259	1.25034				2
2025.02.06	01:21:56.731	1.25035	1.25040			6
2025.02.06	01:21:57.040	1.25043	1.25048			6
2025.02.06	01:21:57.347	1.25046	1.25049			6
2025.02.06	01:21:57.965	1.25045				2
2025.02.06	01:21:58.276	1.25044	1.25050			6
2025.02.06	01:22:00.132	1.25044				2
2025.02.06	01:22:01.053		1.25049			4
2025.02.06	01:22:01.363		1.25050			4
2025.02.06	01:22:04.442	1.25043	1.25049			6
2025.02.06	01:22:13.056	1.25039	1.25045			6
2025.02.06	01:22:14.286		1.25046			4
2025.02.06	01:22:17.368	1.25040				2
2025.02.06	01:22:17.984	1.25039				2
2025.02.06	01:22:19.217	1.25040				2
2025.02.06	01:22:43.149		1.25045			4
2025.02.06	01:22:44.076		1.25046			4
2025.02.06	01:22:49.003	1.25043	1.25049			6
2025.02.06	01:22:52.380	1.25042	1.25048			6
2025.02.06	01:22:52.697	1.25043	1.25049			6
2025.02.06	01:22:53.928		1.25048			4
2025.02.06	01:22:54.236	1.25042				2
2025.02.06	01:22:55.160	1.25043	1.25049			6
2025.02.06	01:22:56.696	1.25042	1.25048			6
2025.02.06	01:22:57.006	1.25043	1.25049			6
2025.02.06	01:23:00.084	1.25043				2
2025.02.06	01:23:01.315	1.25045				2
2025.02.06	01:23:02.242	1.25043				2
2025.02.06	01:23:04.706	1.25044	1.25048			6
2025.02.06	01:23:05.014		1.25049			4
2025.02.06	01:23:05.322	1.25045				2
2025.02.06	01:23:06.550	1.25046				2
2025.02.06	01:23:21.660		1.25051			4
2025.02.06	01:23:30.608	1.25047				2
2025.02.06	01:23:30.919	1.25046				2
2025.02.06	01:23:36.155	1.25047				2
2025.02.06	01:23:37.379	1.25045	1.25049			6
2025.02.06	01:23:38.293	1.25044				2
2025.02.06	01:23:46.301		1.25048			4
2025.02.06	01:23:46.611	1.25045	1.25049			6
2025.02.06	01:23:48.154	1.25044	1.25048			6
2025.02.06	01:23:53.963	1.25042	1.25046			6
2025.02.06	01:24:00.029	1.25042				2
2025.02.06	01:24:07.347	1.25045	1.25049			6
2025.02.06	01:24:08.561	1.25047	1.25050			6
2025.02.06	01:24:09.165		1.25051			4
2025.02.06	01:24:09.468	1.25052	1.25057			6
2025.02.06	01:24:10.383	1.25051				2
2025.02.06	01:24:18.406	1.25052				2
2025.02.06	01:24:21.499	1.25051				2
2025.02.06	01:24:23.659	1.25052				2
2025.02.06	01:24:24.580	1.25053	1.25059			6
2025.02.06	01:24:25.194		1.25058			4
2025.02.06	01:24:28.282	1.25054				2
2025.02.06	01:24:41.888	1.25053				2
2025.02.06	01:24:42.191	1.25051	1.25056			6
2025.02.06	01:24:45.249	1.25050	1.25055			6
2025.02.06	01:24:45.861		1.25054			4
2025.02.06	01:24:46.478		1.25055			4
2025.02.06	01:24:48.320	1.25051	1.25056			6
2025.02.06	01:24:50.458	1.25050	1.25055			6
2025.02.06	01:24:51.997	1.25051	1.25056			6
2025.02.06	01:24:56.297		1.25055			4
2025.02.06	01:25:00.248	1.25051				2
2025.02.06	01:25:01.169	1.25054	1.25058			6
2025.02.06	01:25:01.470	1.25053	1.25057			6
2025.02.06	01:25:01.776	1.25054	1.25058			6
2025.02.06	01:25:02.381		1.25059			4
2025.02.06	01:25:03.306	1.25053	1.25058			6
2025.02.06	01:25:10.101		1.25057			4
2025.02.06	01:25:12.851	1.25051	1.25055			6
2025.02.06	01:25:14.371		1.25056			4
2025.02.06	01:25:14.987	1.25053	1.25058			6
2025.02.06	01:25:16.840	1.25050	1.25055			6
2025.02.06	01:25:17.146	1.25051	1.25056			6
2025.02.06	01:25:19.620	1.25050	1.25055			6
2025.02.06	01:25:21.153	1.25051	1.25056			6
2025.02.06	01:25:27.331	1.25052				2
2025.02.06	01:25:28.561	1.25051	1.25055			6
2025.02.06	01:25:31.336	1.25052	1.25056			6
2025.02.06	01:25:33.177	1.25053	1.25057			6
2025.02.06	01:25:34.716	1.25054	1.25058			6
2025.02.06	01:25:37.493	1.25056	1.25059			6
2025.02.06	01:25:38.415		1.25060			4
2025.02.06	01:25:44.593	1.25055	1.25059			6
2025.02.06	01:25:46.446	1.25056	1.25060			6
2025.02.06	01:25:59.359		1.25059			4
2025.02.06	01:25:59.669	1.25065	1.25068			6
2025.02.06	01:25:59.973		1.25067			4
2025.02.06	01:26:00.288	1.25063				2
2025.02.06	01:26:00.592	1.25064				2
2025.02.06	01:26:01.214	1.25063				2
2025.02.06	01:26:07.401	1.25062				2
2025.02.06	01:26:07.702	1.25063				2
2025.02.06	01:26:14.181	1.25064				2
2025.02.06	01:26:15.417	1.25063				2
2025.02.06	01:26:15.728	1.25064				2
2025.02.06	01:26:16.035	1.25063				2
2025.02.06	01:26:22.155	1.25064				2
2025.02.06	01:26:24.080	1.25062				2
2025.02.06	01:26:25.302	1.25061				2
2025.02.06	01:26:27.144		1.25066			4
2025.02.06	01:26:33.284	1.25062				2
2025.02.06	01:26:44.680	1.25061				2
2025.02.06	01:26:47.151	1.25062				2
2025.02.06	01:26:54.184	1.25061	1.25065			6
2025.02.06	01:26:54.792	1.25062	1.25066			6
2025.02.06	01:26:55.711	1.25061	1.25065			6
2025.02.06	01:26:58.177	1.25062	1.25066			6
2025.02.06	01:27:00.014	1.25062				2
2025.02.06	01:27:00.322	1.25061	1.25065			6
2025.02.06	01:27:00.631	1.25062	1.25066			6
2025.02.06	01:27:03.092	1.25061	1.25065			6
2025.02.06	01:27:06.481	1.25062	1.25066			6
2025.02.06	01:27:09.881	1.25061	1.25065			6
2025.02.06	01:27:16.356	1.25062				2
2025.02.06	01:27:20.020	1.25055	1.25058			6
2025.02.06	01:27:21.233	1.25053	1.25059			6
2025.02.06	01:27:22.158	1.25054				2
2025.02.06	01:27:30.282	1.25045	1.25051			6
2025.02.06	01:27:30.895	1.25049	1.25054			6
2025.02.06	01:27:31.511		1.25055			4
2025.02.06	01:27:41.970		1.25054			4
2025.02.06	01:27:42.276	1.25046	1.25052			6
2025.02.06	01:27:49.658	1.25047				2
2025.02.06	01:27:53.344		1.25051			4
2025.02.06	01:28:00.114	1.25047				2
2025.02.06	01:28:40.327	1.25048				2
2025.02.06	01:28:53.465		1.25051			4
2025.02.06	01:29:00.194	1.25048				2
2025.02.06	01:29:11.487	1.25046	1.25049			6
2025.02.06	01:29:12.401	1.25047	1.25050			6
2025.02.06	01:29:19.092	1.25043	1.25047			6
2025.02.06	01:29:29.371		1.25046			4
2025.02.06	01:29:30.584	1.25045	1.25047			6
2025.02.06	01:29:32.731	1.25043				2
2025.02.06	01:29:37.349	1.25047	1.25050			6
2025.02.06	01:29:37.657		1.25049			4
2025.02.06	01:29:38.276	1.25046				2
2025.02.06	01:29:38.582	1.25047				2
2025.02.06	01:29:39.198		1.25050			4
2025.02.06	01:29:40.128		1.25051			4
2025.02.06	01:29:42.280	1.25048				2
2025.02.06	01:30:00.128	1.25048	1.25049			6
2025.02.06	01:30:00.431	1.25047	1.25050			6
2025.02.06	01:30:01.962	1.25048	1.25051			6
2025.02.06	01:30:02.264	1.25045	1.25048			6
2025.02.06	01:30:03.805	1.25046	1.25049			6
2025.02.06	01:30:07.800	1.25045				2
2025.02.06	01:30:13.951	1.25046	1.25050			6
2025.02.06	01:30:20.113		1.25049			4
2025.02.06	01:30:21.333	1.25045	1.25048			6
2025.02.06	01:30:24.982	1.25046	1.25049			6
2025.02.06	01:30:25.286	1.25047	1.25050			6
2025.02.06	01:30:25.599	1.25046	1.25049			6
2025.02.06	01:30:26.824	1.25055	1.25058			6
2025.02.06	01:30:27.132	1.25054	1.25057			6
2025.02.06	01:30:27.441	1.25055	1.25058			6
2025.02.06	01:30:31.456	1.25052	1.25055			6
2025.02.06	01:30:36.379		1.25056			4
2025.02.06	01:30:39.456		1.25055			4
2025.02.06	01:30:39.761	1.25053	1.25059			6
2025.02.06	01:30:40.990	1.25051	1.25055			6
2025.02.06	01:30:49.605	1.25048	1.25054			6
2025.02.06	01:31:00.058	1.25048				2
2025.02.06	01:31:02.211	1.25045	1.25049			6
2025.02.06	01:31:02.519		1.25050			4
2025.02.06	01:31:02.828	1.25044	1.25049			6
2025.02.06	01:31:11.754		1.25050			4
2025.02.06	01:31:25.318	1.25046				2
2025.02.06	01:31:28.403	1.25040	1.25045			6
2025.02.06	01:31:28.708		1.25046			4
2025.02.06	01:31:29.941	1.25045	1.25050			6
2025.02.06	01:31:39.177		1.25051			4
2025.02.06	01:31:39.480		1.25050			4
2025.02.06	01:31:54.878		1.25049			4
2025.02.06	01:31:56.111	1.25044				2
2025.02.06	01:31:58.274	1.25045				2
2025.02.06	01:32:00.112	1.25045				2
2025.02.06	01:32:10.556	1.25044				2
2025.02.06	01:32:15.138	1.25045				2
2025.02.06	01:32:15.754	1.25044	1.25048			6
2025.02.06	01:32:30.269	1.25045				2
2025.02.06	01:33:00.162	1.25045				2
2025.02.06	01:33:00.774	1.25044	1.25047			6
2025.02.06	01:33:01.080	1.25045	1.25048			6
2025.02.06	01:33:02.302		1.25047			4
2025.02.06	01:33:02.610	1.25044				2
2025.02.06	01:33:06.263	1.25043	1.25046			6
2025.02.06	01:33:07.479	1.25044	1.25047			6
2025.02.06	01:33:12.345	1.25042	1.25045			6
2025.02.06	01:33:12.649	1.25041	1.25044			6
2025.02.06	01:33:20.886	1.25040	1.25043			6
2025.02.06	01:33:25.143	1.25039	1.25042			6
2025.02.06	01:33:36.122	1.25037	1.25040			6
2025.02.06	01:33:36.424	1.25036	1.25039			6
2025.02.06	01:33:37.350	1.25035				2
2025.02.06	01:33:38.267	1.25036				2
2025.02.06	01:33:38.880	1.25035	1.25038			6
2025.02.06	01:34:00.298	1.25035				2
2025.02.06	01:34:07.952	1.25034	1.25037			6
2025.02.06	01:34:08.260	1.25035	1.25038			6
2025.02.06	01:34:13.490	1.25034	1.25037			6
2025.02.06	01:34:13.799	1.25033	1.25036			6
2025.02.06	01:34:16.563		1.25034			4
2025.02.06	01:34:16.869	1.25031				2
2025.02.06	01:34:18.099	1.25032	1.25035			6
2025.02.06	01:34:33.487	1.25031	1.25034			6
2025.02.06	01:34:35.330	1.25026	1.25029			6
2025.02.06	01:34:36.246	1.25025	1.25030			6
2025.02.06	01:34:38.707	1.25028	1.25033			6
2025.02.06	01:34:39.322		1.25034			4
2025.02.06	01:34:47.623		1.25033			4
2025.02.06	01:34:49.471	1.25026	1.25031			6
2025.02.06	01:34:50.393		1.25032			4
2025.02.06	01:34:51.321		1.25031			4
2025.02.06	01:34:53.466	1.25025	1.25030			6
2025.02.06	01:35:00.204	1.25026				2
2025.02.06	01:35:00.506	1.25029	1.25033			6
2025.02.06	01:35:00.807	1.25030				2
2025.02.06	01:35:01.118		1.25034			4
2025.02.06	01:35:01.421	1.25028				2
2025.02.06	01:35:05.738	1.25030				2
2025.02.06	01:35:06.041	1.25028				2
2025.02.06	01:35:06.347	1.25029				2
2025.02.06	01:35:06.961	1.25028	1.25033			6
2025.02.06	01:35:17.355		1.25032			4
2025.02.06	01:35:28.682	1.25025	1.25029			6
2025.02.06	01:35:30.216	1.25024				2
2025.02.06	01:35:34.221	1.25025				2
2025.02.06	01:35:39.450		1.25028			4
2025.02.06	01:35:39.761	1.25024				2
2025.02.06	01:35:40.071	1.25025				2
2025.02.06	01:35:40.374		1.25029			4
2025.02.06	01:35:41.916	1.25024	1.25028			6
2025.02.06	01:35:42.227	1.25025				2
2025.02.06	01:35:43.149	1.25024				2
2025.02.06	01:35:47.146	1.25025				2
2025.02.06	01:35:48.361	1.25024	1.25027			6
2025.02.06	01:35:50.197	1.25023	1.25026			6
2025.02.06	01:35:54.452	1.25024	1.25027			6
2025.02.06	01:35:55.672	1.25023	1.25026			6
2025.02.06	01:35:55.978	1.25024	1.25027			6
2025.02.06	01:35:56.893	1.25023	1.25026			6
2025.02.06	01:35:57.195	1.25024	1.25027			6
2025.02.06	01:36:00.259	1.25024				2
2025.02.06	01:36:02.386	1.25023	1.25026			6
2025.02.06	01:36:02.998	1.25024	1.25027			6
2025.02.06	01:36:11.837	1.25023	1.25026			6
2025.02.06	01:36:27.829	1.25024	1.25027			6
2025.02.06	01:36:32.138	1.25023	1.25026			6
2025.02.06	01:36:33.062	1.25019	1.25022			6
2025.02.06	01:36:34.289		1.25023			4
2025.02.06	01:36:35.219		1.25022			4
2025.02.06	01:36:43.842	1.25021	1.25024			6
2025.02.06	01:36:44.761	1.25020	1.25022			6
2025.02.06	01:36:45.069	1.25019				2
2025.02.06	01:36:46.300		1.25023			4
2025.02.06	01:36:49.696	1.25018	1.25020			6
2025.02.06	01:36:50.001	1.25019	1.25023			6
2025.02.06	01:36:52.148		1.25022			4
2025.02.06	01:36:55.840	1.25018	1.25021			6
2025.02.06	01:36:56.149	1.25019	1.25022			6
2025.02.06	01:37:00.143	1.25019				2
2025.02.06	01:37:00.451	1.25015	1.25018			6
2025.02.06	01:37:29.998		1.25017			4
2025.02.06	01:37:41.390		1.25018			4
2025.02.06	01:37:41.704		1.25017			4
2025.02.06	01:37:44.784		1.25018			4
2025.02.06	01:37:46.016		1.25017			4
2025.02.06	01:37:46.631		1.25018			4
2025.02.06	01:37:46.933		1.25017			4
2025.02.06	01:37:55.862		1.25018			4
2025.02.06	01:37:57.399	1.25016				2
2025.02.06	01:38:00.168	1.25016				2
2025.02.06	01:38:14.018		1.25017			4
2025.02.06	01:38:15.255		1.25018			4
2025.02.06	01:38:31.596		1.25017			4
2025.02.06	01:38:32.223		1.25018			4
2025.02.06	01:39:00.250	1.25016				2
2025.02.06	01:39:02.407	1.25014	1.25017			6
2025.02.06	01:39:02.714	1.25015	1.25018			6
2025.02.06	01:39:03.945	1.25014	1.25017			6
2025.02.06	01:39:04.873	1.25015				2
2025.02.06	01:39:05.180	1.25014				2
2025.02.06	01:39:05.485	1.25015	1.25018			6
2025.02.06	01:39:06.106	1.25014	1.25017			6
2025.02.06	01:39:10.724	1.25015				2
2025.02.06	01:39:11.030	1.25014				2
2025.02.06	01:39:16.881	1.25015				2
2025.02.06	01:39:17.189		1.25018			4
2025.02.06	01:39:19.659	1.25014	1.25017			6
2025.02.06	01:39:22.119	1.25015				2
2025.02.06	01:39:22.430		1.25018			4
2025.02.06	01:39:24.889	1.25014	1.25017			6
2025.02.06	01:39:25.190	1.25015				2
2025.02.06	01:39:25.494	1.25014				2
2025.02.06	01:39:27.344	1.25015				2
2025.02.06	01:39:27.646	1.25014				2
2025.02.06	01:39:29.812	1.25015				2
2025.02.06	01:39:30.121	1.25014				2
2025.02.06	01:39:41.183	1.25015				2
2025.02.06	01:39:41.484	1.25014				2
2025.02.06	01:39:43.317	1.25015				2
2025.02.06	01:39:43.626	1.25014				2
2025.02.06	01:39:45.156	1.25015	1.25018			6
2025.02.06	01:40:00.122	1.25015				2
2025.02.06	01:40:03.181	1.25014	1.25017			6
2025.02.06	01:40:12.685	1.25004	1.25007			6
2025.02.06	01:40:13.300	1.25003	1.25008			6
2025.02.06	01:40:15.766		1.25009			4
2025.02.06	01:40:16.071		1.25010			4
2025.02.06	01:40:17.919		1.25009			4
2025.02.06	01:40:18.841		1.25010			4
2025.02.06	01:40:20.380	1.25005				2
2025.02.06	01:40:25.307		1.25009			4
2025.02.06	01:40:27.159		1.25010			4
2025.02.06	01:40:27.464	1.25004	1.25009			6
2025.02.06	01:40:31.171		1.25010			4
2025.02.06	01:40:32.099	1.25005				2
2025.02.06	01:40:33.331	1.25004				2
2025.02.06	01:40:33.637	1.25005				2
2025.02.06	01:40:36.722	1.25004				2
2025.02.06	01:40:37.340	1.25005				2
2025.02.06	01:40:37.961	1.25006				2
2025.02.06	01:40:41.961	1.25003				2
2025.02.06	01:40:44.111	1.25006				2
2025.02.06	01:40:44.725	1.25004				2
2025.02.06	01:40:45.344	1.25006				2
2025.02.06	01:40:45.645	1.25004				2
2025.02.06	01:40:46.870	1.25005				2
2025.02.06	01:40:51.471		1.25009			4
2025.02.06	01:40:51.779		1.25010			4
2025.02.06	01:40:52.084		1.25009			4
2025.02.06	01:40:53.311		1.25010			4
2025.02.06	01:40:55.450		1.25009			4
2025.02.06	01:41:00.051	1.25005				2
2025.02.06	01:41:10.227		1.25008			4
2025.02.06	01:41:32.078	1.25004				2
2025.02.06	01:41:39.163		1.25007			4
2025.02.06	01:41:42.563	1.25005				2
2025.02.06	01:41:43.174	1.25004				2
2025.02.06	01:41:47.450	1.25005	1.25008			6
2025.02.06	01:41:48.984	1.25006	1.25009			6
2025.02.06	01:41:49.284	1.25005	1.25008			6
2025.02.06	01:41:50.797	1.25006				2
2025.02.06	01:41:51.102	1.25005				2
2025.02.06	01:41:51.403	1.25006	1.25009			6
2025.02.06	01:41:51.705	1.25005	1.25008			6
2025.02.06	01:41:52.314	1.25006	1.25009			6
2025.02.06	01:41:52.915	1.25005	1.25008			6
2025.02.06	01:41:56.588	1.25006	1.25009			6
2025.02.06	01:41:58.117	1.25010	1.25012			6
2025.02.06	01:41:58.422	1.25009				2
2025.02.06	01:41:59.327		1.25013			4
2025.02.06	01:42:00.249	1.25009				2
2025.02.06	01:42:06.116	1.25010	1.25014			6
2025.02.06	01:42:06.421	1.25009	1.25013			6
2025.02.06	01:42:12.272	1.25010				2
2025.02.06	01:42:13.811	1.25009	1.25012			6
2025.02.06	01:42:14.432	1.25010	1.25013			6
2025.02.06	01:42:15.046	1.25009	1.25012			6
2025.02.06	01:42:15.351	1.25010	1.25013			6
2025.02.06	01:42:16.263	1.25009	1.25012			6
2025.02.06	01:42:16.570	1.25010	1.25013			6
2025.02.06	01:42:18.102	1.25009	1.25012			6
2025.02.06	01:42:18.709	1.25010	1.25013			6
2025.02.06	01:42:22.978	1.25005	1.25008			6
2025.02.06	01:42:23.284	1.25010	1.25011			6
2025.02.06	01:42:23.609	1.25009	1.25012			6
2025.02.06	01:42:24.216		1.25013			4
2025.02.06	01:42:25.141	1.25008	1.25014			6
2025.02.06	01:42:35.298	1.25009				2
2025.02.06	01:42:40.222	1.25008	1.25013			6
2025.02.06	01:42:40.527	1.25007	1.25012			6
2025.02.06	01:42:40.833	1.25008	1.25013			6
2025.02.06	01:42:42.686	1.25007	1.25012			6
2025.02.06	01:42:42.989	1.25008	1.25013			6
2025.02.06	01:42:43.905	1.25006	1.25011			6
2025.02.06	01:42:45.131	1.25005				2
2025.02.06	01:42:46.364		1.25010			4
2025.02.06	01:42:50.052	1.25006	1.25011			6
2025.02.06	01:42:55.257	1.25008	1.25013			6
2025.02.06	01:43:00.183	1.25008				2
2025.02.06	01:43:05.108		1.25012			4
2025.02.06	01:43:09.110	1.25009	1.25013			6
2025.02.06	01:43:14.968	1.25010	1.25014			6
2025.02.06	01:43:15.581	1.25008	1.25012			6
2025.02.06	01:43:16.200	1.25009	1.25013			6
2025.02.06	01:43:20.820	1.25010	1.25014			6
2025.02.06	01:43:21.122	1.25009	1.25013			6
2025.02.06	01:43:30.113		1.25012			4
2025.02.06	01:43:31.336	1.25008				2
2025.02.06	01:43:31.946	1.25009	1.25013			6
2025.02.06	01:43:34.101		1.25012			4
2025.02.06	01:43:34.407	1.25005	1.25008			6
2025.02.06	01:43:35.327		1.25010			4
2025.02.06	01:43:37.172		1.25009			4
2025.02.06	01:43:42.408	1.25009	1.25014			6
2025.02.06	01:43:43.338	1.25008	1.25015			6
2025.02.06	01:43:46.415	1.25007	1.25014			6
2025.02.06	01:43:48.261	1.25008				2
2025.02.06	01:44:00.249	1.25008				2
2025.02.06	01:44:05.158		1.25013			4
2025.02.06	01:44:05.460	1.25006	1.25011			6
2025.02.06	01:44:06.376		1.25012			4
2025.02.06	01:44:07.596		1.25011			4
2025.02.06	01:44:07.907	1.25005	1.25009			6
2025.02.06	01:44:10.673	1.25006	1.25010			6
2025.02.06	01:44:10.987		1.25012			4
2025.02.06	01:44:14.062		1.25011			4
2025.02.06	01:44:17.760		1.25012			4
2025.02.06	01:44:20.222		1.25011			4
2025.02.06	01:44:21.451		1.25010			4
2025.02.06	01:44:23.003	1.25007	1.25014			6
2025.02.06	01:44:27.006	1.25008				2
2025.02.06	01:44:35.006		1.25015			4
2025.02.06	01:44:35.314		1.25014			4
2025.02.06	01:44:50.681	1.25009	1.25015			6
2025.02.06	01:44:50.987		1.25014			4
2025.02.06	01:44:52.216	1.25008				2
2025.02.06	01:44:58.944	1.25011	1.25016			6
2025.02.06	01:44:59.566	1.25008	1.25014			6
2025.02.06	01:45:00.180	1.25008				2
2025.02.06	01:45:01.703		1.25015			4
2025.02.06	01:45:08.178	1.25009				2
2025.02.06	01:45:08.484	1.25008	1.25014			6
2025.02.06	01:45:08.790	1.25009	1.25015			6
2025.02.06	01:45:10.637	1.25008	1.25014			6
2025.02.06	01:45:12.807	1.25009	1.25015			6
2025.02.06	01:45:20.503	1.25017	1.25023			6
2025.02.06	01:45:20.810	1.25016	1.25022			6
2025.02.06	01:45:21.426		1.25023			4
2025.02.06	01:45:21.732	1.25020	1.25025			6
2025.02.06	01:45:22.041	1.25014	1.25019			6
2025.02.06	01:45:22.661	1.25015				2
2025.02.06	01:45:23.271	1.25014				2
2025.02.06	01:45:24.201		1.25020			4
2025.02.06	01:45:24.814		1.25019			4
2025.02.06	01:45:25.735		1.25020			4
2025.02.06	01:45:26.658	1.25015				2
2025.02.06	01:45:28.203	1.25014				2
2025.02.06	01:45:30.361	1.25018	1.25025			6
2025.02.06	01:45:30.674	1.25020				2
2025.02.06	01:45:35.603	1.25023	1.25028			6
2025.02.06	01:45:37.757		1.25027			4
2025.02.06	01:45:41.768		1.25028			4
2025.02.06	01:45:42.698	1.25024	1.25029			6
2025.02.06	01:45:45.465		1.25028			4
2025.02.06	01:45:45.769	1.25023				2
2025.02.06	01:45:50.701	1.25024				2
2025.02.06	01:46:00.224	1.25024				2
2025.02.06	01:46:00.531	1.25023				2
2025.02.06	01:46:01.450	1.25024				2
2025.02.06	01:46:01.755	1.25023				2
2025.02.06	01:46:02.364	1.25024				2
2025.02.06	01:46:03.896	1.25025				2
2025.02.06	01:46:07.577	1.25026				2
2025.02.06	01:46:09.109	1.25025				2
2025.02.06	01:46:10.649	1.25024				2
2025.02.06	01:46:16.471	1.25025				2
2025.02.06	01:46:20.477	1.25026				2
2025.02.06	01:46:21.401	1.25025	1.25029			6
2025.02.06	01:46:21.713	1.25026				2
2025.02.06	01:46:22.325		1.25028			4
2025.02.06	01:46:23.546	1.25025				2
2025.02.06	01:46:23.848	1.25026				2
2025.02.06	01:46:24.163	1.25025				2
2025.02.06	01:46:24.777	1.25026				2
2025.02.06	01:46:25.095	1.25025				2
2025.02.06	01:46:26.004	1.25026				2
2025.02.06	01:46:27.215	1.25024				2
2025.02.06	01:46:29.970	1.25025				2
2025.02.06	01:46:30.280	1.25024	1.25027			6
2025.02.06	01:46:30.588	1.25022				2
2025.02.06	01:46:34.279	1.25023				2
2025.02.06	01:46:46.201	1.25024				2
2025.02.06	01:46:50.473	1.25023	1.25026			6
2025.02.06	01:46:53.521	1.25020	1.25023			6
2025.02.06	01:46:54.142	1.25023	1.25025			6
2025.02.06	01:46:54.444	1.25024	1.25027			6
2025.02.06	01:47:00.252	1.25025				2
2025.02.06	01:47:00.858	1.25026				2
2025.02.06	01:47:02.389	1.25024				2
2025.02.06	01:47:05.461		1.25025			4
2025.02.06	01:47:05.766	1.25022				2
2025.02.06	01:47:10.643	1.25023				2
2025.02.06	01:47:11.876	1.25022				2
2025.02.06	01:47:13.413	1.25023	1.25026			6
2025.02.06	01:47:13.721	1.25025				2
2025.02.06	01:47:14.945		1.25027			4
2025.02.06	01:47:18.328	1.25024				2
2025.02.06	01:47:18.634		1.25026			4
2025.02.06	01:47:20.769	1.25025				2
2025.02.06	01:47:21.076	1.25024	1.25027			6
2025.02.06	01:47:23.214	1.25023	1.25026			6
2025.02.06	01:47:25.321	1.25024	1.25027			6
2025.02.06	01:47:25.712	1.25023	1.25026			6
2025.02.06	01:47:26.831	1.25024				2
2025.02.06	01:47:27.162	1.25023				2
2025.02.06	01:47:32.037	1.25024				2
2025.02.06	01:47:32.339	1.25023				2
2025.02.06	01:47:34.163	1.25024				2
2025.02.06	01:47:34.475	1.25023				2
2025.02.06	01:47:35.093	1.25024	1.25027			6
2025.02.06	01:48:00.136	1.25024				2
2025.02.06	01:48:05.968	1.25025				2
2025.02.06	01:48:06.269	1.25024				2
2025.02.06	01:48:21.343	1.25025	1.25028			6
2025.02.06	01:48:23.181	1.25024	1.25027			6
2025.02.06	01:48:34.579	1.25028	1.25031			6
2025.02.06	01:48:34.890	1.25032	1.25035			6
2025.02.06	01:48:35.201	1.25031	1.25034			6
2025.02.06	01:48:35.503	1.25032	1.25035			6
2025.02.06	01:48:35.818	1.25025	1.25028			6
2025.02.06	01:48:36.131	1.25024	1.25030			6
2025.02.06	01:48:37.361	1.25023				2
2025.02.06	01:48:37.663	1.25024				2
2025.02.06	01:48:44.146	1.25032	1.25039			6
2025.02.06	01:48:44.757	1.25033				2
2025.02.06	01:48:46.607	1.25034				2
2025.02.06	01:48:54.604	1.25035				2
2025.02.06	01:48:56.460		1.25040			4
2025.02.06	01:49:00.151	1.25035				2
2025.02.06	01:49:01.996	1.25038	1.25044			6
2025.02.06	01:49:02.306	1.25037				2
2025.02.06	01:49:02.620	1.25038				2
2025.02.06	01:49:03.236	1.25037				2
2025.02.06	01:49:04.469	1.25038				2
2025.02.06	01:49:04.781	1.25037				2
2025.02.06	01:49:05.693	1.25038				2
2025.02.06	01:49:09.081	1.25037				2
2025.02.06	01:49:09.704	1.25038				2
2025.02.06	01:49:10.308	1.25034	1.25040			6
2025.02.06	01:49:10.922	1.25036				2
2025.02.06	01:49:20.425	1.25035				2
2025.02.06	01:49:34.673	1.25038	1.25042			6
2025.02.06	01:49:34.983	1.25040	1.25045			6
2025.02.06	01:49:36.211	1.25039	1.25043			6
2025.02.06	01:49:36.519	1.25040				2
2025.02.06	01:49:45.878		1.25044			4
2025.02.06	01:49:53.578	1.25036	1.25040			6
2025.02.06	01:49:53.890	1.25035				2
2025.02.06	01:50:00.053	1.25035				2
2025.02.06	01:50:01.900	1.25037	1.25043			6
2025.02.06	01:50:02.219	1.25038				2
2025.02.06	01:50:02.520	1.25037				2
2025.02.06	01:50:06.212	1.25038				2
2025.02.06	01:50:06.832	1.25037				2
2025.02.06	01:50:08.367	1.25038				2
2025.02.06	01:50:08.676		1.25042			4
2025.02.06	01:50:09.292	1.25044	1.25050			6
2025.02.06	01:50:15.137	1.25045				2
2025.02.06	01:50:16.051	1.25048				2
2025.02.06	01:50:20.980	1.25046				2
2025.02.06	01:50:28.669	1.25045				2
2025.02.06	01:50:29.584	1.25046				2
2025.02.06	01:50:34.185	1.25045				2
2025.02.06	01:50:34.795	1.25046				2
2025.02.06	01:50:35.096	1.25045				2
2025.02.06	01:50:38.153	1.25046				2
2025.02.06	01:50:38.761	1.25045				2
2025.02.06	01:50:39.069	1.25046				2
2025.02.06	01:50:40.288	1.25045				2
2025.02.06	01:50:40.593	1.25046	1.25051			6
2025.02.06	01:50:42.745	1.25045				2
2025.02.06	01:50:43.666	1.25046				2
2025.02.06	01:50:43.975	1.25045				2
2025.02.06	01:50:44.284		1.25050			4
2025.02.06	01:50:45.820	1.25046				2
2025.02.06	01:50:46.133	1.25045				2
2025.02.06	01:50:46.743	1.25046				2
2025.02.06	01:50:47.045	1.25045				2
2025.02.06	01:50:47.972	1.25043	1.25047			6
2025.02.06	01:50:48.280		1.25048			4
2025.02.06	01:50:51.053	1.25044	1.25049			6
2025.02.06	01:50:56.292	1.25045				2
2025.02.06	01:50:59.670	1.25042	1.25047			6
2025.02.06	01:51:00.290	1.25041				2
2025.02.06	01:51:06.157	1.25042				2
2025.02.06	01:51:06.462	1.25036	1.25040			6
2025.02.06	01:51:07.079	1.25035	1.25041			6
2025.02.06	01:51:09.229	1.25042	1.25047			6
2025.02.06	01:51:09.540	1.25044	1.25050			6
2025.02.06	01:51:16.308	1.25045				2
2025.02.06	01:51:20.918	1.25044				2
2025.02.06	01:51:23.696	1.25043	1.25048			6
2025.02.06	01:51:29.224		1.25047			4
2025.02.06	01:51:32.902	1.25044	1.25049			6
2025.02.06	01:51:35.048	1.25043				2
2025.02.06	01:51:36.586	1.25044				2
2025.02.06	01:51:43.354	1.25042	1.25047			6
2025.02.06	01:51:43.664	1.25040	1.25046			6
2025.02.06	01:51:44.898	1.25045	1.25051			6
2025.02.06	01:51:45.206	1.25044				2
2025.02.06	01:51:46.439		1.25050			4
2025.02.06	01:51:48.906	1.25045				2
2025.02.06	01:51:49.520	1.25044	1.25048			6
2025.02.06	01:51:49.824	1.25042				2
2025.02.06	01:51:53.221	1.25043				2
2025.02.06	01:51:54.448	1.25042				2
2025.02.06	01:51:56.308	1.25043				2
2025.02.06	01:51:57.536		1.25049			4
2025.02.06	01:51:59.999	1.25040	1.25046			6
2025.02.06	01:52:00.309	1.25036	1.25041			6
2025.02.06	01:52:01.846	1.25035				2
2025.02.06	01:52:02.152	1.25034	1.25040			6
2025.02.06	01:52:07.089	1.25033	1.25039			6
2025.02.06	01:52:07.397	1.25030	1.25035			6
2025.02.06	01:52:08.329	1.25029				2
2025.02.06	01:52:09.562		1.25036			4
2025.02.06	01:52:20.961		1.25035			4
2025.02.06	01:52:21.266	1.25030				2
2025.02.06	01:52:21.578	1.25029				2
2025.02.06	01:52:25.584		1.25036			4
2025.02.06	01:52:28.028	1.25033	1.25040			6
2025.02.06	01:52:28.334	1.25034				2
2025.02.06	01:52:29.862	1.25033				2
2025.02.06	01:52:37.869		1.25039			4
2025.02.06	01:52:47.390		1.25040			4
2025.02.06	01:52:48.319		1.25039			4
2025.02.06	01:52:53.245		1.25036			4
2025.02.06	01:52:54.175		1.25039			4
2025.02.06	01:52:54.481	1.25034	1.25040			6
2025.02.06	01:53:00.029	1.25034				2
2025.02.06	01:53:00.333	1.25035				2
2025.02.06	01:53:02.185		1.25041			4
2025.02.06	01:53:04.343	1.25036				2
2025.02.06	01:53:05.260		1.25040			4
2025.02.06	01:53:05.568		1.25041			4
2025.02.06	01:53:14.131	1.25037				2
2025.02.06	01:53:15.664	1.25036	1.25040			6
2025.02.06	01:53:18.732	1.25037	1.25041			6
2025.02.06	01:53:19.653	1.25036	1.25040			6
2025.02.06	01:53:20.582	1.25035	1.25039			6
2025.02.06	01:53:25.598	1.25036	1.25040			6
2025.02.06	01:53:26.518	1.25035	1.25039			6
2025.02.06	01:53:27.134	1.25036	1.25040			6
2025.02.06	01:53:27.436	1.25035	1.25039			6
2025.02.06	01:53:27.742	1.25036	1.25040			6
2025.02.06	01:53:28.994	1.25035	1.25039			6
2025.02.06	01:53:34.239	1.25036				2
2025.02.06	01:53:59.931	1.25038	1.25041			6
2025.02.06	01:54:00.237	1.25037	1.25040			6
2025.02.06	01:54:00.541	1.25038	1.25041			6
2025.02.06	01:54:02.374	1.25041	1.25044			6
2025.02.06	01:54:04.223	1.25040	1.25043			6
2025.02.06	01:54:12.156	1.25041	1.25044			6
2025.02.06	01:54:15.209	1.25040	1.25043			6
2025.02.06	01:54:15.515	1.25041	1.25044			6
2025.02.06	01:54:16.427	1.25040	1.25043			6
2025.02.06	01:54:20.099	1.25041	1.25044			6
2025.02.06	01:54:23.796	1.25040	1.25043			6
2025.02.06	01:54:26.530	1.25036	1.25039			6
2025.02.06	01:54:27.144	1.25035				2
2025.02.06	01:54:33.608	1.25034	1.25038			6
2025.02.06	01:54:33.914	1.25035	1.25039			6
2025.02.06	01:54:35.456	1.25034	1.25038			6
2025.02.06	01:54:36.070	1.25035	1.25039			6
2025.02.06	01:54:40.372		1.25038			4
2025.02.06	01:54:40.987	1.25028	1.25031			6
2025.02.06	01:54:42.217	1.25027				2
2025.02.06	01:54:51.165		1.25032			4
2025.02.06	01:55:00.094	1.25027				2
2025.02.06	01:55:02.250	1.25028				2
2025.02.06	01:55:02.557		1.25033			4
2025.02.06	01:55:02.871	1.25032	1.25036			6
2025.02.06	01:55:03.567	1.25031				2
2025.02.06	01:55:21.094		1.25035			4
2025.02.06	01:55:23.245	1.25032	1.25036			6
2025.02.06	01:55:37.083	1.25033				2
2025.02.06	01:55:53.892	1.25032	1.25035			6
2025.02.06	01:55:56.645	1.25033	1.25036			6
2025.02.06	01:56:00.014	1.25033				2
2025.02.06	01:56:00.322	1.25032	1.25035			6
2025.02.06	01:56:01.863	1.25033	1.25036			6
2025.02.06	01:56:03.398	1.25035	1.25038			6
2025.02.06	01:56:03.710	1.25036	1.25039			6
2025.02.06	01:56:07.059	1.25037	1.25040			6
2025.02.06	01:56:12.239	1.25036	1.25039			6
2025.02.06	01:56:35.550	1.25033	1.25036			6
2025.02.06	01:56:35.861	1.25032	1.25035			6
2025.02.06	01:56:37.398	1.25033	1.25036			6
2025.02.06	01:56:40.170	1.25036	1.25039			6
2025.02.06	01:56:40.781	1.25034	1.25037			6
2025.02.06	01:56:41.083	1.25033	1.25036			6
2025.02.06	01:56:47.838	1.25032	1.25035			6
2025.02.06	01:56:48.456	1.25033	1.25036			6
2025.02.06	01:56:52.743	1.25032	1.25035			6
2025.02.06	01:56:55.807	1.25033	1.25036			6
2025.02.06	01:57:00.094	1.25033				2
2025.02.06	01:57:00.704	1.25032	1.25035			6
2025.02.06	01:57:02.542	1.25033	1.25036			6
2025.02.06	01:57:03.770	1.25036	1.25039			6
2025.02.06	01:57:12.985	1.25035	1.25038			6
2025.02.06	01:57:13.906	1.25036	1.25039			6
2025.02.06	01:57:30.153		1.25038			4
2025.02.06	01:57:30.461	1.25033	1.25036			6
2025.02.06	01:57:33.842	1.25032	1.25035			6
2025.02.06	01:57:45.544	1.25031	1.25034			6
2025.02.06	01:57:46.776	1.25032	1.25035			6
2025.02.06	01:57:49.866	1.25031	1.25034			6
2025.02.06	01:57:50.174	1.25032	1.25035			6
2025.02.06	01:58:00.277	1.25032				2
2025.02.06	01:58:02.421	1.25034	1.25037			6
2025.02.06	01:58:04.257	1.25033	1.25036			6
2025.02.06	01:58:08.527	1.25031	1.25034			6
2025.02.06	01:58:10.358	1.25032	1.25035			6
2025.02.06	01:58:38.364	1.25031	1.25034			6
2025.02.06	01:58:38.980	1.25032	1.25035			6
2025.02.06	01:58:41.752	1.25027	1.25030			6
2025.02.06	01:58:42.686	1.25028	1.25031			6
2025.02.06	01:58:42.995	1.25027	1.25030			6
2025.02.06	01:58:43.306		1.25031			4
2025.02.06	01:58:47.307	1.25023	1.25027			6
2025.02.06	01:58:47.609	1.25016	1.25020			6
2025.02.06	01:58:47.912	1.25015	1.25019			6
2025.02.06	01:58:48.217	1.25014	1.25018			6
2025.02.06	01:58:50.382	1.25023	1.25028			6
2025.02.06	01:58:50.689		1.25029			4
2025.02.06	01:58:55.629	1.25020	1.25026			6
2025.02.06	01:58:55.937	1.25019				2
2025.02.06	01:58:56.243	1.25020				2
2025.02.06	01:58:57.784	1.25019				2
2025.02.06	01:58:58.095	1.25020				2
2025.02.06	01:58:59.014	1.25019				2
2025.02.06	01:59:00.251	1.25020				2
2025.02.06	01:59:00.560	1.25019				2
2025.02.06	01:59:01.479	1.25020				2
2025.02.06	01:59:02.401	1.25019				2
2025.02.06	01:59:03.017	1.25020				2
2025.02.06	01:59:04.861	1.25019				2
2025.02.06	01:59:05.477	1.25022	1.25027			6
2025.02.06	01:59:06.094		1.25028			4
2025.02.06	01:59:07.636		1.25029			4
2025.02.06	01:59:09.790	1.25023				2
2025.02.06	01:59:10.099	1.25022				2
2025.02.06	01:59:10.406	1.25021	1.25028			6
2025.02.06	01:59:11.637	1.25020	1.25027			6
2025.02.06	01:59:12.252	1.25018	1.25024			6
2025.02.06	01:59:12.560	1.25019				2
2025.02.06	01:59:17.809	1.25016	1.25023			6
2025.02.06	01:59:18.117		1.25018			4
2025.02.06	01:59:18.423	1.25015	1.25021			6
2025.02.06	01:59:18.733	1.25014				2
2025.02.06	01:59:24.862	1.25018	1.25024			6
2025.02.06	01:59:25.163	1.25020	1.25026			6
2025.02.06	01:59:32.268	1.25018	1.25025			6
2025.02.06	01:59:32.583	1.25017	1.25024			6
2025.02.06	01:59:33.194	1.25018	1.25025			6
2025.02.06	01:59:33.501	1.25017	1.25024			6
2025.02.06	01:59:33.810	1.25018	1.25025			6
2025.02.06	01:59:36.889	1.25019	1.25026			6
2025.02.06	01:59:37.198	1.25018	1.25024			6
2025.02.06	01:59:38.737	1.25019	1.25026			6
2025.02.06	01:59:39.966	1.25018	1.25025			6
2025.02.06	01:59:40.278	1.25019	1.25026			6
2025.02.06	01:59:43.338	1.25021				2
2025.02.06	01:59:43.952	1.25022				2
2025.02.06	01:59:44.872	1.25020	1.25025			6
2025.02.06	01:59:45.177	1.25018				2
2025.02.06	01:59:45.791		1.25024			4
2025.02.06	01:59:46.095		1.25025			4
2025.02.06	01:59:47.014	1.25017	1.25023			6
2025.02.06	01:59:48.552	1.25014	1.25019			6
2025.02.06	01:59:48.862		1.25020			4
2025.02.06	01:59:49.162	1.25013	1.25017			6
2025.02.06	01:59:49.470	1.25012	1.25015			6
2025.02.06	01:59:49.773		1.25017			4
2025.02.06	01:59:50.381	1.25014	1.25021			6
2025.02.06	01:59:53.158		1.25019			4
2025.02.06	01:59:55.320		1.25018			4
2025.02.06	01:59:55.632	1.25013				2
2025.02.06	01:59:57.466	1.25014				2
2025.02.06	01:59:57.774	1.25013				2
2025.02.06	02:00:00.220	1.25014	1.25017			6
2025.02.06	02:00:00.526	1.25010	1.25016			6
2025.02.06	02:00:00.830	1.25013	1.25018			6
2025.02.06	02:00:01.748	1.25015	1.25020			6
2025.02.06	02:00:04.815		1.25019			4
2025.02.06	02:00:05.121	1.25016				2
2025.02.06	02:00:08.205	1.25014				2
2025.02.06	02:00:08.515	1.25016				2
2025.02.06	02:00:09.435		1.25020			4
2025.02.06	02:00:10.970	1.25022	1.25027			6
2025.02.06	02:00:11.277		1.25026			4
2025.02.06	02:00:11.584	1.25025	1.25027			6
2025.02.06	02:00:11.891	1.25024	1.25029			6
2025.02.06	02:00:12.508	1.25025				2
2025.02.06	02:00:13.128	1.25024				2
2025.02.06	02:00:14.656	1.25030	1.25037			6
2025.02.06	02:00:14.960	1.25035	1.25039			6
2025.02.06	02:00:15.264		1.25040			4
2025.02.06	02:00:15.878		1.25039			4
2025.02.06	02:00:16.180		1.25038			4
2025.02.06	02:00:19.270	1.25034	1.25035			6
2025.02.06	02:00:19.572	1.25032				2
2025.02.06	02:00:20.196	1.25031				2
2025.02.06	02:00:20.506		1.25037			4
2025.02.06	02:00:21.433	1.25034				2
2025.02.06	02:00:25.432	1.25035	1.25039			6
2025.02.06	02:00:25.742	1.25036	1.25040			6
2025.02.06	02:00:28.212		1.25037			4
2025.02.06	02:00:28.526	1.25034				2
2025.02.06	02:00:28.830	1.25035				2
2025.02.06	02:00:29.752	1.25034				2
2025.02.06	02:00:30.062	1.25036				2
2025.02.06	02:00:30.362	1.25035				2
2025.02.06	02:00:30.682		1.25038			4
2025.02.06	02:00:32.222	1.25036				2
2025.02.06	02:00:32.838	1.25037	1.25044			6
2025.02.06	02:00:33.147	1.25040				2
2025.02.06	02:00:33.453	1.25039				2
2025.02.06	02:00:34.377	1.25038	1.25043			6
2025.02.06	02:00:38.693		1.25044			4
2025.02.06	02:00:38.999		1.25043			4
2025.02.06	02:00:40.530	1.25033	1.25037			6
2025.02.06	02:00:41.761	1.25031	1.25035			6
2025.02.06	02:00:42.064		1.25033			4
2025.02.06	02:00:42.371	1.25032	1.25037			6
2025.02.06	02:00:42.679	1.25031	1.25034			6
2025.02.06	02:00:44.520		1.25035			4
2025.02.06	02:00:44.825	1.25032				2
2025.02.06	02:00:46.665		1.25034			4
2025.02.06	02:00:49.437	1.25031				2
2025.02.06	02:00:49.748	1.25030				2
2025.02.06	02:00:52.505	1.25031				2
2025.02.06	02:00:53.426	1.25030				2
2025.02.06	02:00:54.051		1.25032			4
2025.02.06	02:00:54.355	1.25028				2
2025.02.06	02:00:54.660	1.25031				2
2025.02.06	02:00:54.963	1.25028				2
2025.02.06	02:00:55.279	1.25031				2
2025.02.06	02:00:55.886	1.25030				2
2025.02.06	02:00:56.195	1.25028				2
2025.02.06	02:00:56.504	1.25031				2
2025.02.06	02:00:56.810	1.25028				2
2025.02.06	02:00:57.113	1.25031				2
2025.02.06	02:00:57.416	1.25026	1.25031			6
2025.02.06	02:01:00.172	1.25026	1.25029			6
2025.02.06	02:01:02.618	1.25027	1.25031			6
2025.02.06	02:01:05.993	1.25028				2
2025.02.06	02:01:11.801	1.25033	1.25034			6
2025.02.06	02:01:12.729		1.25035			4
2025.02.06	02:01:14.264	1.25031	1.25034			6
2025.02.06	02:01:18.875	1.25030				2
2025.02.06	02:01:26.550	1.25028	1.25033			6
2025.02.06	02:01:32.691	1.25032	1.25034			6
2025.02.06	02:01:33.310	1.25030				2
2025.02.06	02:01:33.925	1.25029	1.25033			6
2025.02.06	02:01:37.593	1.25028				2
2025.02.06	02:01:48.001	1.25029				2
2025.02.06	02:01:48.921	1.25028				2
2025.02.06	02:01:49.843		1.25032			4
2025.02.06	02:01:51.385		1.25033			4
2025.02.06	02:01:53.546		1.25032			4
2025.02.06	02:01:53.855	1.25026	1.25030			6
2025.02.06	02:02:00.018	1.25026				2
2025.02.06	02:02:02.473		1.25029			4
2025.02.06	02:02:03.084		1.25028			4
2025.02.06	02:02:03.392		1.25029			4
2025.02.06	02:02:03.702	1.25027	1.25031			6
2025.02.06	02:02:04.005	1.25028	1.25032			6
2025.02.06	02:02:04.307		1.25033			4
2025.02.06	02:02:04.922		1.25032			4
2025.02.06	02:02:06.768	1.25026	1.25028			6
2025.02.06	02:02:07.072	1.25023				2
2025.02.06	02:02:08.916	1.25024				2
2025.02.06	02:02:09.225	1.25023				2
2025.02.06	02:02:10.153	1.25024				2
2025.02.06	02:02:12.923	1.25026				2
2025.02.06	02:02:20.294		1.25029			4
2025.02.06	02:02:20.921		1.25028			4
2025.02.06	02:02:21.225		1.25030			4
2025.02.06	02:02:23.697	1.25028	1.25032			6
2025.02.06	02:02:24.004	1.25026	1.25029			6
2025.02.06	02:02:24.919	1.25025	1.25028			6
2025.02.06	02:02:25.225	1.25024	1.25027			6
2025.02.06	02:02:25.530	1.25023				2
2025.02.06	02:02:26.754	1.25024				2
2025.02.06	02:02:27.056	1.25026	1.25028			6
2025.02.06	02:02:31.367	1.25025				2
2025.02.06	02:02:33.825	1.25024				2
2025.02.06	02:02:37.511	1.25026				2
2025.02.06	02:02:40.269	1.25028	1.25031			6
2025.02.06	02:02:40.571	1.25026	1.25029			6
2025.02.06	02:02:40.872		1.25030			4
2025.02.06	02:02:41.784		1.25029			4
2025.02.06	02:02:45.140	1.25027				2
2025.02.06	02:02:45.445		1.25030			4
2025.02.06	02:02:46.058	1.25028	1.25032			6
2025.02.06	02:02:47.285	1.25025	1.25028			6
2025.02.06	02:02:47.595	1.25026	1.25029			6
2025.02.06	02:02:51.877		1.25030			4
2025.02.06	02:02:52.181	1.25034	1.25037			6
2025.02.06	02:02:54.333	1.25033				2
2025.02.06	02:02:56.483		1.25035			4
2025.02.06	02:02:56.786	1.25032	1.25034			6
2025.02.06	02:02:57.105	1.25033				2
2025.02.06	02:02:58.340	1.25034	1.25037			6
2025.02.06	02:02:58.952	1.25035	1.25038			6
2025.02.06	02:02:59.262	1.25034				2
2025.02.06	02:03:00.181	1.25034				2
2025.02.06	02:03:01.728		1.25037			4
2025.02.06	02:03:03.271		1.25038			4
2025.02.06	02:03:03.581	1.25035				2
2025.02.06	02:03:03.890	1.25034				2
2025.02.06	02:03:05.430	1.25035				2
2025.02.06	02:03:05.735	1.25034				2
2025.02.06	02:03:07.276	1.25035				2
2025.02.06	02:03:08.808	1.25036				2
2025.02.06	02:03:09.722	1.25035				2
2025.02.06	02:03:12.178	1.25034				2
2025.02.06	02:03:12.481	1.25036				2
2025.02.06	02:03:13.709	1.25035				2
2025.02.06	02:03:14.930	1.25036				2
2025.02.06	02:03:15.233	1.25035				2
2025.02.06	02:03:15.847	1.25036				2
2025.02.06	02:03:16.761	1.25035				2
2025.02.06	02:03:17.987	1.25036	1.25040			6
2025.02.06	02:03:19.224		1.25039			4
2025.02.06	02:03:21.371	1.25035				2
2025.02.06	02:03:21.985		1.25038			4
2025.02.06	02:03:23.527	1.25036	1.25039			6
2025.02.06	02:03:23.828	1.25035				2
2025.02.06	02:03:24.138		1.25038			4
2025.02.06	02:03:28.442		1.25037			4
2025.02.06	02:03:29.053	1.25034				2
2025.02.06	02:03:29.673	1.25039	1.25044			6
2025.02.06	02:03:30.289	1.25042	1.25045			6
2025.02.06	02:03:30.593	1.25040	1.25044			6
2025.02.06	02:03:31.210	1.25039				2
2025.02.06	02:03:32.749	1.25038				2
2025.02.06	02:03:33.062	1.25039				2
2025.02.06	02:03:33.992	1.25038				2
2025.02.06	02:03:34.909	1.25035	1.25039			6
2025.02.06	02:03:36.131		1.25038			4
2025.02.06	02:03:47.831	1.25037				2
2025.02.06	02:03:51.206	1.25039	1.25043			6
2025.02.06	02:03:51.515	1.25040				2
2025.02.06	02:03:51.818	1.25039				2
2025.02.06	02:03:52.425	1.25040				2
2025.02.06	02:03:55.179	1.25039				2
2025.02.06	02:03:56.095	1.25040				2
2025.02.06	02:03:57.950	1.25041				2
2025.02.06	02:03:59.796	1.25042				2
2025.02.06	02:04:00.107	1.25042				2
2025.02.06	02:04:00.412	1.25044	1.25045			6
2025.02.06	02:04:00.720		1.25047			4
2025.02.06	02:04:07.489	1.25043	1.25044			6
2025.02.06	02:04:08.413	1.25041				2
2025.02.06	02:04:08.721		1.25045			4
2025.02.06	02:04:09.027	1.25042				2
2025.02.06	02:04:11.491	1.25041	1.25044			6
2025.02.06	02:04:11.803	1.25042	1.25045			6
2025.02.06	02:04:13.961	1.25044	1.25047			6
2025.02.06	02:04:19.500	1.25045	1.25049			6
2025.02.06	02:04:21.343		1.25048			4
2025.02.06	02:04:21.961		1.25049			4
2025.02.06	02:04:23.813	1.25042	1.25045			6
2025.02.06	02:04:24.736		1.25047			4
2025.02.06	02:04:25.657	1.25043	1.25048			6
2025.02.06	02:04:25.973	1.25044	1.25049			6
2025.02.06	02:04:26.888		1.25048			4
2025.02.06	02:04:28.739		1.25047			4
2025.02.06	02:04:29.049	1.25042	1.25045			6
2025.02.06	02:04:29.356		1.25044			4
2025.02.06	02:04:31.504		1.25045			4
2025.02.06	02:04:39.207	1.25043				2
2025.02.06	02:04:41.332	1.25042	1.25044			6
2025.02.06	02:04:41.637	1.25041				2
2025.02.06	02:04:45.303	1.25042	1.25045			6
2025.02.06	02:04:46.514	1.25041				2
2025.02.06	02:04:46.818		1.25044			4
2025.02.06	02:04:49.862	1.25040	1.25043			6
2025.02.06	02:04:50.168	1.25041	1.25044			6
2025.02.06	02:04:52.324	1.25042				2
2025.02.06	02:04:53.241	1.25041				2
2025.02.06	02:04:55.379	1.25042				2
2025.02.06	02:04:56.299	1.25041				2
2025.02.06	02:04:57.213	1.25042				2
2025.02.06	02:05:00.249	1.25042				2
2025.02.06	02:05:03.903	1.25041				2
2025.02.06	02:05:08.490	1.25042				2
2025.02.06	02:05:08.804	1.25041				2
2025.02.06	02:05:15.815	1.25042				2
2025.02.06	02:05:19.188	1.25043	1.25046			6
2025.02.06	02:05:19.491	1.25047	1.25049			6
2025.02.06	02:05:21.342		1.25048			4
2025.02.06	02:05:21.959		1.25049			4
2025.02.06	02:05:23.189		1.25048			4
2025.02.06	02:05:23.492		1.25049			4
2025.02.06	02:05:25.037		1.25048			4
2025.02.06	02:05:25.347	1.25046				2
2025.02.06	02:05:26.578		1.25049			4
2025.02.06	02:05:27.192		1.25048			4
2025.02.06	02:05:29.957	1.25045	1.25047			6
2025.02.06	02:05:30.265	1.25044				2
2025.02.06	02:05:30.575	1.25043				2
2025.02.06	02:05:30.885	1.25044				2
2025.02.06	02:05:31.193		1.25048			4
2025.02.06	02:05:31.808	1.25042	1.25045			6
2025.02.06	02:05:32.734	1.25041				2
2025.02.06	02:05:33.342	1.25042				2
2025.02.06	02:05:36.437	1.25043	1.25046			6
2025.02.06	02:05:40.142	1.25045	1.25049			6
2025.02.06	02:05:42.298	1.25046				2
2025.02.06	02:05:45.695	1.25044	1.25048			6
2025.02.06	02:05:50.317		1.25047			4
2025.02.06	02:05:54.621	1.25046	1.25048			6
2025.02.06	02:05:54.926	1.25049	1.25053			6
2025.02.06	02:05:55.230		1.25054			4
2025.02.06	02:05:55.536	1.25050				2
2025.02.06	02:05:55.846	1.25049				2
2025.02.06	02:05:56.155	1.25048	1.25053			6
2025.02.06	02:05:57.705	1.25049	1.25054			6
2025.02.06	02:05:58.014	1.25048	1.25053			6
2025.02.06	02:06:00.164	1.25048				2
2025.02.06	02:06:00.473	1.25049	1.25054			6
2025.02.06	02:06:00.782	1.25048	1.25053			6
2025.02.06	02:06:02.323	1.25050	1.25055			6
2025.02.06	02:06:08.170	1.25051				2
2025.02.06	02:06:08.782	1.25053	1.25058			6
2025.02.06	02:06:09.084	1.25054				2
2025.02.06	02:06:10.941		1.25059			4
2025.02.06	02:06:11.560	1.25055	1.25060			6
2025.02.06	02:06:12.483		1.25059			4
2025.02.06	02:06:12.795	1.25054				2
2025.02.06	02:06:15.881		1.25058			4
2025.02.06	02:06:18.343	1.25055				2
2025.02.06	02:06:18.646	1.25053				2
2025.02.06	02:06:19.264	1.25054				2
2025.02.06	02:06:20.181		1.25057			4
2025.02.06	02:06:21.413	1.25053				2
2025.02.06	02:06:22.345	1.25054				2
2025.02.06	02:06:22.656	1.25053				2
2025.02.06	02:06:23.274	1.25054				2
2025.02.06	02:06:23.583	1.25053				2
2025.02.06	02:06:25.742	1.25054				2
2025.02.06	02:06:28.215	1.25053				2
2025.02.06	02:06:29.442	1.25054				2
2025.02.06	02:06:30.362	1.25053				2
2025.02.06	02:06:31.290	1.25054				2
2025.02.06	02:06:31.911	1.25053				2
2025.02.06	02:06:32.220	1.25054				2
2025.02.06	02:06:33.455		1.25056			4
2025.02.06	02:06:33.761	1.25051	1.25055			6
2025.02.06	02:06:34.072	1.25052	1.25054			6
2025.02.06	02:06:34.378		1.25055			4
2025.02.06	02:06:34.989	1.25051				2
2025.02.06	02:06:35.911		1.25054			4
2025.02.06	02:06:36.217		1.25055			4
2025.02.06	02:06:36.525		1.25054			4
2025.02.06	02:06:36.833		1.25055			4
2025.02.06	02:06:38.684		1.25054			4
2025.02.06	02:06:39.608	1.25052	1.25056			6
2025.02.06	02:06:40.218	1.25053				2
2025.02.06	02:06:43.898	1.25054	1.25057			6
2025.02.06	02:06:45.430		1.25058			4
2025.02.06	02:06:45.737	1.25056				2
2025.02.06	02:06:50.337		1.25057			4
2025.02.06	02:06:51.863	1.25055				2
2025.02.06	02:06:52.169	1.25057	1.25060			6
2025.02.06	02:06:53.080	1.25056				2
2025.02.06	02:06:54.001	1.25063	1.25066			6
2025.02.06	02:06:54.307	1.25060	1.25065			6
2025.02.06	02:06:55.224	1.25059				2
2025.02.06	02:06:55.835	1.25060				2
2025.02.06	02:06:56.140	1.25061				2
2025.02.06	02:06:56.448	1.25060				2
2025.02.06	02:06:58.906	1.25061				2
2025.02.06	02:07:00.143	1.25061				2
2025.02.06	02:07:00.751	1.25063	1.25067			6
2025.02.06	02:07:01.062	1.25064				2
2025.02.06	02:07:01.984	1.25063				2
2025.02.06	02:07:02.908	1.25064				2
2025.02.06	02:07:05.377		1.25068			4
2025.02.06	02:07:08.150	1.25065	1.25069			6
2025.02.06	02:07:09.683	1.25069	1.25073			6
2025.02.06	02:07:09.990	1.25070	1.25074			6
2025.02.06	02:07:10.295	1.25069				2
2025.02.06	02:07:12.754	1.25068				2
2025.02.06	02:07:13.059	1.25070				2
2025.02.06	02:07:13.681	1.25068				2
2025.02.06	02:07:15.525		1.25073			4
2025.02.06	02:07:15.827		1.25074			4
2025.02.06	02:07:16.140	1.25069				2
2025.02.06	02:07:17.992		1.25073			4
2025.02.06	02:07:18.300	1.25068	1.25074			6
2025.02.06	02:07:18.609	1.25070				2
2025.02.06	02:07:19.218	1.25069				2
2025.02.06	02:07:19.527	1.25065	1.25070			6
2025.02.06	02:07:19.838	1.25066				2
2025.02.06	02:07:22.294		1.25071			4
2025.02.06	02:07:22.902	1.25068	1.25073			6
2025.02.06	02:07:25.558		1.25074			4
2025.02.06	02:07:27.995		1.25073			4
2025.02.06	02:07:33.261	1.25066	1.25069			6
2025.02.06	02:07:35.400	1.25065	1.25068			6
2025.02.06	02:07:35.708	1.25062	1.25065			6
2025.02.06	02:07:36.325		1.25066			4
2025.02.06	02:07:36.631	1.25061	1.25065			6
2025.02.06	02:07:37.858	1.25062				2
2025.02.06	02:07:38.168	1.25061				2
2025.02.06	02:07:44.621	1.25060				2
2025.02.06	02:07:45.534	1.25061				2
2025.02.06	02:07:45.837	1.25056	1.25059			6
2025.02.06	02:07:46.149	1.25055				2
2025.02.06	02:07:50.754		1.25057			4
2025.02.06	02:07:51.061	1.25053				2
2025.02.06	02:07:52.299	1.25054				2
2025.02.06	02:07:56.914	1.25055	1.25058			6
2025.02.06	02:07:58.763	1.25054				2
2025.02.06	02:07:59.081	1.25056				2
2025.02.06	02:07:59.383		1.25057			4
2025.02.06	02:07:59.689	1.25054				2
2025.02.06	02:07:59.999	1.25056				2
2025.02.06	02:08:00.300	1.25055				2
2025.02.06	02:08:00.909	1.25054				2
2025.02.06	02:08:02.742	1.25056				2
2025.02.06	02:08:03.355	1.25055				2
2025.02.06	02:08:05.185	1.25056				2
2025.02.06	02:08:05.796	1.25055				2
2025.02.06	02:08:06.116	1.25056				2
2025.02.06	02:08:06.421	1.25055				2
2025.02.06	02:08:08.877	1.25056				2
2025.02.06	02:08:09.188	1.25054				2
2025.02.06	02:08:09.496	1.25055				2
2025.02.06	02:08:10.112	1.25054				2
2025.02.06	02:08:10.421	1.25055				2
2025.02.06	02:08:17.180	1.25056				2
2025.02.06	02:08:17.485		1.25058			4
2025.02.06	02:08:18.721	1.25055				2
2025.02.06	02:08:20.878	1.25054	1.25057			6
2025.02.06	02:08:33.811	1.25055				2
2025.02.06	02:08:34.119	1.25054				2
2025.02.06	02:08:47.229	1.25053				2
2025.02.06	02:08:47.531	1.25054				2
2025.02.06	02:08:48.762	1.25053				2
2025.02.06	02:08:50.298	1.25054				2
2025.02.06	02:08:50.916	1.25055				2
2025.02.06	02:08:51.221	1.25054				2
2025.02.06	02:08:51.529	1.25055				2
2025.02.06	02:08:57.010	1.25054				2
2025.02.06	02:08:57.925	1.25056				2
2025.02.06	02:09:00.060	1.25056				2
2025.02.06	02:09:00.362	1.25062	1.25065			6
2025.02.06	02:09:00.664	1.25065	1.25068			6
2025.02.06	02:09:01.280	1.25063				2
2025.02.06	02:09:01.589		1.25064			4
2025.02.06	02:09:01.897		1.25068			4
2025.02.06	02:09:02.511	1.25065	1.25069			6
2025.02.06	02:09:02.825	1.25064				2
2025.02.06	02:09:07.441		1.25068			4
2025.02.06	02:09:08.363	1.25065	1.25069			6
2025.02.06	02:09:09.292	1.25066				2
2025.02.06	02:09:13.613	1.25065				2
2025.02.06	02:09:15.461	1.25066				2
2025.02.06	02:09:15.772		1.25070			4
2025.02.06	02:09:17.617	1.25065				2
2025.02.06	02:09:17.926	1.25066				2
2025.02.06	02:09:18.853		1.25071			4
2025.02.06	02:09:20.085	1.25067				2
2025.02.06	02:09:20.392	1.25066	1.25069			6
2025.02.06	02:09:25.284	1.25067				2
2025.02.06	02:09:26.817		1.25070			4
2025.02.06	02:09:28.057	1.25066				2
2025.02.06	02:09:28.980		1.25069			4
2025.02.06	02:09:30.217		1.25070			4
2025.02.06	02:09:35.753	1.25067	1.25071			6
2025.02.06	02:09:36.677	1.25066	1.25070			6
2025.02.06	02:09:36.983	1.25067				2
2025.02.06	02:09:38.212	1.25066				2
2025.02.06	02:09:39.135		1.25068			4
2025.02.06	02:09:40.051		1.25069			4
2025.02.06	02:09:40.362	1.25065				2
2025.02.06	02:09:41.298	1.25066				2
2025.02.06	02:09:42.219	1.25065	1.25068			6
2025.02.06	02:09:50.173	1.25064	1.25067			6
2025.02.06	02:09:51.089	1.25065	1.25068			6
2025.02.06	02:09:51.402	1.25064	1.25067			6
2025.02.06	02:09:52.010	1.25065	1.25068			6
2025.02.06	02:09:52.617	1.25064	1.25067			6
2025.02.06	02:09:53.222	1.25065	1.25068			6
2025.02.06	02:09:55.982	1.25066				2
2025.02.06	02:09:56.288	1.25065				2
2025.02.06	02:09:56.908	1.25064	1.25067			6
2025.02.06	02:09:57.214	1.25063	1.25066			6
2025.02.06	02:09:58.736	1.25064	1.25067			6
2025.02.06	02:09:59.039	1.25063	1.25066			6
2025.02.06	02:09:59.350	1.25065	1.25068			6
2025.02.06	02:10:00.269	1.25065				2
2025.02.06	02:10:00.883	1.25064	1.25067			6
2025.02.06	02:10:01.812	1.25065	1.25068			6
2025.02.06	02:10:03.344	1.25064	1.25067			6
2025.02.06	02:10:03.950	1.25065	1.25068			6
2025.02.06	02:10:08.221		1.25067			4
2025.02.06	02:10:08.529		1.25068			4
2025.02.06	02:10:10.060		1.25067			4
2025.02.06	02:10:10.361		1.25068			4
2025.02.06	02:10:21.407	1.25066	1.25069			6
2025.02.06	02:10:22.021	1.25067				2
2025.02.06	02:10:23.241	1.25068				2
2025.02.06	02:10:25.998	1.25067				2
2025.02.06	02:10:27.531		1.25070			4
2025.02.06	02:10:27.833		1.25069			4
2025.02.06	02:10:28.142	1.25065	1.25068			6
2025.02.06	02:10:28.746	1.25064	1.25067			6
2025.02.06	02:10:29.050	1.25065	1.25068			6
2025.02.06	02:10:29.354	1.25066	1.25069			6
2025.02.06	02:10:32.436	1.25065	1.25068			6
2025.02.06	02:10:33.058	1.25064	1.25067			6
2025.02.06	02:10:33.366	1.25065	1.25068			6
2025.02.06	02:10:33.980	1.25064	1.25067			6
2025.02.06	02:10:40.142		1.25066			4
2025.02.06	02:10:40.449		1.25067			4
2025.02.06	02:10:41.678		1.25066			4
2025.02.06	02:10:42.912	1.25063	1.25064			6
2025.02.06	02:10:43.220	1.25065	1.25067			6
2025.02.06	02:10:43.834		1.25068			4
2025.02.06	02:10:49.038	1.25067	1.25070			6
2025.02.06	02:10:49.665	1.25066	1.25069			6
2025.02.06	02:10:50.890	1.25067				2
2025.02.06	02:10:51.199	1.25066				2
2025.02.06	02:10:51.509	1.25067				2
2025.02.06	02:10:52.123	1.25068				2
2025.02.06	02:10:53.359	1.25067				2
2025.02.06	02:10:53.978	1.25066				2
2025.02.06	02:10:54.284	1.25067				2
2025.02.06	02:10:55.521	1.25066				2
2025.02.06	02:10:59.230	1.25067				2
2025.02.06	02:11:00.155	1.25067				2
2025.02.06	02:11:00.461		1.25070			4
2025.02.06	02:11:01.384		1.25069			4
2025.02.06	02:11:02.308	1.25066				2
2025.02.06	02:11:04.458	1.25065	1.25068			6
2025.02.06	02:11:06.306	1.25066				2
2025.02.06	02:11:16.465	1.25065				2
2025.02.06	02:11:17.387	1.25064	1.25067			6
2025.02.06	02:11:17.995	1.25065	1.25068			6
2025.02.06	02:11:18.913	1.25064	1.25067			6
2025.02.06	02:11:19.221	1.25065				2
2025.02.06	02:11:20.442	1.25064				2
2025.02.06	02:11:21.358	1.25065				2
2025.02.06	02:11:21.663	1.25064				2
2025.02.06	02:11:22.582	1.25062	1.25065			6
2025.02.06	02:11:22.884	1.25061	1.25064			6
2025.02.06	02:11:24.124	1.25060	1.25063			6
2025.02.06	02:11:25.669	1.25057	1.25060			6
2025.02.06	02:11:30.294	1.25056	1.25059			6
2025.02.06	02:11:36.446	1.25055	1.25058			6
2025.02.06	02:11:36.761	1.25054	1.25057			6
2025.02.06	02:11:37.063	1.25051	1.25054			6
2025.02.06	02:11:40.161	1.25052				2
2025.02.06	02:11:40.778		1.25055			4
2025.02.06	02:11:41.706	1.25053				2
2025.02.06	02:11:43.549	1.25051	1.25054			6
2025.02.06	02:11:46.632	1.25052				2
2025.02.06	02:11:48.790		1.25055			4
2025.02.06	02:11:49.095	1.25053				2
2025.02.06	02:11:50.319	1.25052	1.25054			6
2025.02.06	02:11:54.001	1.25051				2
2025.02.06	02:11:54.305	1.25052				2
2025.02.06	02:11:55.833	1.25054	1.25057			6
2025.02.06	02:11:56.139	1.25055	1.25059			6
2025.02.06	02:11:59.216	1.25056				2
2025.02.06	02:12:00.141	1.25056				2
2025.02.06	02:12:03.246	1.25057				2
2025.02.06	02:12:04.172	1.25056				2
2025.02.06	02:12:05.402	1.25057				2
2025.02.06	02:12:06.945	1.25056				2
2025.02.06	02:12:10.942	1.25055	1.25058			6
2025.02.06	02:12:16.466	1.25056	1.25059			6
2025.02.06	02:12:21.363	1.25055	1.25058			6
2025.02.06	02:12:46.190	1.25056	1.25059			6
2025.02.06	02:12:46.802	1.25055	1.25058			6
2025.02.06	02:12:50.808	1.25056	1.25059			6
2025.02.06	02:12:51.734	1.25057	1.25060			6
2025.02.06	02:12:52.041	1.25056	1.25059			6
2025.02.06	02:12:52.968	1.25058	1.25061			6
2025.02.06	02:12:53.277	1.25059	1.25062			6
2025.02.06	02:12:56.989	1.25058	1.25061			6
2025.02.06	02:12:57.289	1.25061	1.25064			6
2025.02.06	02:12:57.590	1.25063	1.25065			6
2025.02.06	02:12:58.214	1.25062	1.25064			6
2025.02.06	02:12:58.825		1.25065			4
2025.02.06	02:12:59.443		1.25064			4
2025.02.06	02:13:00.059	1.25062				2
2025.02.06	02:13:00.369	1.25065	1.25069			6
2025.02.06	02:13:01.601		1.25068			4
2025.02.06	02:13:01.910	1.25064				2
2025.02.06	02:13:10.221	1.25062	1.25064			6
2025.02.06	02:13:10.524	1.25059	1.25063			6
2025.02.06	02:13:10.834	1.25060	1.25064			6
2025.02.06	02:13:12.378	1.25059				2
2025.02.06	02:13:15.759	1.25060				2
2025.02.06	02:13:16.374	1.25059				2
2025.02.06	02:13:19.449	1.25060				2
2025.02.06	02:13:21.302	1.25061				2
2025.02.06	02:13:23.455	1.25060				2
2025.02.06	02:13:25.297	1.25059				2
2025.02.06	02:13:26.222		1.25063			4
2025.02.06	02:13:27.132		1.25064			4
2025.02.06	02:13:28.352	1.25060				2
2025.02.06	02:13:29.269	1.25058	1.25062			6
2025.02.06	02:13:30.190		1.25063			4
2025.02.06	02:13:31.105		1.25062			4
2025.02.06	02:13:32.023	1.25059	1.25063			6
2025.02.06	02:13:32.326	1.25060	1.25064			6
2025.02.06	02:13:33.859	1.25061				2
2025.02.06	02:13:34.474	1.25060				2
2025.02.06	02:13:34.784	1.25062	1.25065			6
2025.02.06	02:13:44.630	1.25060	1.25064			6
2025.02.06	02:13:52.340	1.25062	1.25065			6
2025.02.06	02:14:00.298	1.25062				2
2025.02.06	02:14:00.604	1.25063	1.25066			6
2025.02.06	02:14:00.914	1.25065	1.25068			6
2025.02.06	02:14:01.221	1.25066	1.25069			6
2025.02.06	02:14:02.143	1.25065				2
2025.02.06	02:14:09.549	1.25066	1.25070			6
2025.02.06	02:14:09.856	1.25065	1.25069			6
2025.02.06	02:14:10.162		1.25068			4
2025.02.06	02:14:11.397	1.25066				2
2025.02.06	02:14:16.935	1.25068	1.25069			6
2025.02.06	02:14:19.094	1.25069	1.25070			6
2025.02.06	02:14:19.405	1.25068	1.25069			6
2025.02.06	02:14:20.943		1.25070			4
2025.02.06	02:14:21.257		1.25069			4
2025.02.06	02:14:21.567	1.25070	1.25072			6
2025.02.06	02:14:21.870	1.25069				2
2025.02.06	02:14:22.180	1.25068	1.25071			6
2025.02.06	02:14:26.792	1.25069				2
2025.02.06	02:14:28.644	1.25068				2
2025.02.06	02:14:30.490	1.25067	1.25070			6
2025.02.06	02:14:34.815	1.25068	1.25071			6
2025.02.06	02:14:35.127	1.25067	1.25070			6
2025.02.06	02:14:35.433	1.25068				2
2025.02.06	02:14:36.359	1.25067				2
2025.02.06	02:14:36.976	1.25068				2
2025.02.06	02:14:37.281		1.25071			4
2025.02.06	02:14:37.589	1.25067	1.25070			6
2025.02.06	02:14:43.456	1.25070	1.25073			6
2025.02.06	02:14:44.071	1.25076	1.25078			6
2025.02.06	02:14:44.687		1.25077			4
2025.02.06	02:14:44.993	1.25075				2
2025.02.06	02:14:45.302	1.25074				2
2025.02.06	02:14:48.066	1.25075	1.25078			6
2025.02.06	02:14:53.324	1.25076				2
2025.02.06	02:14:55.787	1.25075				2
2025.02.06	02:14:56.402	1.25076				2
2025.02.06	02:15:00.100	1.25075				2
2025.02.06	02:15:00.403	1.25074	1.25077			6
2025.02.06	02:15:01.333		1.25078			4
2025.02.06	02:15:04.413	1.25073				2
2025.02.06	02:15:04.721	1.25074				2
2025.02.06	02:15:11.194	1.25075				2
2025.02.06	02:15:19.827		1.25079			4
2025.02.06	02:15:20.132	1.25076				2
2025.02.06	02:15:21.348	1.25078	1.25082			6
2025.02.06	02:15:21.655	1.25080	1.25081			6
2025.02.06	02:15:23.511	1.25082	1.25083			6
2025.02.06	02:15:23.817	1.25080	1.25081			6
2025.02.06	02:15:24.131		1.25082			4
2025.02.06	02:15:24.432	1.25079	1.25080			6
2025.02.06	02:15:25.357		1.25081			4
2025.02.06	02:15:25.671		1.25080			4
2025.02.06	02:15:25.979		1.25081			4
2025.02.06	02:15:26.588		1.25080			4
2025.02.06	02:15:27.205		1.25081			4
2025.02.06	02:15:27.820	1.25080				2
2025.02.06	02:15:30.599	1.25079				2
2025.02.06	02:15:30.908	1.25080				2
2025.02.06	02:15:32.143	1.25079	1.25080			6
2025.02.06	02:15:32.761	1.25078	1.25079			6
2025.02.06	02:15:33.067	1.25076	1.25078			6
2025.02.06	02:15:33.373	1.25075				2
2025.02.06	02:15:33.682	1.25076				2
2025.02.06	02:15:33.992		1.25079			4
2025.02.06	02:15:34.300	1.25075	1.25078			6
2025.02.06	02:15:34.916		1.25079			4
2025.02.06	02:15:35.847		1.25080			4
2025.02.06	02:15:36.460		1.25078			4
2025.02.06	02:15:37.384		1.25079			4
2025.02.06	02:15:39.541	1.25076				2
2025.02.06	02:15:39.857	1.25075				2
2025.02.06	02:15:41.399	1.25076				2
2025.02.06	02:15:43.235	1.25075	1.25078			6
2025.02.06	02:15:43.845	1.25076				2
2025.02.06	02:15:44.154	1.25075				2
2025.02.06	02:15:45.686		1.25077			4
2025.02.06	02:15:46.295		1.25078			4
2025.02.06	02:15:47.215		1.25077			4
2025.02.06	02:15:47.515		1.25078			4
2025.02.06	02:15:54.547	1.25076				2
2025.02.06	02:15:55.156	1.25075				2
2025.02.06	02:15:57.894	1.25076	1.25079			6
2025.02.06	02:15:58.506		1.25078			4
2025.02.06	02:16:00.023	1.25076				2
2025.02.06	02:16:02.160	1.25075				2
2025.02.06	02:16:19.638	1.25074	1.25077			6
2025.02.06	02:16:20.255	1.25075	1.25078			6
2025.02.06	02:16:22.714	1.25073	1.25076			6
2025.02.06	02:16:23.026		1.25075			4
2025.02.06	02:16:23.340	1.25070	1.25073			6
2025.02.06	02:16:23.647	1.25068	1.25071			6
2025.02.06	02:16:24.263	1.25065	1.25070			6
2025.02.06	02:16:24.879	1.25064	1.25069			6
2025.02.06	02:16:25.188	1.25063	1.25068			6
2025.02.06	02:16:31.657	1.25062	1.25067			6
2025.02.06	02:16:37.201	1.25063	1.25068			6
2025.02.06	02:16:43.033	1.25062	1.25067			6
2025.02.06	02:16:44.253	1.25063				2
2025.02.06	02:16:46.702	1.25062	1.25066			6
2025.02.06	02:16:47.323	1.25063	1.25067			6
2025.02.06	02:16:48.249	1.25062	1.25066			6
2025.02.06	02:16:49.791	1.25063	1.25067			6
2025.02.06	02:16:50.095	1.25062	1.25066			6
2025.02.06	02:16:52.879	1.25063	1.25067			6
2025.02.06	02:16:57.179	1.25064				2
2025.02.06	02:16:57.487	1.25063				2
2025.02.06	02:17:00.255	1.25063				2
2025.02.06	02:17:01.181	1.25061	1.25063			6
2025.02.06	02:17:01.485	1.25056	1.25060			6
2025.02.06	02:17:01.792	1.25055	1.25059			6
2025.02.06	02:17:02.101	1.25053	1.25058			6
2025.02.06	02:17:02.406	1.25052	1.25057			6
2025.02.06	02:17:03.019		1.25058			4
2025.02.06	02:17:03.327		1.25057			4
2025.02.06	02:17:07.958	1.25053				2
2025.02.06	02:17:18.431	1.25052				2
2025.02.06	02:17:19.048	1.25053				2
2025.02.06	02:17:21.824	1.25052				2
2025.02.06	02:17:24.283		1.25053			4
2025.02.06	02:17:24.648	1.25047				2
2025.02.06	02:17:26.032	1.25048				2
2025.02.06	02:17:28.907	1.25046	1.25050			6
2025.02.06	02:17:29.527		1.25049			4
2025.02.06	02:17:30.138	1.25045				2
2025.02.06	02:17:30.751		1.25050			4
2025.02.06	02:17:31.672		1.25048			4
2025.02.06	02:17:31.977	1.25043				2
2025.02.06	02:17:37.210	1.25044				2
2025.02.06	02:17:37.516	1.25043				2
2025.02.06	02:17:52.528	1.25044				2
2025.02.06	02:17:55.605	1.25042	1.25047			6
2025.02.06	02:17:59.925	1.25044				2
2025.02.06	02:18:00.229	1.25044				2
2025.02.06	02:18:01.776		1.25046			4
2025.02.06	02:18:02.084	1.25036	1.25039			6
2025.02.06	02:18:02.389	1.25035				2
2025.02.06	02:18:02.701	1.25033	1.25037			6
2025.02.06	02:18:13.926	1.25039	1.25040			6
2025.02.06	02:18:14.231		1.25045			4
2025.02.06	02:18:16.382	1.25038	1.25044			6
2025.02.06	02:18:16.700	1.25039				2
2025.02.06	02:18:17.005		1.25045			4
2025.02.06	02:18:17.314		1.25044			4
2025.02.06	02:18:17.931		1.25045			4
2025.02.06	02:18:20.078		1.25044			4
2025.02.06	02:18:20.385		1.25045			4
2025.02.06	02:18:21.308		1.25044			4
2025.02.06	02:18:21.615	1.25038				2
2025.02.06	02:18:29.897	1.25037				2
2025.02.06	02:18:30.204	1.25038				2
2025.02.06	02:18:31.728	1.25035	1.25041			6
2025.02.06	02:18:32.340	1.25037	1.25043			6
2025.02.06	02:18:33.567		1.25042			4
2025.02.06	02:18:33.867		1.25043			4
2025.02.06	02:18:34.791	1.25038				2
2025.02.06	02:18:35.101	1.25037				2
2025.02.06	02:18:35.708	1.25038				2
2025.02.06	02:18:36.330	1.25037				2
2025.02.06	02:18:36.633		1.25042			4
2025.02.06	02:18:37.247		1.25043			4
2025.02.06	02:18:37.871	1.25038				2
2025.02.06	02:18:38.793		1.25042			4
2025.02.06	02:18:39.108		1.25043			4
2025.02.06	02:18:40.333	1.25037				2
2025.02.06	02:18:40.642	1.25038				2
2025.02.06	02:18:43.798	1.25039	1.25044			6
2025.02.06	02:18:45.343	1.25043	1.25048			6
2025.02.06	02:18:48.727	1.25045				2
2025.02.06	02:18:49.037		1.25049			4
2025.02.06	02:18:49.346		1.25048			4
2025.02.06	02:18:50.580	1.25044				2
2025.02.06	02:18:51.502		1.25049			4
2025.02.06	02:18:51.808	1.25045				2
2025.02.06	02:18:52.118		1.25048			4
2025.02.06	02:18:52.425		1.25049			4
2025.02.06	02:18:58.594		1.25048			4
2025.02.06	02:18:59.514		1.25049			4
2025.02.06	02:18:59.825		1.25048			4
2025.02.06	02:19:00.129	1.25045				2
2025.02.06	02:19:00.751		1.25049			4
2025.02.06	02:19:02.285	1.25044				2
2025.02.06	02:19:02.592	1.25043	1.25048			6
2025.02.06	02:19:02.907	1.25044				2
2025.02.06	02:19:07.215	1.25043				2
2025.02.06	02:19:07.521	1.25044				2
2025.02.06	02:19:09.368	1.25045				2
2025.02.06	02:19:10.290		1.25049			4
2025.02.06	02:19:11.216		1.25048			4
2025.02.06	02:19:12.138		1.25049			4
2025.02.06	02:19:12.439		1.25048			4
2025.02.06	02:19:14.909		1.25049			4
2025.02.06	02:19:15.211		1.25048			4
2025.02.06	02:19:18.285		1.25049			4
2025.02.06	02:19:19.210		1.25048			4
2025.02.06	02:19:19.514		1.25049			4
2025.02.06	02:19:21.953	1.25046				2
2025.02.06	02:19:22.871	1.25045				2
2025.02.06	02:19:23.172		1.25048			4
2025.02.06	02:19:23.477	1.25046				2
2025.02.06	02:19:24.517	1.25045				2
2025.02.06	02:19:25.121	1.25046				2
2025.02.06	02:19:25.423	1.25045				2
2025.02.06	02:19:25.727		1.25047			4
2025.02.06	02:19:26.948		1.25048			4
2025.02.06	02:19:27.561		1.25047			4
2025.02.06	02:19:28.168		1.25048			4
2025.02.06	02:19:28.471		1.25047			4
2025.02.06	02:19:28.773		1.25048			4
2025.02.06	02:19:29.381	1.25044				2
2025.02.06	02:19:31.518	1.25045				2
2025.02.06	02:19:32.430	1.25044				2
2025.02.06	02:19:32.737		1.25045			4
2025.02.06	02:19:33.047	1.25040	1.25043			6
2025.02.06	02:19:34.280	1.25039				2
2025.02.06	02:19:37.061	1.25038				2
2025.02.06	02:19:40.762		1.25042			4
2025.02.06	02:19:44.150	1.25037	1.25039			6
2025.02.06	02:19:44.455	1.25035	1.25038			6
2025.02.06	02:19:44.771	1.25034	1.25037			6
2025.02.06	02:19:45.388	1.25033				2
2025.02.06	02:19:48.166	1.25034				2
2025.02.06	02:19:57.101	1.25035				2
2025.02.06	02:19:59.234	1.25034				2
2025.02.06	02:20:00.151	1.25034				2
2025.02.06	02:20:02.614	1.25035				2
2025.02.06	02:20:02.916	1.25034				2
2025.02.06	02:20:03.216	1.25035				2
2025.02.06	02:20:03.823	1.25034				2
2025.02.06	02:20:04.743	1.25035				2
2025.02.06	02:20:07.187	1.25034				2
2025.02.06	02:20:09.306	1.25035				2
2025.02.06	02:20:23.046	1.25030	1.25031			6
2025.02.06	02:20:23.352	1.25026	1.25027			6
2025.02.06	02:20:23.658	1.25025				2
2025.02.06	02:20:23.961	1.25024				2
2025.02.06	02:20:31.664	1.25023	1.25026			6
2025.02.06	02:20:38.758	1.25024	1.25027			6
2025.02.06	02:20:40.605	1.25023	1.25026			6
2025.02.06	02:20:40.922	1.25024	1.25027			6
2025.02.06	02:20:43.691	1.25025				2
2025.02.06	02:20:48.620	1.25024				2
2025.02.06	02:20:49.235	1.25025				2
2025.02.06	02:20:50.778	1.25024				2
2025.02.06	02:20:54.456	1.25025				2
2025.02.06	02:20:56.917	1.25023	1.25026			6
2025.02.06	02:20:57.225	1.25024	1.25027			6
2025.02.06	02:20:58.461	1.25023	1.25026			6
2025.02.06	02:21:00.301	1.25023				2
2025.02.06	02:21:01.223	1.25020	1.25022			6
2025.02.06	02:21:02.451	1.25019				2
2025.02.06	02:21:03.068	1.25017	1.25019			6
2025.02.06	02:21:03.378	1.25015	1.25017			6
2025.02.06	02:21:04.608		1.25016			4
2025.02.06	02:21:10.767	1.25016	1.25017			6
2025.02.06	02:21:17.542	1.25015				2
2025.02.06	02:21:31.946		1.25016			4
2025.02.06	02:21:37.144		1.25017			4
2025.02.06	02:21:38.061		1.25016			4
2025.02.06	02:21:38.365		1.25017			4
2025.02.06	02:21:41.117	1.25014				2
2025.02.06	02:21:41.426	1.25013	1.25016			6
2025.02.06	02:21:41.729	1.25014				2
2025.02.06	02:21:42.034	1.25013				2
2025.02.06	02:21:44.170	1.25016	1.25018			6
2025.02.06	02:21:44.776		1.25019			4
2025.02.06	02:21:46.919	1.25017	1.25020			6
2025.02.06	02:21:48.750		1.25021			4
2025.02.06	02:21:52.720		1.25020			4
2025.02.06	02:21:53.330	1.25016				2
2025.02.06	02:21:55.162	1.25015	1.25018			6
2025.02.06	02:21:55.468		1.25017			4
2025.02.06	02:21:56.091	1.25013	1.25016			6
2025.02.06	02:21:56.701	1.25012	1.25015			6
2025.02.06	02:22:00.090	1.25012				2
2025.02.06	02:22:00.397	1.25010	1.25013			6
2025.02.06	02:22:00.702	1.25011	1.25014			6
2025.02.06	02:22:01.627	1.25012				2
2025.02.06	02:22:01.935	1.25011				2
2025.02.06	02:22:02.547	1.25012	1.25015			6
2025.02.06	02:22:05.917	1.25011				2
2025.02.06	02:22:10.498	1.25014	1.25018			6
2025.02.06	02:22:10.804	1.25015				2
2025.02.06	02:22:11.115	1.25014				2
2025.02.06	02:22:11.416	1.25013				2
2025.02.06	02:22:12.338	1.25014	1.25019			6
2025.02.06	02:22:14.493	1.25015				2
2025.02.06	02:22:15.114	1.25014	1.25017			6
2025.02.06	02:22:16.342	1.25013				2
2025.02.06	02:22:16.955	1.25014	1.25019			6
2025.02.06	02:22:17.268	1.25015				2
2025.02.06	02:22:22.160	1.25014	1.25018			6
2025.02.06	02:22:24.302	1.25015				2
2025.02.06	02:22:26.452	1.25016	1.25020			6
2025.02.06	02:22:27.074	1.25017				2
2025.02.06	02:22:27.689		1.25021			4
2025.02.06	02:22:28.302	1.25016	1.25019			6
2025.02.06	02:22:29.219	1.25015				2
2025.02.06	02:22:31.666	1.25014	1.25018			6
2025.02.06	02:22:32.582	1.25015	1.25019			6
2025.02.06	02:22:32.885	1.25016				2
2025.02.06	02:22:35.957	1.25015				2
2025.02.06	02:22:36.574		1.25018			4
2025.02.06	02:22:37.183		1.25019			4
2025.02.06	02:22:37.483		1.25018			4
2025.02.06	02:22:37.785	1.25014				2
2025.02.06	02:22:40.568	1.25016	1.25020			6
2025.02.06	02:22:44.562	1.25017				2
2025.02.06	02:22:47.331	1.25016				2
2025.02.06	02:22:47.951	1.25017				2
2025.02.06	02:22:50.717		1.25019			4
2025.02.06	02:22:51.023	1.25015	1.25018			6
2025.02.06	02:22:51.948	1.25016	1.25019			6
2025.02.06	02:22:52.254	1.25015	1.25018			6
2025.02.06	02:22:52.562	1.25011	1.25014			6
2025.02.06	02:22:53.167	1.25010	1.25015			6
2025.02.06	02:22:54.102		1.25014			4
2025.02.06	02:22:54.716	1.25009				2
2025.02.06	02:22:55.332	1.25010				2
2025.02.06	02:22:56.562		1.25015			4
2025.02.06	02:22:57.491	1.25011				2
2025.02.06	02:22:57.803	1.25012				2
2025.02.06	02:22:58.723	1.25011				2
2025.02.06	02:23:00.261	1.25011	1.25014			6
2025.02.06	02:23:00.565	1.25014	1.25019			6
2025.02.06	02:23:01.187	1.25013				2
2025.02.06	02:23:01.801	1.25014	1.25018			6
2025.02.06	02:23:02.103		1.25019			4
2025.02.06	02:23:02.403	1.25013	1.25018			6
2025.02.06	02:23:03.320	1.25014				2
2025.02.06	02:23:03.626		1.25019			4
2025.02.06	02:23:04.857	1.25015				2
2025.02.06	02:23:06.401	1.25017	1.25020			6
2025.02.06	02:23:06.704	1.25016				2
2025.02.06	02:23:07.326	1.25017				2
2025.02.06	02:23:09.176		1.25021			4
2025.02.06	02:23:14.094	1.25018				2
2025.02.06	02:23:15.941		1.25020			4
2025.02.06	02:23:20.258		1.25021			4
2025.02.06	02:23:20.877	1.25017	1.25018			6
2025.02.06	02:23:21.182	1.25015				2
2025.02.06	02:23:22.418	1.25016	1.25019			6
2025.02.06	02:23:23.654		1.25020			4
2025.02.06	02:23:24.577		1.25018			4
2025.02.06	02:23:26.113	1.25018	1.25020			6
2025.02.06	02:23:26.422	1.25019				2
2025.02.06	02:23:26.722	1.25018				2
2025.02.06	02:23:30.117	1.25019	1.25022			6
2025.02.06	02:23:30.423	1.25017	1.25021			6
2025.02.06	02:23:31.348	1.25016				2
2025.02.06	02:23:31.658	1.25017	1.25022			6
2025.02.06	02:23:36.271	1.25018				2
2025.02.06	02:23:37.197	1.25026	1.25029			6
2025.02.06	02:23:37.512		1.25030			4
2025.02.06	02:23:37.812		1.25028			4
2025.02.06	02:23:38.125	1.25024	1.25029			6
2025.02.06	02:23:38.426		1.25028			4
2025.02.06	02:23:40.898		1.25030			4
2025.02.06	02:23:41.821	1.25025				2
2025.02.06	02:23:44.290	1.25026				2
2025.02.06	02:23:47.667	1.25024				2
2025.02.06	02:23:48.277	1.25026	1.25029			6
2025.02.06	02:23:49.198	1.25027				2
2025.02.06	02:23:49.503	1.25028	1.25030			6
2025.02.06	02:23:51.039	1.25027				2
2025.02.06	02:23:51.653	1.25033	1.25034			6
2025.02.06	02:23:51.960	1.25032				2
2025.02.06	02:23:52.277	1.25029				2
2025.02.06	02:23:53.498	1.25037	1.25040			6
2025.02.06	02:23:53.804	1.25038	1.25041			6
2025.02.06	02:23:54.127	1.25037				2
2025.02.06	02:23:59.670	1.25041	1.25045			6
2025.02.06	02:23:59.979	1.25042				2
2025.02.06	02:24:00.283	1.25039	1.25042			6
2025.02.06	02:24:00.584	1.25037	1.25041			6
2025.02.06	02:24:00.899	1.25036	1.25040			6
2025.02.06	02:24:01.518	1.25037				2
2025.02.06	02:24:02.439	1.25036				2
2025.02.06	02:24:02.742	1.25037				2
2025.02.06	02:24:03.682	1.25036				2
2025.02.06	02:24:03.986	1.25037				2
2025.02.06	02:24:04.290	1.25036				2
2025.02.06	02:24:04.601	1.25037				2
2025.02.06	02:24:05.831		1.25042			4
2025.02.06	02:24:07.994		1.25041			4
2025.02.06	02:24:11.064		1.25040			4
2025.02.06	02:24:12.923		1.25041			4
2025.02.06	02:24:17.530	1.25034	1.25038			6
2025.02.06	02:24:17.833	1.25033				2
2025.02.06	02:24:19.376		1.25037			4
2025.02.06	02:24:20.293		1.25038			4
2025.02.06	02:24:22.447	1.25032	1.25035			6
2025.02.06	02:24:25.527	1.25033	1.25037			6
2025.02.06	02:24:26.145		1.25038			4
2025.02.06	02:24:26.454		1.25037			4
2025.02.06	02:24:26.760	1.25028	1.25032			6
2025.02.06	02:24:27.066	1.25027	1.25033			6
2025.02.06	02:24:27.376	1.25028				2
2025.02.06	02:24:30.772	1.25029				2
2025.02.06	02:24:38.755	1.25028				2
2025.02.06	02:24:42.443	1.25025	1.25030			6
2025.02.06	02:24:44.578	1.25024				2
2025.02.06	02:24:44.881	1.25025	1.25028			6
2025.02.06	02:24:45.183	1.25024				2
2025.02.06	02:24:52.534	1.25023	1.25027			6
2025.02.06	02:24:54.690	1.25024				2
2025.02.06	02:24:54.994	1.25023				2
2025.02.06	02:24:59.607	1.25028	1.25033			6
2025.02.06	02:24:59.915		1.25034			4
2025.02.06	02:25:00.224	1.25028				2
2025.02.06	02:25:00.533	1.25027				2
2025.02.06	02:25:00.847	1.25028				2
2025.02.06	02:25:01.148		1.25033			4
2025.02.06	02:25:01.764	1.25029	1.25035			6
2025.02.06	02:25:02.070	1.25030	1.25036			6
2025.02.06	02:25:06.214	1.25032	1.25037			6
2025.02.06	02:25:10.205	1.25030	1.25036			6
2025.02.06	02:25:11.132	1.25029				2
2025.02.06	02:25:11.435	1.25030				2
2025.02.06	02:25:12.361	1.25029				2
2025.02.06	02:25:14.198	1.25030				2
2025.02.06	02:25:14.510	1.25029				2
2025.02.06	02:25:19.099	1.25030				2
2025.02.06	02:25:20.322	1.25032	1.25038			6
2025.02.06	02:25:21.842		1.25037			4
2025.02.06	02:25:24.294	1.25029	1.25035			6
2025.02.06	02:25:25.533	1.25028				2
2025.02.06	02:25:26.148		1.25034			4
2025.02.06	02:25:29.232	1.25029				2
2025.02.06	02:25:29.542	1.25028				2
2025.02.06	02:25:30.156	1.25029				2
2025.02.06	02:25:30.470	1.25031	1.25036			6
2025.02.06	02:25:31.397	1.25030				2
2025.02.06	02:25:36.635	1.25028	1.25032			6
2025.02.06	02:25:36.942	1.25031	1.25036			6
2025.02.06	02:25:37.247	1.25030				2
2025.02.06	02:25:37.557	1.25029	1.25035			6
2025.02.06	02:25:40.338		1.25034			4
2025.02.06	02:25:46.140		1.25033			4
2025.02.06	02:25:46.441	1.25027	1.25030			6
2025.02.06	02:25:46.742	1.25026				2
2025.02.06	02:25:47.356	1.25025	1.25031			6
2025.02.06	02:25:49.510		1.25030			4
2025.02.06	02:25:50.122	1.25026				2
2025.02.06	02:25:50.427	1.25027	1.25031			6
2025.02.06	02:25:51.041		1.25030			4
2025.02.06	02:25:54.439	1.25030	1.25035			6
2025.02.06	02:25:55.363		1.25036			4
2025.02.06	02:25:56.900		1.25035			4
2025.02.06	02:25:57.516	1.25029				2
2025.02.06	02:25:57.822	1.25034	1.25040			6
2025.02.06	02:25:58.131	1.25035				2
2025.02.06	02:25:59.356	1.25034				2
2025.02.06	02:26:00.276	1.25034				2
2025.02.06	02:26:00.583	1.25035				2
2025.02.06	02:26:00.890	1.25034				2
2025.02.06	02:26:02.742	1.25035	1.25041			6
