<DATE>	<TIME>	<BID>	<ASK>	<LAST>	<VOLUME>	<FLAGS>
2025.06.02	00:03:31.064	1.34604	1.34679			6
2025.06.02	00:04:00.942	1.34604				2
2025.06.02	00:04:50.938		1.34679			4
2025.06.02	00:05:09.976	1.34604				2
2025.06.02	00:05:58.795		1.34679			4
2025.06.02	00:06:04.979	1.34604				2
2025.06.02	00:06:59.983		1.34679			4
2025.06.02	00:07:00.516	1.34604				2
2025.06.02	00:07:11.490	1.34607				2
2025.06.02	00:07:13.243		1.34678			4
2025.06.02	00:08:00.935	1.34607				2
2025.06.02	00:08:18.682		1.34678			4
2025.06.02	00:08:52.160	1.34614				2
2025.06.02	00:09:03.244	1.34614				2
2025.06.02	00:09:35.287		1.34678			4
2025.06.02	00:10:00.465	1.34614				2
2025.06.02	00:10:01.962		1.34679			4
2025.06.02	00:11:02.861	1.34614	1.34679			6
2025.06.02	00:11:17.863		1.34678			4
2025.06.02	00:11:20.526		1.34679			4
2025.06.02	00:11:41.139		1.34678			4
2025.06.02	00:11:45.292		1.34679			4
2025.06.02	00:12:00.466	1.34614				2
2025.06.02	00:12:47.110		1.34679			4
2025.06.02	00:13:00.927	1.34614				2
2025.06.02	00:13:47.267		1.34679			4
2025.06.02	00:14:00.935	1.34614				2
2025.06.02	00:14:50.937		1.34679			4
2025.06.02	00:15:00.953	1.34614	1.34681			6
2025.06.02	00:16:00.165	1.34614				2
2025.06.02	00:16:01.962		1.34681			4
2025.06.02	00:17:00.535	1.34614				2
2025.06.02	00:17:06.165		1.34681			4
2025.06.02	00:18:00.524	1.34614				2
2025.06.02	00:18:07.680		1.34681			4
2025.06.02	00:18:26.583		1.34679			4
2025.06.02	00:18:29.420		1.34678			4
2025.06.02	00:18:52.847	1.34613				2
2025.06.02	00:19:01.960	1.34613				2
2025.06.02	00:19:30.172		1.34678			4
2025.06.02	00:19:38.702		1.34679			4
2025.06.02	00:20:00.086	1.34613				2
2025.06.02	00:20:31.560	1.34607				2
2025.06.02	00:20:40.061		1.34679			4
2025.06.02	00:20:41.564	1.34608				2
2025.06.02	00:20:42.128	1.34606				2
2025.06.02	00:20:43.961	1.34605				2
2025.06.02	00:20:50.525	1.34607				2
2025.06.02	00:20:55.140	1.34614	1.34675			6
2025.06.02	00:20:55.720	1.34528	1.34662			6
2025.06.02	00:20:58.346	1.34546				2
2025.06.02	00:20:58.960	1.34566				2
2025.06.02	00:20:59.410	1.34564				2
2025.06.02	00:21:05.120	1.34564				2
2025.06.02	00:21:09.412	1.34565				2
2025.06.02	00:21:22.318	1.34529				2
2025.06.02	00:21:23.447	1.34546				2
2025.06.02	00:21:24.462	1.34547				2
2025.06.02	00:21:25.402	1.34531	1.34652			6
2025.06.02	00:21:29.060	1.34539				2
2025.06.02	00:21:29.364	1.34524				2
2025.06.02	00:21:35.147	1.34522				2
2025.06.02	00:21:41.553	1.34531				2
2025.06.02	00:21:41.858	1.34524				2
2025.06.02	00:21:42.159	1.34533				2
2025.06.02	00:21:45.249	1.34524				2
2025.06.02	00:21:45.557	1.34539				2
2025.06.02	00:21:45.857	1.34524				2
2025.06.02	00:21:46.160	1.34532				2
2025.06.02	00:21:46.771	1.34524				2
2025.06.02	00:21:50.111	1.34522				2
2025.06.02	00:21:52.239	1.34524				2
2025.06.02	00:21:52.540	1.34532				2
2025.06.02	00:21:55.284	1.34530				2
2025.06.02	00:21:55.585	1.34516				2
2025.06.02	00:22:00.145	1.34516				2
2025.06.02	00:22:01.059	1.34521				2
2025.06.02	00:22:05.618	1.34530				2
2025.06.02	00:22:09.904	1.34525				2
2025.06.02	00:22:13.568	1.34524				2
2025.06.02	00:22:15.415	1.34539				2
2025.06.02	00:22:15.720	1.34516				2
2025.06.02	00:22:25.425		1.34652			4
2025.06.02	00:22:25.730	1.34524				2
2025.06.02	00:22:35.244	1.34522				2
2025.06.02	00:22:45.674	1.34516				2
2025.06.02	00:22:45.979	1.34530				2
2025.06.02	00:22:55.842	1.34522				2
2025.06.02	00:23:00.136	1.34522				2
2025.06.02	00:23:26.260	1.34530	1.34652			6
2025.06.02	00:23:36.341	1.34522				2
2025.06.02	00:23:46.414	1.34530				2
2025.06.02	00:23:46.919	1.34533				2
2025.06.02	00:23:56.504	1.34530				2
2025.06.02	00:24:01.327	1.34522				2
2025.06.02	00:24:16.690	1.34530				2
2025.06.02	00:24:26.784	1.34522	1.34652			6
2025.06.02	00:24:55.034	1.34524				2
2025.06.02	00:24:56.037	1.34532				2
2025.06.02	00:24:56.537	1.34516				2
2025.06.02	00:25:00.936	1.34516				2
2025.06.02	00:25:07.137	1.34523				2
2025.06.02	00:25:07.642	1.34517				2
2025.06.02	00:25:09.314	1.34524				2
2025.06.02	00:25:09.812	1.34521				2
2025.06.02	00:25:10.803	1.34530				2
2025.06.02	00:25:15.319	1.34516				2
2025.06.02	00:25:19.262	1.34520				2
2025.06.02	00:25:26.957		1.34652			4
2025.06.02	00:25:27.329	1.34516				2
2025.06.02	00:25:32.199	1.34521				2
2025.06.02	00:25:33.055	1.34555				2
2025.06.02	00:25:37.413	1.34521	1.34639			6
2025.06.02	00:25:37.833	1.34554				2
2025.06.02	00:25:45.988	1.34524	1.34626			6
2025.06.02	00:25:46.493	1.34518				2
2025.06.02	00:25:49.649	1.34550				2
2025.06.02	00:25:49.964	1.34551				2
2025.06.02	00:25:54.465	1.34521				2
2025.06.02	00:26:00.525	1.34521				2
2025.06.02	00:26:10.523	1.34552				2
2025.06.02	00:26:10.824	1.34519	1.34639			6
2025.06.02	00:26:14.041	1.34553				2
2025.06.02	00:26:14.560	1.34554				2
2025.06.02	00:26:17.006	1.34552	1.34634			6
2025.06.02	00:26:17.564	1.34555				2
2025.06.02	00:26:27.860	1.34554				2
2025.06.02	00:26:37.425	1.34555				2
2025.06.02	00:26:37.946	1.34554				2
2025.06.02	00:26:40.046	1.34549				2
2025.06.02	00:26:57.719	1.34523	1.34626			6
2025.06.02	00:27:00.522	1.34523				2
2025.06.02	00:27:10.523		1.34625			4
2025.06.02	00:27:17.399	1.34524				2
2025.06.02	00:27:25.966	1.34525				2
2025.06.02	00:27:42.360	1.34528				2
2025.06.02	00:28:00.523	1.34528				2
2025.06.02	00:28:10.524		1.34625			4
2025.06.02	00:29:00.522	1.34528				2
2025.06.02	00:29:01.062	1.34529				2
2025.06.02	00:29:12.162		1.34625			4
2025.06.02	00:30:00.305	1.34529				2
2025.06.02	00:30:13.066		1.34625			4
2025.06.02	00:30:20.526		1.34628			4
2025.06.02	00:31:00.935	1.34529				2
2025.06.02	00:31:25.979		1.34628			4
2025.06.02	00:32:00.377	1.34529				2
2025.06.02	00:32:35.831		1.34628			4
2025.06.02	00:33:00.938	1.34529				2
2025.06.02	00:33:01.363	1.34530				2
2025.06.02	00:33:28.507	1.34528				2
2025.06.02	00:33:29.538	1.34529				2
2025.06.02	00:33:31.286	1.34526				2
2025.06.02	00:33:31.977	1.34524				2
2025.06.02	00:33:34.590	1.34525				2
2025.06.02	00:33:42.062		1.34628			4
2025.06.02	00:34:00.525	1.34525				2
2025.06.02	00:35:00.524	1.34525	1.34628			6
2025.06.02	00:36:06.303	1.34525	1.34628			6
2025.06.02	00:36:09.466	1.34519				2
2025.06.02	00:36:11.677	1.34516	1.34623			6
2025.06.02	00:36:32.836	1.34515	1.34608			6
2025.06.02	00:36:47.598	1.34511				2
2025.06.02	00:36:54.075	1.34500	1.34600			6
2025.06.02	00:37:00.523	1.34500				2
2025.06.02	00:37:02.326	1.34498	1.34599			6
2025.06.02	00:37:03.171	1.34503				2
2025.06.02	00:37:12.463	1.34493	1.34587			6
2025.06.02	00:37:12.890	1.34494	1.34590			6
2025.06.02	00:37:16.663	1.34495				2
2025.06.02	00:37:23.263	1.34496				2
2025.06.02	00:37:23.952	1.34490	1.34589			6
2025.06.02	00:37:27.375	1.34488				2
2025.06.02	00:37:31.137	1.34485	1.34580			6
2025.06.02	00:37:31.442		1.34582			4
2025.06.02	00:37:33.530		1.34585			4
2025.06.02	00:37:34.524	1.34495				2
2025.06.02	00:37:57.460	1.34494	1.34576			6
2025.06.02	00:38:00.523	1.34494				2
2025.06.02	00:38:01.767	1.34496	1.34585			6
2025.06.02	00:38:03.552	1.34498	1.34613			6
2025.06.02	00:38:07.360	1.34499				2
2025.06.02	00:38:08.518	1.34515				2
2025.06.02	00:38:18.812	1.34534	1.34619			6
2025.06.02	00:38:22.363	1.34535				2
2025.06.02	00:38:26.311		1.34620			4
2025.06.02	00:38:31.789	1.34534				2
2025.06.02	00:38:32.292	1.34535				2
2025.06.02	00:38:52.075	1.34522				2
2025.06.02	00:38:52.379		1.34614			4
2025.06.02	00:38:54.365	1.34524	1.34613			6
2025.06.02	00:38:56.562	1.34534	1.34620			6
2025.06.02	00:39:00.523	1.34534				2
2025.06.02	00:39:30.705	1.34533				2
2025.06.02	00:39:37.635	1.34535				2
2025.06.02	00:39:40.568	1.34536				2
2025.06.02	00:39:44.823	1.34537				2
2025.06.02	00:39:59.564	1.34536	1.34620			6
2025.06.02	00:40:02.708	1.34537				2
2025.06.02	00:40:09.439	1.34536				2
2025.06.02	00:41:03.163	1.34536	1.34620			6
2025.06.02	00:41:13.395	1.34535				2
2025.06.02	00:42:00.523	1.34535				2
2025.06.02	00:42:04.363		1.34620			4
2025.06.02	00:42:58.062	1.34534				2
2025.06.02	00:43:04.662	1.34534	1.34620			6
2025.06.02	00:43:22.077	1.34533				2
2025.06.02	00:43:26.763		1.34619			4
2025.06.02	00:43:39.975	1.34534				2
2025.06.02	00:43:59.355		1.34620			4
2025.06.02	00:44:00.226	1.34533				2
2025.06.02	00:44:25.100	1.34534				2
2025.06.02	00:44:34.923	1.34533				2
2025.06.02	00:44:57.399	1.34532				2
2025.06.02	00:45:02.210	1.34515	1.34624			6
2025.06.02	00:45:04.363	1.34533	1.34620			6
2025.06.02	00:45:09.054	1.34549	1.34604			6
2025.06.02	00:45:15.174	1.34550				2
2025.06.02	00:45:29.914	1.34549				2
2025.06.02	00:46:00.279	1.34549				2
2025.06.02	00:46:09.161	1.34548	1.34604			6
2025.06.02	00:46:39.271	1.34547				2
2025.06.02	00:46:49.085		1.34603			4
2025.06.02	00:46:50.003		1.34604			4
2025.06.02	00:46:58.614	1.34548				2
2025.06.02	00:47:00.148	1.34548				2
2025.06.02	00:47:01.991	1.34530	1.34605			6
2025.06.02	00:47:04.444	1.34548	1.34604			6
2025.06.02	00:47:35.180		1.34600			4
2025.06.02	00:47:42.556		1.34599			4
2025.06.02	00:47:53.306		1.34598			4
2025.06.02	00:47:58.528	1.34549				2
2025.06.02	00:48:00.071	1.34549				2
2025.06.02	00:48:00.377		1.34599			4
2025.06.02	00:48:23.373	1.34547	1.34598			6
2025.06.02	00:48:32.857	1.34548	1.34599			6
2025.06.02	00:48:38.392		1.34598			4
2025.06.02	00:48:47.274		1.34599			4
2025.06.02	00:49:00.098	1.34548				2
2025.06.02	00:49:00.402		1.34598			4
2025.06.02	00:49:02.843		1.34599			4
2025.06.02	00:49:06.204		1.34598			4
2025.06.02	00:49:18.105	1.34547	1.34599			6
2025.06.02	00:49:19.940	1.34548	1.34600			6
2025.06.02	00:49:25.432	1.34549				2
2025.06.02	00:49:30.011		1.34601			4
2025.06.02	00:49:30.317	1.34550				2
2025.06.02	00:49:40.721	1.34549				2
2025.06.02	00:49:49.016		1.34600			4
2025.06.02	00:49:49.941	1.34550				2
2025.06.02	00:50:00.081	1.34550				2
2025.06.02	00:50:01.923		1.34599			4
2025.06.02	00:50:03.764		1.34600			4
2025.06.02	00:50:05.305		1.34599			4
2025.06.02	00:50:08.686		1.34600			4
2025.06.02	00:50:16.374		1.34601			4
2025.06.02	00:50:16.681		1.34600			4
2025.06.02	00:50:24.985		1.34599			4
2025.06.02	00:50:31.428		1.34598			4
2025.06.02	00:50:38.174		1.34597			4
2025.06.02	00:50:49.233		1.34596			4
2025.06.02	00:51:00.284	1.34550				2
2025.06.02	00:51:06.739		1.34597			4
2025.06.02	00:51:10.432		1.34598			4
2025.06.02	00:51:11.357		1.34592			4
2025.06.02	00:51:17.809		1.34595			4
2025.06.02	00:51:18.116		1.34597			4
2025.06.02	00:51:44.509	1.34551				2
2025.06.02	00:52:00.171	1.34551				2
2025.06.02	00:52:03.242	1.34550				2
2025.06.02	00:52:06.627		1.34591			4
2025.06.02	00:52:29.980		1.34599			4
2025.06.02	00:53:00.085	1.34550				2
2025.06.02	00:53:00.394		1.34598			4
2025.06.02	00:53:42.724		1.34603			4
2025.06.02	00:53:43.030		1.34599			4
2025.06.02	00:53:47.946	1.34549				2
2025.06.02	00:53:49.489		1.34600			4
2025.06.02	00:53:55.005	1.34550				2
2025.06.02	00:54:00.228	1.34550				2
2025.06.02	00:54:00.536		1.34599			4
2025.06.02	00:54:06.068		1.34594			4
2025.06.02	00:54:06.682		1.34591			4
2025.06.02	00:54:09.141	1.34549	1.34594			6
2025.06.02	00:54:09.449		1.34593			4
2025.06.02	00:54:16.204		1.34592			4
2025.06.02	00:54:24.202	1.34550				2
2025.06.02	00:54:36.477		1.34591			4
2025.06.02	00:54:37.706		1.34595			4
2025.06.02	00:54:54.289		1.34596			4
2025.06.02	00:55:00.130	1.34552	1.34598			6
2025.06.02	00:55:01.665		1.34596			4
2025.06.02	00:55:02.278		1.34597			4
2025.06.02	00:55:03.818	1.34551				2
2025.06.02	00:55:04.433		1.34596			4
2025.06.02	00:55:07.804		1.34598			4
2025.06.02	00:55:08.421	1.34552				2
2025.06.02	00:55:16.402		1.34596			4
2025.06.02	00:55:25.617		1.34610			4
2025.06.02	00:55:40.374	1.34551	1.34611			6
2025.06.02	00:55:53.591		1.34609			4
2025.06.02	00:56:00.043	1.34551				2
2025.06.02	00:56:00.350		1.34608			4
2025.06.02	00:56:01.574		1.34610			4
2025.06.02	00:56:02.191		1.34607			4
2025.06.02	00:56:31.063		1.34608			4
2025.06.02	00:56:40.598		1.34609			4
2025.06.02	00:56:45.518	1.34524	1.34606			6
2025.06.02	00:56:47.056		1.34607			4
2025.06.02	00:57:00.256	1.34524				2
2025.06.02	00:57:40.185	1.34523				2
2025.06.02	00:57:40.498		1.34605			4
2025.06.02	00:57:45.414	1.34524	1.34606			6
2025.06.02	00:57:46.339		1.34608			4
2025.06.02	00:57:47.876	1.34523				2
2025.06.02	00:57:54.318		1.34607			4
2025.06.02	00:58:00.158	1.34523				2
2025.06.02	00:58:41.626		1.34608			4
2025.06.02	00:58:47.474		1.34606			4
2025.06.02	00:58:52.699		1.34607			4
2025.06.02	00:59:00.082	1.34523				2
2025.06.02	00:59:14.822	1.34521				2
2025.06.02	00:59:30.188		1.34616			4
2025.06.02	00:59:30.501		1.34607			4
2025.06.02	00:59:42.812		1.34608			4
2025.06.02	01:00:00.002	1.34521				2
2025.06.02	01:00:00.316		1.34596			4
2025.06.02	01:00:00.621	1.34520	1.34598			6
2025.06.02	01:00:00.924	1.34521	1.34603			6
2025.06.02	01:00:01.529	1.34520	1.34597			6
2025.06.02	01:00:01.834		1.34591			4
2025.06.02	01:00:02.143		1.34592			4
2025.06.02	01:00:02.453	1.34490	1.34591			6
2025.06.02	01:00:02.762		1.34589			4
2025.06.02	01:00:03.372		1.34585			4
2025.06.02	01:00:03.680	1.34504	1.34596			6
2025.06.02	01:00:03.990	1.34501	1.34595			6
2025.06.02	01:00:04.301	1.34500	1.34600			6
2025.06.02	01:00:04.608	1.34527	1.34592			6
2025.06.02	01:00:04.911	1.34520	1.34579			6
2025.06.02	01:00:11.353		1.34578			4
2025.06.02	01:00:11.663		1.34577			4
2025.06.02	01:00:11.964		1.34576			4
2025.06.02	01:00:12.275		1.34577			4
2025.06.02	01:00:12.583		1.34576			4
2025.06.02	01:00:13.195		1.34577			4
2025.06.02	01:00:14.114		1.34576			4
2025.06.02	01:00:14.422		1.34559			4
2025.06.02	01:00:17.792	1.34521				2
2025.06.02	01:00:19.020		1.34545			4
2025.06.02	01:00:26.059	1.34517				2
2025.06.02	01:00:28.803		1.34543			4
2025.06.02	01:00:29.110		1.34544			4
2025.06.02	01:00:31.878		1.34552			4
2025.06.02	01:00:34.632	1.34526	1.34556			6
2025.06.02	01:00:34.940	1.34527				2
2025.06.02	01:00:39.214		1.34560			4
2025.06.02	01:00:39.824	1.34523	1.34547			6
2025.06.02	01:00:40.130	1.34522				2
2025.06.02	01:00:41.666	1.34523				2
2025.06.02	01:00:43.198	1.34522	1.34546			6
2025.06.02	01:00:43.813	1.34518				2
2025.06.02	01:00:44.116	1.34523	1.34545			6
2025.06.02	01:00:44.420		1.34547			4
2025.06.02	01:00:45.343		1.34558			4
2025.06.02	01:00:46.563		1.34566			4
2025.06.02	01:00:46.867	1.34525				2
2025.06.02	01:00:47.171	1.34545	1.34579			6
2025.06.02	01:00:47.476		1.34582			4
2025.06.02	01:00:47.778		1.34580			4
2025.06.02	01:00:48.385		1.34581			4
2025.06.02	01:00:48.994		1.34580			4
2025.06.02	01:00:49.598		1.34581			4
2025.06.02	01:00:49.903		1.34580			4
2025.06.02	01:00:50.207		1.34579			4
2025.06.02	01:00:50.509	1.34542	1.34577			6
2025.06.02	01:00:50.814	1.34533	1.34581			6
2025.06.02	01:00:51.118		1.34584			4
2025.06.02	01:00:51.420	1.34537	1.34582			6
2025.06.02	01:00:51.722		1.34581			4
2025.06.02	01:00:52.633		1.34583			4
2025.06.02	01:00:53.240		1.34581			4
2025.06.02	01:00:54.465	1.34526	1.34551			6
2025.06.02	01:00:54.769	1.34530	1.34561			6
2025.06.02	01:00:55.077	1.34528				2
2025.06.02	01:00:57.206	1.34536				2
2025.06.02	01:00:57.510		1.34562			4
2025.06.02	01:00:59.341		1.34560			4
2025.06.02	01:01:00.262	1.34542				2
2025.06.02	01:01:00.872	1.34540				2
2025.06.02	01:01:04.532	1.34541				2
2025.06.02	01:01:06.978	1.34551	1.34564			6
2025.06.02	01:01:07.281	1.34552				2
2025.06.02	01:01:07.898	1.34551	1.34569			6
2025.06.02	01:01:10.349		1.34558			4
2025.06.02	01:01:10.957	1.34570	1.34574			6
2025.06.02	01:01:11.264		1.34576			4
2025.06.02	01:01:11.571		1.34575			4
2025.06.02	01:01:11.880	1.34571	1.34578			6
2025.06.02	01:01:12.493		1.34577			4
2025.06.02	01:01:13.110		1.34578			4
2025.06.02	01:01:14.032	1.34570	1.34577			6
2025.06.02	01:01:15.874	1.34571	1.34578			6
2025.06.02	01:01:16.179	1.34572	1.34579			6
2025.06.02	01:01:18.319	1.34573	1.34580			6
2025.06.02	01:01:18.926	1.34572	1.34579			6
2025.06.02	01:01:19.552	1.34573	1.34580			6
2025.06.02	01:01:19.853	1.34572	1.34579			6
2025.06.02	01:01:28.421	1.34573	1.34580			6
2025.06.02	01:01:28.726	1.34574	1.34581			6
2025.06.02	01:01:29.334	1.34573	1.34580			6
2025.06.02	01:01:33.313	1.34572	1.34579			6
2025.06.02	01:01:33.917	1.34575	1.34582			6
2025.06.02	01:01:37.264	1.34570	1.34577			6
2025.06.02	01:01:44.304	1.34571	1.34578			6
2025.06.02	01:01:45.837	1.34570	1.34577			6
2025.06.02	01:01:49.498	1.34566	1.34573			6
2025.06.02	01:02:00.210	1.34566				2
2025.06.02	01:02:02.051	1.34570	1.34577			6
2025.06.02	01:02:03.291		1.34576			4
2025.06.02	01:02:04.508	1.34557	1.34574			6
2025.06.02	01:02:10.636		1.34575			4
2025.06.02	01:03:00.165	1.34557				2
2025.06.02	01:03:02.611	1.34578	1.34584			6
2025.06.02	01:03:02.914	1.34580	1.34585			6
2025.06.02	01:03:04.736	1.34579				2
2025.06.02	01:03:08.393	1.34577	1.34583			6
2025.06.02	01:03:09.001	1.34579	1.34585			6
2025.06.02	01:03:13.586	1.34578	1.34584			6
2025.06.02	01:03:16.626	1.34579	1.34585			6
2025.06.02	01:03:17.848	1.34580	1.34586			6
2025.06.02	01:03:19.678	1.34579	1.34585			6
2025.06.02	01:03:21.527	1.34580	1.34586			6
2025.06.02	01:03:21.829	1.34581				2
2025.06.02	01:03:22.132	1.34580				2
2025.06.02	01:03:22.434	1.34579	1.34585			6
2025.06.02	01:03:24.255	1.34580	1.34586			6
2025.06.02	01:03:25.170	1.34581				2
2025.06.02	01:03:27.607		1.34587			4
2025.06.02	01:03:27.909	1.34580	1.34586			6
2025.06.02	01:03:37.686	1.34581	1.34587			6
2025.06.02	01:03:39.520	1.34582	1.34588			6
2025.06.02	01:03:40.128	1.34581	1.34587			6
2025.06.02	01:03:41.038	1.34582	1.34588			6
2025.06.02	01:03:42.552	1.34581	1.34587			6
2025.06.02	01:03:45.903	1.34582	1.34588			6
2025.06.02	01:03:46.208	1.34586	1.34592			6
2025.06.02	01:03:47.119	1.34585	1.34591			6
2025.06.02	01:03:47.421	1.34586	1.34592			6
2025.06.02	01:03:49.848	1.34585	1.34591			6
2025.06.02	01:03:50.156	1.34584	1.34590			6
2025.06.02	01:03:50.461	1.34585	1.34591			6
2025.06.02	01:03:51.074	1.34584	1.34590			6
2025.06.02	01:03:51.376	1.34583	1.34589			6
2025.06.02	01:03:51.682	1.34584	1.34590			6
2025.06.02	01:03:52.900	1.34583	1.34589			6
2025.06.02	01:03:53.822	1.34581	1.34587			6
2025.06.02	01:03:54.739	1.34582	1.34588			6
2025.06.02	01:03:55.047	1.34580	1.34586			6
2025.06.02	01:03:55.660	1.34581	1.34587			6
2025.06.02	01:03:55.972	1.34582	1.34588			6
2025.06.02	01:03:56.279	1.34583	1.34589			6
2025.06.02	01:03:57.503	1.34582	1.34588			6
2025.06.02	01:03:59.320	1.34583	1.34589			6
2025.06.02	01:04:00.237	1.34583				2
2025.06.02	01:04:02.074	1.34582	1.34588			6
2025.06.02	01:04:04.843	1.34583	1.34589			6
2025.06.02	01:04:06.369	1.34581	1.34587			6
2025.06.02	01:04:06.976	1.34580	1.34586			6
2025.06.02	01:04:10.938	1.34581	1.34587			6
2025.06.02	01:04:16.107	1.34580	1.34586			6
2025.06.02	01:04:16.416	1.34581	1.34587			6
2025.06.02	01:04:17.336	1.34580	1.34586			6
2025.06.02	01:04:17.954	1.34579	1.34585			6
2025.06.02	01:04:19.181	1.34580				2
2025.06.02	01:04:25.273	1.34581	1.34586			6
2025.06.02	01:04:27.110	1.34569	1.34584			6
2025.06.02	01:04:27.418	1.34570	1.34585			6
2025.06.02	01:04:28.335	1.34569				2
2025.06.02	01:04:28.949	1.34570				2
2025.06.02	01:04:29.255	1.34576	1.34581			6
2025.06.02	01:04:29.566	1.34577	1.34582			6
2025.06.02	01:04:36.282	1.34570	1.34587			6
2025.06.02	01:04:36.598	1.34577	1.34582			6
2025.06.02	01:04:39.954	1.34576	1.34581			6
2025.06.02	01:04:44.851	1.34575	1.34580			6
2025.06.02	01:04:46.380	1.34576	1.34581			6
2025.06.02	01:04:50.340	1.34575	1.34580			6
2025.06.02	01:04:51.875	1.34577	1.34582			6
2025.06.02	01:04:52.178	1.34576	1.34581			6
2025.06.02	01:04:52.479	1.34577	1.34582			6
2025.06.02	01:05:00.135	1.34577				2
2025.06.02	01:05:00.744	1.34568	1.34573			6
2025.06.02	01:05:01.354	1.34567				2
2025.06.02	01:05:02.277	1.34568				2
2025.06.02	01:05:02.585	1.34566	1.34571			6
2025.06.02	01:05:05.351	1.34576	1.34581			6
2025.06.02	01:05:06.260	1.34575				2
2025.06.02	01:05:15.129	1.34574	1.34580			6
2025.06.02	01:05:26.757	1.34575	1.34581			6
2025.06.02	01:05:29.197	1.34586	1.34592			6
2025.06.02	01:05:33.799	1.34585	1.34591			6
2025.06.02	01:05:34.105	1.34586	1.34592			6
2025.06.02	01:05:42.376	1.34585	1.34591			6
2025.06.02	01:05:42.988	1.34586	1.34592			6
2025.06.02	01:05:43.599	1.34585	1.34591			6
2025.06.02	01:05:43.904	1.34586	1.34592			6
2025.06.02	01:05:47.251	1.34585	1.34591			6
2025.06.02	01:05:47.558	1.34586	1.34592			6
2025.06.02	01:05:48.477	1.34585	1.34591			6
2025.06.02	01:05:48.787	1.34586	1.34592			6
2025.06.02	01:05:49.395	1.34585	1.34591			6
2025.06.02	01:05:50.315	1.34586	1.34592			6
2025.06.02	01:05:55.199		1.34591			4
2025.06.02	01:06:00.122	1.34586				2
2025.06.02	01:06:05.015	1.34585	1.34590			6
2025.06.02	01:06:05.624	1.34583	1.34588			6
2025.06.02	01:06:06.234	1.34584	1.34589			6
2025.06.02	01:06:07.158	1.34583	1.34588			6
2025.06.02	01:06:08.376	1.34584	1.34589			6
2025.06.02	01:06:09.300	1.34583	1.34588			6
2025.06.02	01:06:10.215	1.34584	1.34589			6
2025.06.02	01:06:10.517	1.34583	1.34588			6
2025.06.02	01:06:11.133	1.34582	1.34587			6
2025.06.02	01:06:11.438	1.34584	1.34589			6
2025.06.02	01:06:12.351	1.34583	1.34588			6
2025.06.02	01:06:21.193	1.34584	1.34589			6
2025.06.02	01:06:21.497	1.34582	1.34587			6
2025.06.02	01:06:22.714	1.34583	1.34588			6
2025.06.02	01:06:30.626	1.34582	1.34587			6
2025.06.02	01:06:30.930	1.34583	1.34588			6
2025.06.02	01:06:38.281	1.34584	1.34589			6
2025.06.02	01:06:39.187	1.34585	1.34590			6
2025.06.02	01:06:39.495	1.34584	1.34589			6
2025.06.02	01:06:39.797	1.34583	1.34588			6
2025.06.02	01:06:40.401	1.34584	1.34589			6
2025.06.02	01:06:44.373	1.34585	1.34590			6
2025.06.02	01:06:46.525	1.34586	1.34591			6
2025.06.02	01:06:48.369	1.34585	1.34590			6
2025.06.02	01:06:52.356	1.34586	1.34591			6
2025.06.02	01:06:52.665	1.34585	1.34590			6
2025.06.02	01:06:53.280	1.34586	1.34591			6
2025.06.02	01:06:54.202	1.34585	1.34590			6
2025.06.02	01:06:55.424	1.34584	1.34589			6
2025.06.02	01:06:56.343	1.34585	1.34590			6
2025.06.02	01:06:58.185	1.34584	1.34589			6
2025.06.02	01:07:00.015	1.34584				2
2025.06.02	01:07:01.239	1.34585				2
2025.06.02	01:07:05.512	1.34586	1.34590			6
2025.06.02	01:07:12.520	1.34584	1.34588			6
2025.06.02	01:07:12.824	1.34585	1.34589			6
2025.06.02	01:07:14.352	1.34586	1.34590			6
2025.06.02	01:07:15.268	1.34585	1.34589			6
2025.06.02	01:07:15.874	1.34586	1.34590			6
2025.06.02	01:07:16.176	1.34587	1.34591			6
2025.06.02	01:07:18.940	1.34591	1.34595			6
2025.06.02	01:07:19.246	1.34596	1.34600			6
2025.06.02	01:07:19.550	1.34597	1.34601			6
2025.06.02	01:07:20.165	1.34595	1.34600			6
2025.06.02	01:07:20.481	1.34596	1.34601			6
2025.06.02	01:07:26.301	1.34597	1.34602			6
2025.06.02	01:07:26.607	1.34596	1.34601			6
2025.06.02	01:07:41.621	1.34595	1.34600			6
2025.06.02	01:07:44.069	1.34596	1.34601			6
2025.06.02	01:07:44.372	1.34595	1.34600			6
2025.06.02	01:07:45.288	1.34594	1.34599			6
2025.06.02	01:07:46.209	1.34595	1.34600			6
2025.06.02	01:07:51.105	1.34601	1.34605			6
2025.06.02	01:07:51.408	1.34606	1.34610			6
2025.06.02	01:07:52.324		1.34611			4
2025.06.02	01:08:00.018	1.34606				2
2025.06.02	01:08:07.359	1.34605	1.34610			6
2025.06.02	01:08:11.344	1.34606	1.34611			6
2025.06.02	01:08:11.948	1.34604	1.34609			6
2025.06.02	01:08:12.264	1.34606	1.34611			6
2025.06.02	01:08:12.568	1.34605	1.34610			6
2025.06.02	01:08:13.178	1.34604	1.34609			6
2025.06.02	01:08:18.066	1.34605	1.34610			6
2025.06.02	01:08:19.904	1.34598	1.34603			6
2025.06.02	01:08:20.208	1.34597	1.34602			6
2025.06.02	01:08:20.824	1.34596	1.34601			6
2025.06.02	01:08:23.580	1.34595	1.34600			6
2025.06.02	01:08:25.722	1.34594	1.34599			6
2025.06.02	01:08:26.637	1.34595	1.34600			6
2025.06.02	01:08:27.561	1.34596	1.34601			6
2025.06.02	01:08:28.793	1.34595	1.34600			6
2025.06.02	01:08:30.332	1.34596	1.34601			6
2025.06.02	01:08:30.952	1.34597	1.34602			6
2025.06.02	01:08:32.479	1.34596	1.34601			6
2025.06.02	01:08:34.929	1.34597	1.34602			6
2025.06.02	01:08:37.072	1.34596	1.34601			6
2025.06.02	01:08:37.691	1.34597	1.34602			6
2025.06.02	01:08:38.300	1.34596	1.34601			6
2025.06.02	01:08:50.255	1.34597	1.34602			6
2025.06.02	01:08:51.476	1.34592	1.34597			6
2025.06.02	01:08:51.779	1.34590	1.34595			6
2025.06.02	01:09:00.079	1.34590				2
2025.06.02	01:09:00.380	1.34595	1.34600			6
2025.06.02	01:09:05.309	1.34596	1.34601			6
2025.06.02	01:09:06.231	1.34594	1.34599			6
2025.06.02	01:09:07.450	1.34595	1.34600			6
2025.06.02	01:09:07.758	1.34596	1.34601			6
2025.06.02	01:09:09.287	1.34595	1.34600			6
2025.06.02	01:09:13.271	1.34596	1.34601			6
2025.06.02	01:09:22.171	1.34595	1.34600			6
2025.06.02	01:09:24.311	1.34594	1.34599			6
2025.06.02	01:09:27.365	1.34595	1.34600			6
2025.06.02	01:09:28.914	1.34594	1.34599			6
2025.06.02	01:09:29.219	1.34595	1.34600			6
2025.06.02	01:09:30.748	1.34599	1.34604			6
2025.06.02	01:09:31.055	1.34600	1.34605			6
2025.06.02	01:09:31.363	1.34599	1.34604			6
2025.06.02	01:09:31.668	1.34600	1.34605			6
2025.06.02	01:09:33.198	1.34598	1.34603			6
2025.06.02	01:09:34.426	1.34599	1.34604			6
2025.06.02	01:09:36.268	1.34598	1.34603			6
2025.06.02	01:09:36.573	1.34599	1.34604			6
2025.06.02	01:09:37.186	1.34600	1.34605			6
2025.06.02	01:09:37.494	1.34599	1.34604			6
2025.06.02	01:09:38.712	1.34598	1.34603			6
2025.06.02	01:09:39.017	1.34599	1.34604			6
2025.06.02	01:09:41.168	1.34592	1.34597			6
2025.06.02	01:09:41.475	1.34591	1.34596			6
2025.06.02	01:09:49.437	1.34600	1.34605			6
2025.06.02	01:09:50.350		1.34606			4
2025.06.02	01:09:51.265	1.34599	1.34605			6
2025.06.02	01:09:51.877	1.34600	1.34606			6
2025.06.02	01:09:55.241	1.34601				2
2025.06.02	01:09:55.548	1.34603	1.34608			6
2025.06.02	01:09:56.160	1.34602				2
2025.06.02	01:09:56.467	1.34604	1.34610			6
2025.06.02	01:09:59.215	1.34605				2
2025.06.02	01:10:00.138	1.34611	1.34616			6
2025.06.02	01:10:00.444	1.34614	1.34619			6
2025.06.02	01:10:00.746	1.34613	1.34618			6
2025.06.02	01:10:01.354	1.34612				2
2025.06.02	01:10:02.272	1.34613	1.34619			6
2025.06.02	01:10:02.578	1.34615	1.34621			6
2025.06.02	01:10:02.883	1.34614	1.34620			6
2025.06.02	01:10:03.798	1.34618	1.34624			6
2025.06.02	01:10:04.104	1.34617	1.34623			6
2025.06.02	01:10:04.407	1.34618	1.34624			6
2025.06.02	01:10:05.628	1.34619	1.34625			6
2025.06.02	01:10:05.933	1.34615	1.34621			6
2025.06.02	01:10:08.982	1.34616	1.34622			6
2025.06.02	01:10:11.120	1.34615	1.34621			6
2025.06.02	01:10:13.264	1.34614	1.34620			6
2025.06.02	01:10:14.176	1.34615	1.34621			6
2025.06.02	01:10:16.005	1.34614	1.34620			6
2025.06.02	01:10:16.925	1.34613	1.34619			6
2025.06.02	01:10:17.233	1.34615	1.34621			6
2025.06.02	01:10:20.290	1.34614	1.34620			6
2025.06.02	01:10:21.204	1.34615	1.34621			6
2025.06.02	01:10:23.645	1.34614	1.34620			6
2025.06.02	01:10:24.258	1.34615				2
2025.06.02	01:10:25.482	1.34616	1.34621			6
2025.06.02	01:10:26.090	1.34615	1.34620			6
2025.06.02	01:10:27.317	1.34616	1.34621			6
2025.06.02	01:10:51.182	1.34613	1.34618			6
2025.06.02	01:10:54.248	1.34622	1.34627			6
2025.06.02	01:10:54.867	1.34621	1.34626			6
2025.06.02	01:10:56.106	1.34622	1.34627			6
2025.06.02	01:10:58.559	1.34623	1.34628			6
2025.06.02	01:10:59.177	1.34624	1.34629			6
2025.06.02	01:10:59.480	1.34623	1.34628			6
2025.06.02	01:11:00.093	1.34624	1.34629			6
2025.06.02	01:11:01.319	1.34625	1.34630			6
2025.06.02	01:11:01.628	1.34624	1.34629			6
2025.06.02	01:11:01.935	1.34625	1.34630			6
2025.06.02	01:11:02.237	1.34624	1.34629			6
2025.06.02	01:11:02.844	1.34625	1.34630			6
2025.06.02	01:11:03.760	1.34624	1.34629			6
2025.06.02	01:11:04.979	1.34625	1.34630			6
2025.06.02	01:11:05.598	1.34624	1.34629			6
2025.06.02	01:11:06.214	1.34625	1.34630			6
2025.06.02	01:11:07.142	1.34624	1.34629			6
2025.06.02	01:11:11.452	1.34623	1.34628			6
2025.06.02	01:11:12.065	1.34619	1.34624			6
2025.06.02	01:11:12.375	1.34618	1.34623			6
2025.06.02	01:11:13.296	1.34619	1.34624			6
2025.06.02	01:11:21.613	1.34614	1.34619			6
2025.06.02	01:11:21.918	1.34612	1.34617			6
2025.06.02	01:11:23.152		1.34618			4
2025.06.02	01:11:23.458	1.34608	1.34614			6
2025.06.02	01:11:25.934	1.34606	1.34612			6
2025.06.02	01:11:34.275		1.34611			4
2025.06.02	01:11:43.245	1.34613	1.34618			6
2025.06.02	01:11:43.550	1.34615	1.34620			6
2025.06.02	01:11:44.171	1.34614				2
2025.06.02	01:11:52.496	1.34612	1.34618			6
2025.06.02	01:11:53.121	1.34614	1.34620			6
2025.06.02	01:11:57.111		1.34619			4
2025.06.02	01:12:00.193	1.34614				2
2025.06.02	01:12:01.118	1.34615	1.34620			6
2025.06.02	01:12:04.200	1.34616	1.34621			6
2025.06.02	01:12:06.359	1.34615	1.34620			6
2025.06.02	01:12:09.134	1.34622	1.34627			6
2025.06.02	01:12:10.367		1.34628			4
2025.06.02	01:12:10.672	1.34624	1.34630			6
2025.06.02	01:12:16.215	1.34625				2
2025.06.02	01:12:19.900	1.34623	1.34628			6
2025.06.02	01:12:20.204	1.34625	1.34630			6
2025.06.02	01:12:20.513	1.34623	1.34628			6
2025.06.02	01:12:22.358	1.34622	1.34627			6
2025.06.02	01:12:25.127	1.34623	1.34628			6
2025.06.02	01:12:30.363	1.34622	1.34627			6
2025.06.02	01:12:30.982	1.34623	1.34628			6
2025.06.02	01:12:31.285	1.34622	1.34627			6
2025.06.02	01:12:33.125	1.34621	1.34626			6
2025.06.02	01:12:37.439	1.34616	1.34621			6
2025.06.02	01:12:37.744	1.34610	1.34615			6
2025.06.02	01:12:38.362		1.34616			4
2025.06.02	01:12:44.824	1.34604	1.34610			6
2025.06.02	01:12:45.130	1.34605	1.34611			6
2025.06.02	01:12:51.593	1.34610	1.34616			6
2025.06.02	01:12:51.903	1.34611	1.34617			6
2025.06.02	01:12:52.821	1.34620	1.34626			6
2025.06.02	01:12:53.135	1.34621	1.34627			6
2025.06.02	01:12:54.056	1.34620	1.34626			6
2025.06.02	01:12:56.515	1.34621	1.34627			6
2025.06.02	01:13:00.233	1.34621				2
2025.06.02	01:13:01.771	1.34622	1.34628			6
2025.06.02	01:13:02.380	1.34623	1.34629			6
2025.06.02	01:13:04.839	1.34624	1.34630			6
2025.06.02	01:13:05.147	1.34623	1.34629			6
2025.06.02	01:13:09.758	1.34624	1.34630			6
2025.06.02	01:13:10.380	1.34623	1.34629			6
2025.06.02	01:13:11.300	1.34622	1.34628			6
2025.06.02	01:13:11.921	1.34623				2
2025.06.02	01:13:12.229	1.34622				2
2025.06.02	01:13:13.460		1.34627			4
2025.06.02	01:13:14.692	1.34624	1.34630			6
2025.06.02	01:13:15.003	1.34623	1.34629			6
2025.06.02	01:13:15.930	1.34622	1.34628			6
2025.06.02	01:13:16.235	1.34623	1.34629			6
2025.06.02	01:13:18.691	1.34624	1.34630			6
2025.06.02	01:13:18.996	1.34623	1.34629			6
2025.06.02	01:13:23.005	1.34624	1.34630			6
2025.06.02	01:13:23.308	1.34623	1.34629			6
2025.06.02	01:13:23.614	1.34622	1.34628			6
2025.06.02	01:13:24.852	1.34623	1.34629			6
2025.06.02	01:13:25.463	1.34622	1.34628			6
2025.06.02	01:13:27.617	1.34623	1.34629			6
2025.06.02	01:13:28.231	1.34624	1.34630			6
2025.06.02	01:13:29.778	1.34623	1.34629			6
2025.06.02	01:13:30.390	1.34622	1.34628			6
2025.06.02	01:13:30.698	1.34623	1.34629			6
2025.06.02	01:13:31.311	1.34622	1.34628			6
2025.06.02	01:13:31.926	1.34623	1.34629			6
2025.06.02	01:13:32.853	1.34622	1.34628			6
2025.06.02	01:13:36.243	1.34621	1.34627			6
2025.06.02	01:13:40.255	1.34622				2
2025.06.02	01:13:46.409	1.34620	1.34625			6
2025.06.02	01:13:46.725	1.34614	1.34619			6
2025.06.02	01:13:47.030	1.34615	1.34620			6
2025.06.02	01:13:47.340		1.34621			4
2025.06.02	01:13:49.188	1.34607	1.34613			6
2025.06.02	01:13:49.497	1.34612	1.34618			6
2025.06.02	01:13:51.961	1.34614	1.34620			6
2025.06.02	01:13:57.202	1.34615	1.34621			6
2025.06.02	01:13:58.121	1.34614	1.34620			6
2025.06.02	01:13:59.046	1.34615	1.34621			6
2025.06.02	01:14:00.276	1.34615				2
2025.06.02	01:14:02.738	1.34617	1.34623			6
2025.06.02	01:14:04.282	1.34633	1.34638			6
2025.06.02	01:14:04.590	1.34637	1.34643			6
2025.06.02	01:14:05.213	1.34635	1.34642			6
2025.06.02	01:14:05.520	1.34636	1.34643			6
2025.06.02	01:14:05.840	1.34637	1.34644			6
2025.06.02	01:14:07.678	1.34636	1.34643			6
2025.06.02	01:14:08.610	1.34633	1.34640			6
2025.06.02	01:14:08.920	1.34635	1.34642			6
2025.06.02	01:14:10.151	1.34632	1.34639			6
2025.06.02	01:14:10.464	1.34627	1.34634			6
2025.06.02	01:14:11.383	1.34628	1.34635			6
2025.06.02	01:14:13.857	1.34627	1.34634			6
2025.06.02	01:14:26.496	1.34628	1.34635			6
2025.06.02	01:14:27.118	1.34629	1.34636			6
2025.06.02	01:14:27.424	1.34628	1.34635			6
2025.06.02	01:14:28.976	1.34627	1.34634			6
2025.06.02	01:14:29.593	1.34628	1.34635			6
2025.06.02	01:14:29.902	1.34629	1.34636			6
2025.06.02	01:14:30.513	1.34631	1.34637			6
2025.06.02	01:14:31.136		1.34638			4
2025.06.02	01:14:33.905	1.34630	1.34637			6
2025.06.02	01:14:35.139		1.34635			4
2025.06.02	01:14:36.680	1.34628				2
2025.06.02	01:14:39.762	1.34629				2
2025.06.02	01:14:40.382		1.34636			4
2025.06.02	01:14:41.302	1.34628	1.34635			6
2025.06.02	01:14:47.161		1.34634			4
2025.06.02	01:14:47.467		1.34635			4
2025.06.02	01:14:54.860	1.34630	1.34637			6
2025.06.02	01:15:00.101	1.34630				2
2025.06.02	01:15:00.405	1.34628	1.34635			6
2025.06.02	01:15:00.720	1.34629	1.34636			6
2025.06.02	01:15:01.037		1.34635			4
2025.06.02	01:15:01.339	1.34630	1.34637			6
2025.06.02	01:15:01.653	1.34641	1.34646			6
2025.06.02	01:15:02.265	1.34635	1.34642			6
2025.06.02	01:15:02.570	1.34638	1.34645			6
2025.06.02	01:15:02.879	1.34636	1.34643			6
2025.06.02	01:15:03.195	1.34637	1.34644			6
2025.06.02	01:15:03.498	1.34635	1.34642			6
2025.06.02	01:15:04.433	1.34636	1.34643			6
2025.06.02	01:15:04.740	1.34634	1.34641			6
2025.06.02	01:15:05.047	1.34635	1.34642			6
2025.06.02	01:15:05.355	1.34637	1.34644			6
2025.06.02	01:15:05.970	1.34635	1.34642			6
2025.06.02	01:15:06.278	1.34636	1.34643			6
2025.06.02	01:15:06.588	1.34635	1.34642			6
2025.06.02	01:15:06.893	1.34636	1.34643			6
2025.06.02	01:15:08.122	1.34637	1.34644			6
2025.06.02	01:15:08.435	1.34636	1.34643			6
2025.06.02	01:15:10.902	1.34637	1.34644			6
2025.06.02	01:15:11.213	1.34638	1.34645			6
2025.06.02	01:15:11.521	1.34637	1.34644			6
2025.06.02	01:15:12.444	1.34636	1.34643			6
2025.06.02	01:15:12.745	1.34637	1.34644			6
2025.06.02	01:15:13.065	1.34636	1.34643			6
2025.06.02	01:15:13.366	1.34637	1.34644			6
2025.06.02	01:15:14.577	1.34636	1.34643			6
2025.06.02	01:15:15.196	1.34637	1.34644			6
2025.06.02	01:15:15.510	1.34638	1.34645			6
2025.06.02	01:15:16.122	1.34637	1.34644			6
2025.06.02	01:15:16.429	1.34636	1.34643			6
2025.06.02	01:15:17.039	1.34637	1.34644			6
2025.06.02	01:15:17.664	1.34636	1.34643			6
2025.06.02	01:15:18.899	1.34635	1.34642			6
2025.06.02	01:15:19.507	1.34636	1.34643			6
2025.06.02	01:15:23.825	1.34637	1.34644			6
2025.06.02	01:15:24.759	1.34636	1.34643			6
2025.06.02	01:15:25.061	1.34637	1.34644			6
2025.06.02	01:15:25.368	1.34635	1.34642			6
2025.06.02	01:15:25.680	1.34631	1.34638			6
2025.06.02	01:15:32.171	1.34621	1.34628			6
2025.06.02	01:15:32.482		1.34627			4
2025.06.02	01:15:33.414		1.34628			4
2025.06.02	01:15:34.946		1.34626			4
2025.06.02	01:15:41.435	1.34620				2
2025.06.02	01:15:42.059	1.34619				2
2025.06.02	01:15:42.364	1.34618	1.34625			6
2025.06.02	01:15:42.666	1.34621	1.34626			6
2025.06.02	01:15:44.521	1.34616	1.34623			6
2025.06.02	01:15:44.825	1.34618	1.34625			6
2025.06.02	01:15:45.431	1.34617	1.34624			6
2025.06.02	01:15:46.665	1.34630	1.34635			6
2025.06.02	01:15:46.974	1.34631	1.34638			6
2025.06.02	01:15:47.910	1.34632	1.34639			6
2025.06.02	01:15:50.062	1.34633	1.34640			6
2025.06.02	01:15:50.380	1.34634	1.34641			6
2025.06.02	01:15:51.297	1.34629	1.34636			6
2025.06.02	01:15:51.601	1.34627	1.34634			6
2025.06.02	01:15:52.836	1.34625	1.34632			6
2025.06.02	01:15:53.141	1.34623	1.34630			6
2025.06.02	01:15:53.443	1.34624	1.34631			6
2025.06.02	01:15:53.762	1.34622	1.34628			6
2025.06.02	01:16:00.225	1.34622				2
2025.06.02	01:16:02.382	1.34623	1.34630			6
2025.06.02	01:16:02.687	1.34620	1.34627			6
2025.06.02	01:16:02.991	1.34618	1.34625			6
2025.06.02	01:16:03.923	1.34616	1.34623			6
2025.06.02	01:16:04.228	1.34618	1.34625			6
2025.06.02	01:16:06.379	1.34617	1.34624			6
2025.06.02	01:16:07.614	1.34618	1.34625			6
2025.06.02	01:16:08.838	1.34617	1.34624			6
2025.06.02	01:16:09.454	1.34618	1.34625			6
2025.06.02	01:16:12.848	1.34617	1.34624			6
2025.06.02	01:16:13.461	1.34618	1.34625			6
2025.06.02	01:16:14.075	1.34617	1.34624			6
2025.06.02	01:16:14.996	1.34618	1.34625			6
2025.06.02	01:16:16.226	1.34617	1.34624			6
2025.06.02	01:16:17.770	1.34618	1.34625			6
2025.06.02	01:16:30.388	1.34619	1.34626			6
2025.06.02	01:16:30.698	1.34621	1.34628			6
2025.06.02	01:16:31.309	1.34622				2
2025.06.02	01:16:32.550	1.34620	1.34626			6
2025.06.02	01:16:33.473		1.34627			4
2025.06.02	01:16:38.089	1.34616	1.34623			6
2025.06.02	01:16:38.396	1.34618	1.34625			6
2025.06.02	01:16:40.872	1.34621	1.34628			6
2025.06.02	01:16:41.178	1.34620	1.34627			6
2025.06.02	01:16:41.789	1.34617	1.34624			6
2025.06.02	01:16:43.963	1.34618	1.34625			6
2025.06.02	01:16:44.572	1.34617	1.34624			6
2025.06.02	01:16:48.878	1.34612	1.34619			6
2025.06.02	01:16:49.181	1.34611	1.34618			6
2025.06.02	01:16:55.941	1.34612	1.34619			6
2025.06.02	01:16:56.554	1.34611	1.34618			6
2025.06.02	01:16:57.162	1.34612				2
2025.06.02	01:16:57.783	1.34611	1.34617			6
2025.06.02	01:16:58.093	1.34612	1.34618			6
2025.06.02	01:16:58.396	1.34611	1.34617			6
2025.06.02	01:17:00.248	1.34611				2
2025.06.02	01:17:01.169	1.34619	1.34625			6
2025.06.02	01:17:01.473	1.34621	1.34627			6
2025.06.02	01:17:02.093	1.34620				2
2025.06.02	01:17:02.405	1.34621	1.34628			6
2025.06.02	01:17:04.864	1.34620	1.34627			6
2025.06.02	01:17:11.316	1.34619	1.34626			6
2025.06.02	01:17:13.471	1.34615	1.34621			6
2025.06.02	01:17:13.779	1.34611	1.34618			6
2025.06.02	01:17:30.413	1.34612	1.34617			6
2025.06.02	01:17:31.957	1.34611				2
2025.06.02	01:17:33.805	1.34609	1.34610			6
2025.06.02	01:17:34.115	1.34605	1.34611			6
2025.06.02	01:17:35.343	1.34604				2
2025.06.02	01:17:36.269	1.34601	1.34608			6
2025.06.02	01:17:40.276		1.34607			4
2025.06.02	01:17:41.198	1.34603	1.34609			6
2025.06.02	01:17:42.741	1.34602	1.34608			6
2025.06.02	01:17:47.357	1.34603	1.34609			6
2025.06.02	01:17:56.872	1.34602	1.34608			6
2025.06.02	01:17:58.418		1.34607			4
2025.06.02	01:17:59.647	1.34603	1.34608			6
2025.06.02	01:18:00.259	1.34603				2
2025.06.02	01:18:00.875	1.34602	1.34607			6
2025.06.02	01:18:06.423		1.34608			4
2025.06.02	01:18:08.572	1.34613	1.34618			6
2025.06.02	01:18:09.190		1.34619			4
2025.06.02	01:18:09.501		1.34618			4
2025.06.02	01:18:10.121		1.34617			4
2025.06.02	01:18:11.356	1.34604	1.34609			6
2025.06.02	01:18:12.286	1.34603	1.34610			6
2025.06.02	01:18:12.588		1.34609			4
2025.06.02	01:18:15.980		1.34610			4
2025.06.02	01:18:18.133	1.34604	1.34611			6
2025.06.02	01:18:21.797	1.34612	1.34617			6
2025.06.02	01:18:22.107		1.34618			4
2025.06.02	01:18:22.416		1.34617			4
2025.06.02	01:18:23.342		1.34618			4
2025.06.02	01:18:24.257	1.34611				2
2025.06.02	01:18:24.877	1.34613	1.34619			6
2025.06.02	01:18:25.180		1.34617			4
2025.06.02	01:18:25.800		1.34618			4
2025.06.02	01:18:27.037		1.34617			4
2025.06.02	01:18:27.340		1.34618			4
2025.06.02	01:18:31.034	1.34612				2
2025.06.02	01:18:31.950		1.34617			4
2025.06.02	01:18:32.263	1.34613	1.34618			6
2025.06.02	01:18:33.180	1.34614	1.34620			6
2025.06.02	01:18:34.114	1.34615	1.34621			6
2025.06.02	01:18:39.985	1.34622	1.34628			6
2025.06.02	01:18:40.289	1.34623				2
2025.06.02	01:18:42.443	1.34614	1.34621			6
2025.06.02	01:18:43.061	1.34615	1.34622			6
2025.06.02	01:18:51.381	1.34614	1.34621			6
2025.06.02	01:18:54.153		1.34620			4
2025.06.02	01:18:55.991	1.34615	1.34621			6
2025.06.02	01:18:59.699	1.34622	1.34627			6
2025.06.02	01:19:00.005	1.34622				2
2025.06.02	01:19:00.314		1.34628			4
2025.06.02	01:19:01.236		1.34627			4
2025.06.02	01:19:02.160	1.34623				2
2025.06.02	01:19:02.776		1.34628			4
2025.06.02	01:19:03.701	1.34622	1.34626			6
2025.06.02	01:19:06.779	1.34621	1.34622			6
2025.06.02	01:19:07.081	1.34613	1.34617			6
2025.06.02	01:19:07.399		1.34618			4
2025.06.02	01:19:10.487	1.34612				2
2025.06.02	01:19:19.120	1.34613	1.34619			6
2025.06.02	01:19:19.422		1.34618			4
2025.06.02	01:19:24.364	1.34614	1.34620			6
2025.06.02	01:19:24.977	1.34613	1.34618			6
2025.06.02	01:19:29.916		1.34619			4
2025.06.02	01:19:31.147		1.34618			4
2025.06.02	01:19:32.069		1.34619			4
2025.06.02	01:19:32.379	1.34614	1.34620			6
2025.06.02	01:19:33.297	1.34615	1.34621			6
2025.06.02	01:19:37.922	1.34614	1.34620			6
2025.06.02	01:19:38.234	1.34615	1.34621			6
2025.06.02	01:19:51.487	1.34619	1.34625			6
2025.06.02	01:19:51.789	1.34623	1.34629			6
2025.06.02	01:19:52.407		1.34628			4
2025.06.02	01:19:52.723	1.34621	1.34627			6
2025.06.02	01:19:53.335	1.34622	1.34628			6
2025.06.02	01:19:53.639	1.34623	1.34629			6
2025.06.02	01:19:54.564	1.34622	1.34628			6
2025.06.02	01:19:55.793	1.34623	1.34629			6
2025.06.02	01:20:00.097	1.34623				2
2025.06.02	01:20:00.712	1.34624	1.34630			6
2025.06.02	01:20:02.873	1.34625	1.34631			6
2025.06.02	01:20:03.185	1.34627	1.34633			6
2025.06.02	01:20:03.494	1.34626	1.34632			6
2025.06.02	01:20:04.726	1.34625	1.34631			6
2025.06.02	01:20:13.330	1.34624	1.34630			6
2025.06.02	01:20:16.097	1.34625				2
2025.06.02	01:20:23.482	1.34621	1.34626			6
2025.06.02	01:20:23.791	1.34620	1.34625			6
2025.06.02	01:20:28.400	1.34613	1.34618			6
2025.06.02	01:20:29.330	1.34612				2
2025.06.02	01:20:37.337	1.34613				2
2025.06.02	01:20:38.565	1.34612	1.34617			6
2025.06.02	01:20:47.184	1.34610	1.34615			6
2025.06.02	01:20:47.496	1.34611	1.34616			6
2025.06.02	01:21:00.118	1.34611				2
2025.06.02	01:21:13.032	1.34610	1.34615			6
2025.06.02	01:21:13.337		1.34614			4
2025.06.02	01:21:18.507	1.34611	1.34615			6
2025.06.02	01:21:20.342	1.34608	1.34612			6
2025.06.02	01:21:20.646	1.34610	1.34614			6
2025.06.02	01:21:20.956	1.34612	1.34616			6
2025.06.02	01:21:22.466	1.34616	1.34620			6
2025.06.02	01:21:24.007	1.34615	1.34619			6
2025.06.02	01:21:24.311	1.34616	1.34620			6
2025.06.02	01:21:29.785	1.34615	1.34619			6
2025.06.02	01:21:30.093	1.34616	1.34620			6
2025.06.02	01:21:34.982	1.34606	1.34610			6
2025.06.02	01:21:35.290		1.34611			4
2025.06.02	01:21:37.454	1.34605	1.34610			6
2025.06.02	01:21:38.062	1.34610	1.34615			6
2025.06.02	01:21:38.369	1.34609	1.34614			6
2025.06.02	01:21:50.050	1.34610	1.34615			6
2025.06.02	01:21:50.354	1.34609	1.34614			6
2025.06.02	01:21:54.042	1.34608	1.34613			6
2025.06.02	01:21:56.192	1.34609	1.34614			6
2025.06.02	01:21:57.120	1.34610	1.34615			6
2025.06.02	01:21:57.733	1.34609	1.34614			6
2025.06.02	01:22:00.193	1.34609	1.34613			6
2025.06.02	01:22:02.023	1.34606	1.34610			6
2025.06.02	01:22:02.326		1.34611			4
2025.06.02	01:22:03.250		1.34610			4
2025.06.02	01:22:04.162	1.34603	1.34608			6
2025.06.02	01:22:06.313		1.34607			4
2025.06.02	01:22:17.379	1.34605	1.34609			6
2025.06.02	01:22:18.617	1.34606	1.34610			6
2025.06.02	01:22:18.921	1.34607	1.34611			6
2025.06.02	01:22:20.157	1.34606	1.34610			6
2025.06.02	01:22:21.077	1.34605	1.34609			6
2025.06.02	01:22:21.692	1.34606	1.34610			6
2025.06.02	01:22:25.685	1.34607	1.34611			6
2025.06.02	01:22:25.992	1.34606	1.34610			6
2025.06.02	01:22:29.689	1.34605	1.34609			6
2025.06.02	01:22:29.993	1.34606	1.34610			6
2025.06.02	01:22:30.603	1.34607	1.34611			6
2025.06.02	01:22:32.153	1.34605	1.34609			6
2025.06.02	01:22:32.760	1.34606	1.34610			6
2025.06.02	01:22:33.074	1.34605	1.34609			6
2025.06.02	01:22:33.691	1.34606	1.34610			6
2025.06.02	01:22:36.152	1.34602	1.34606			6
2025.06.02	01:23:00.178	1.34602				2
2025.06.02	01:23:02.344	1.34603				2
2025.06.02	01:23:22.203	1.34602	1.34605			6
2025.06.02	01:23:23.421	1.34603	1.34606			6
2025.06.02	01:23:52.244	1.34593	1.34596			6
2025.06.02	01:23:53.173		1.34597			4
2025.06.02	01:23:54.403	1.34592	1.34596			6
2025.06.02	01:23:59.345	1.34593				2
2025.06.02	01:24:00.267	1.34593				2
2025.06.02	01:24:20.023	1.34592	1.34595			6
2025.06.02	01:24:21.259	1.34593	1.34596			6
2025.06.02	01:24:21.876	1.34592	1.34595			6
2025.06.02	01:24:22.183	1.34593	1.34596			6
2025.06.02	01:24:23.426	1.34592	1.34595			6
2025.06.02	01:24:23.730	1.34593	1.34596			6
2025.06.02	01:24:25.894	1.34592	1.34595			6
2025.06.02	01:24:26.512	1.34593	1.34596			6
2025.06.02	01:24:28.053	1.34592	1.34595			6
2025.06.02	01:24:29.594	1.34593	1.34596			6
2025.06.02	01:24:29.904	1.34588	1.34591			6
2025.06.02	01:24:30.207	1.34591	1.34594			6
2025.06.02	01:24:30.518	1.34592	1.34595			6
2025.06.02	01:24:41.034	1.34593	1.34596			6
2025.06.02	01:24:42.577	1.34592	1.34595			6
2025.06.02	01:24:44.430	1.34593	1.34596			6
2025.06.02	01:24:49.990	1.34591	1.34594			6
2025.06.02	01:24:50.616	1.34592	1.34595			6
2025.06.02	01:25:00.164	1.34592				2
2025.06.02	01:25:01.413	1.34582	1.34585			6
2025.06.02	01:25:02.344	1.34581				2
2025.06.02	01:25:02.648	1.34582	1.34586			6
2025.06.02	01:25:03.271	1.34583	1.34587			6
2025.06.02	01:25:03.880	1.34582	1.34586			6
2025.06.02	01:25:07.278	1.34583				2
2025.06.02	01:25:08.819	1.34584	1.34587			6
2025.06.02	01:25:10.056	1.34583	1.34586			6
2025.06.02	01:25:10.364	1.34589	1.34592			6
2025.06.02	01:25:10.674	1.34587	1.34590			6
2025.06.02	01:25:10.983	1.34586	1.34589			6
2025.06.02	01:25:11.292	1.34588	1.34592			6
2025.06.02	01:25:12.220	1.34589	1.34593			6
2025.06.02	01:25:13.458	1.34591	1.34594			6
2025.06.02	01:25:15.630	1.34586	1.34590			6
2025.06.02	01:25:16.860	1.34584	1.34588			6
2025.06.02	01:25:17.773	1.34583	1.34587			6
2025.06.02	01:25:20.560	1.34582	1.34586			6
2025.06.02	01:25:30.743	1.34583	1.34587			6
2025.06.02	01:25:31.047	1.34582	1.34586			6
2025.06.02	01:25:32.314	1.34583				2
2025.06.02	01:25:42.486	1.34577	1.34580			6
2025.06.02	01:25:42.794	1.34576	1.34579			6
2025.06.02	01:25:43.102		1.34580			4
2025.06.02	01:25:43.725	1.34574	1.34578			6
2025.06.02	01:25:44.031	1.34573	1.34577			6
2025.06.02	01:25:49.275	1.34574				2
2025.06.02	01:25:50.204	1.34578	1.34582			6
2025.06.02	01:25:51.432	1.34580	1.34584			6
2025.06.02	01:25:52.354	1.34581				2
2025.06.02	01:25:54.823		1.34585			4
2025.06.02	01:25:55.138		1.34584			4
2025.06.02	01:25:55.440		1.34585			4
2025.06.02	01:25:56.067		1.34584			4
2025.06.02	01:25:57.312		1.34585			4
2025.06.02	01:25:58.851		1.34584			4
2025.06.02	01:25:59.158		1.34585			4
2025.06.02	01:26:00.080	1.34581				2
2025.06.02	01:26:09.318	1.34582				2
2025.06.02	01:26:10.547	1.34581	1.34584			6
2025.06.02	01:26:14.230	1.34573	1.34576			6
2025.06.02	01:26:15.160		1.34577			4
2025.06.02	01:26:16.392	1.34572	1.34576			6
2025.06.02	01:26:26.255	1.34574	1.34578			6
2025.06.02	01:26:27.482	1.34573	1.34577			6
2025.06.02	01:26:40.115	1.34574				2
2025.06.02	01:26:46.620	1.34586	1.34589			6
2025.06.02	01:26:46.926	1.34587	1.34590			6
2025.06.02	01:26:47.240	1.34590	1.34595			6
2025.06.02	01:26:49.092	1.34591	1.34596			6
2025.06.02	01:27:00.193	1.34591				2
2025.06.02	01:27:09.146		1.34595			4
2025.06.02	01:27:11.004		1.34594			4
2025.06.02	01:27:11.928		1.34595			4
2025.06.02	01:27:18.088		1.34594			4
2025.06.02	01:27:18.711		1.34595			4
2025.06.02	01:27:19.325		1.34594			4
2025.06.02	01:27:19.626	1.34571	1.34575			6
2025.06.02	01:27:21.164	1.34570	1.34577			6
2025.06.02	01:27:21.780	1.34575	1.34582			6
2025.06.02	01:27:23.012	1.34576	1.34583			6
2025.06.02	01:27:23.627	1.34577	1.34584			6
2025.06.02	01:27:23.935	1.34579	1.34586			6
2025.06.02	01:27:24.241	1.34580	1.34587			6
2025.06.02	01:27:26.398	1.34581	1.34588			6
2025.06.02	01:27:40.872	1.34575	1.34582			6
2025.06.02	01:27:42.101	1.34574	1.34579			6
2025.06.02	01:27:42.714	1.34573				2
2025.06.02	01:27:43.335	1.34574				2
2025.06.02	01:27:46.104	1.34573				2
2025.06.02	01:27:47.957	1.34574				2
2025.06.02	01:27:49.499	1.34573				2
2025.06.02	01:27:50.730	1.34574				2
2025.06.02	01:27:51.654	1.34573				2
2025.06.02	01:27:52.577	1.34574				2
2025.06.02	01:27:55.035	1.34573				2
2025.06.02	01:27:55.344	1.34574				2
2025.06.02	01:28:00.276	1.34574				2
2025.06.02	01:28:00.583	1.34577	1.34584			6
2025.06.02	01:28:00.896	1.34576	1.34583			6
2025.06.02	01:28:01.199	1.34578	1.34584			6
2025.06.02	01:28:01.501	1.34579				2
2025.06.02	01:28:01.823	1.34575	1.34582			6
2025.06.02	01:28:02.127	1.34573	1.34580			6
2025.06.02	01:28:02.435	1.34577	1.34584			6
2025.06.02	01:28:03.364	1.34579				2
2025.06.02	01:28:04.291	1.34580				2
2025.06.02	01:28:04.598	1.34579				2
2025.06.02	01:28:05.213	1.34580	1.34587			6
2025.06.02	01:28:16.299	1.34583	1.34588			6
2025.06.02	01:28:16.600	1.34584	1.34589			6
2025.06.02	01:28:17.542		1.34588			4
2025.06.02	01:28:17.846	1.34583				2
2025.06.02	01:28:18.150	1.34585	1.34592			6
2025.06.02	01:28:18.467	1.34584	1.34591			6
2025.06.02	01:28:19.390		1.34590			4
2025.06.02	01:28:20.317		1.34589			4
2025.06.02	01:28:21.856	1.34583				2
2025.06.02	01:28:22.165	1.34584				2
2025.06.02	01:28:23.081	1.34583	1.34588			6
2025.06.02	01:28:24.316	1.34584				2
2025.06.02	01:28:24.937	1.34583				2
2025.06.02	01:28:25.547	1.34582				2
2025.06.02	01:28:30.768	1.34581	1.34587			6
2025.06.02	01:28:32.623	1.34584	1.34589			6
2025.06.02	01:28:43.411	1.34579	1.34585			6
2025.06.02	01:28:43.721	1.34578	1.34584			6
2025.06.02	01:28:44.026	1.34579				2
2025.06.02	01:28:44.957	1.34580				2
2025.06.02	01:28:46.188	1.34575	1.34581			6
2025.06.02	01:28:46.497	1.34577	1.34583			6
2025.06.02	01:28:47.417	1.34580	1.34585			6
2025.06.02	01:28:48.029	1.34581	1.34587			6
2025.06.02	01:28:49.263	1.34582	1.34588			6
2025.06.02	01:28:52.967	1.34575	1.34581			6
2025.06.02	01:28:54.197	1.34574	1.34579			6
2025.06.02	01:28:54.812		1.34578			4
2025.06.02	01:28:56.044	1.34573				2
2025.06.02	01:28:56.350	1.34574				2
2025.06.02	01:28:58.207		1.34579			4
2025.06.02	01:28:58.516	1.34578	1.34584			6
2025.06.02	01:28:59.134	1.34577				2
2025.06.02	01:28:59.441	1.34579	1.34585			6
2025.06.02	01:29:00.066	1.34580				2
2025.06.02	01:29:04.396		1.34584			4
2025.06.02	01:29:05.011		1.34581			4
2025.06.02	01:29:05.315	1.34581	1.34582			6
2025.06.02	01:29:05.619	1.34578	1.34581			6
2025.06.02	01:29:05.935	1.34579				2
2025.06.02	01:29:06.555	1.34580				2
2025.06.02	01:29:10.258	1.34578	1.34579			6
2025.06.02	01:29:10.869	1.34580	1.34581			6
2025.06.02	01:29:12.104		1.34582			4
2025.06.02	01:29:12.407	1.34579				2
2025.06.02	01:29:13.640	1.34580				2
2025.06.02	01:29:16.107	1.34577	1.34581			6
2025.06.02	01:29:16.721	1.34579	1.34582			6
2025.06.02	01:29:17.030	1.34580				2
2025.06.02	01:29:20.119	1.34578	1.34581			6
2025.06.02	01:29:20.738	1.34577				2
2025.06.02	01:29:22.274	1.34576				2
2025.06.02	01:29:22.583	1.34579				2
2025.06.02	01:29:22.894	1.34580				2
2025.06.02	01:29:27.205	1.34578	1.34580			6
2025.06.02	01:29:28.440	1.34577				2
2025.06.02	01:29:28.747	1.34575	1.34576			6
2025.06.02	01:29:29.051	1.34573	1.34575			6
2025.06.02	01:29:29.362	1.34572				2
2025.06.02	01:29:31.520	1.34571				2
2025.06.02	01:29:36.762	1.34579	1.34583			6
2025.06.02	01:29:37.991	1.34581				2
2025.06.02	01:29:41.390	1.34582				2
2025.06.02	01:30:00.156	1.34582				2
2025.06.02	01:30:02.000		1.34588			4
2025.06.02	01:30:03.847	1.34580	1.34586			6
2025.06.02	01:30:04.160	1.34579	1.34585			6
2025.06.02	01:30:04.465	1.34580	1.34583			6
2025.06.02	01:30:05.384	1.34582				2
2025.06.02	01:30:05.691	1.34580	1.34584			6
2025.06.02	01:30:06.922	1.34581				2
2025.06.02	01:30:08.466	1.34579	1.34582			6
2025.06.02	01:30:08.773	1.34578				2
2025.06.02	01:30:09.697	1.34577				2
2025.06.02	01:30:11.232	1.34578	1.34583			6
2025.06.02	01:30:11.538	1.34577	1.34582			6
2025.06.02	01:30:12.466	1.34576				2
2025.06.02	01:30:13.701	1.34574	1.34580			6
2025.06.02	01:30:14.929	1.34564	1.34569			6
2025.06.02	01:30:15.234		1.34570			4
2025.06.02	01:30:15.539	1.34563	1.34569			6
2025.06.02	01:30:16.164	1.34562	1.34568			6
2025.06.02	01:30:17.999	1.34561	1.34566			6
2025.06.02	01:30:18.928	1.34562	1.34567			6
2025.06.02	01:30:20.157	1.34561	1.34566			6
2025.06.02	01:30:20.773	1.34569	1.34575			6
2025.06.02	01:30:21.391		1.34576			4
2025.06.02	01:30:21.700	1.34571	1.34577			6
2025.06.02	01:30:22.005		1.34578			4
2025.06.02	01:30:26.317	1.34574	1.34580			6
2025.06.02	01:30:27.238	1.34573	1.34579			6
2025.06.02	01:30:27.547	1.34574	1.34581			6
2025.06.02	01:30:28.161		1.34580			4
2025.06.02	01:30:38.349	1.34575	1.34581			6
2025.06.02	01:30:40.808	1.34574	1.34580			6
2025.06.02	01:30:41.737	1.34572	1.34577			6
2025.06.02	01:30:42.357	1.34571				2
2025.06.02	01:30:42.659	1.34572	1.34578			6
2025.06.02	01:30:59.314		1.34577			4
2025.06.02	01:31:00.243	1.34572				2
2025.06.02	01:31:03.626	1.34573				2
2025.06.02	01:31:04.243	1.34572	1.34576			6
2025.06.02	01:31:08.068		1.34577			4
2025.06.02	01:31:12.370	1.34573				2
2025.06.02	01:31:13.600	1.34572				2
2025.06.02	01:31:22.234	1.34573				2
2025.06.02	01:31:25.586	1.34572	1.34576			6
2025.06.02	01:31:26.192	1.34573				2
2025.06.02	01:31:40.550	1.34572				2
2025.06.02	01:31:47.265	1.34571	1.34575			6
2025.06.02	01:31:48.174	1.34573				2
2025.06.02	01:31:50.603	1.34572	1.34574			6
2025.06.02	01:31:57.658	1.34573	1.34576			6
2025.06.02	01:32:00.098	1.34573				2
2025.06.02	01:32:01.319	1.34575				2
2025.06.02	01:32:01.624	1.34582	1.34585			6
2025.06.02	01:32:01.926	1.34580	1.34582			6
2025.06.02	01:32:02.229	1.34579				2
2025.06.02	01:32:02.532	1.34580	1.34581			6
2025.06.02	01:32:02.845	1.34574	1.34577			6
2025.06.02	01:32:03.151		1.34578			4
2025.06.02	01:32:03.775	1.34573	1.34577			6
2025.06.02	01:32:06.547	1.34577	1.34581			6
2025.06.02	01:32:06.854	1.34574	1.34578			6
2025.06.02	01:32:07.781	1.34573	1.34577			6
2025.06.02	01:32:17.937	1.34572	1.34575			6
2025.06.02	01:32:18.240	1.34569	1.34573			6
2025.06.02	01:32:19.472	1.34568	1.34572			6
2025.06.02	01:32:20.395	1.34570	1.34574			6
2025.06.02	01:32:21.625	1.34569	1.34573			6
2025.06.02	01:32:24.093	1.34570				2
2025.06.02	01:32:32.101		1.34574			4
2025.06.02	01:32:33.954	1.34569	1.34573			6
2025.06.02	01:32:36.111		1.34572			4
2025.06.02	01:32:41.898		1.34571			4
2025.06.02	01:33:00.206	1.34570				2
2025.06.02	01:33:02.031		1.34572			4
2025.06.02	01:33:02.345	1.34569				2
2025.06.02	01:33:04.162		1.34571			4
2025.06.02	01:33:05.376	1.34570				2
2025.06.02	01:33:11.151	1.34569				2
2025.06.02	01:33:11.459	1.34565	1.34568			6
2025.06.02	01:33:11.761	1.34566	1.34569			6
2025.06.02	01:33:12.683	1.34567	1.34570			6
2025.06.02	01:33:13.305	1.34568	1.34571			6
2025.06.02	01:33:18.192	1.34569				2
2025.06.02	01:33:19.112	1.34570	1.34572			6
2025.06.02	01:33:19.423	1.34571	1.34574			6
2025.06.02	01:33:20.339	1.34572	1.34575			6
2025.06.02	01:33:31.743	1.34571	1.34574			6
2025.06.02	01:33:32.661	1.34570	1.34573			6
2025.06.02	01:33:32.972		1.34572			4
2025.06.02	01:33:40.379	1.34569				2
2025.06.02	01:33:41.303	1.34568	1.34571			6
2025.06.02	01:34:00.096	1.34568				2
2025.06.02	01:34:01.020	1.34569				2
2025.06.02	01:34:01.323	1.34568				2
2025.06.02	01:34:07.490	1.34569	1.34572			6
2025.06.02	01:34:09.648	1.34568	1.34571			6
2025.06.02	01:34:11.802	1.34572	1.34575			6
2025.06.02	01:34:16.126	1.34569	1.34572			6
2025.06.02	01:34:18.590	1.34564	1.34567			6
2025.06.02	01:34:25.051	1.34563	1.34566			6
2025.06.02	01:34:25.363	1.34562	1.34565			6
2025.06.02	01:34:26.284	1.34563	1.34566			6
2025.06.02	01:34:26.594	1.34562	1.34565			6
2025.06.02	01:34:27.511	1.34563	1.34566			6
2025.06.02	01:34:28.744	1.34562	1.34565			6
2025.06.02	01:34:36.143	1.34563	1.34566			6
2025.06.02	01:35:00.149	1.34563				2
2025.06.02	01:35:23.816	1.34572	1.34575			6
2025.06.02	01:35:33.926	1.34573	1.34576			6
2025.06.02	01:35:45.261	1.34576	1.34577			6
2025.06.02	01:35:45.567	1.34577	1.34580			6
2025.06.02	01:35:46.490	1.34578	1.34581			6
2025.06.02	01:35:47.100	1.34579	1.34582			6
2025.06.02	01:35:49.245	1.34578	1.34581			6
2025.06.02	01:35:49.553	1.34577	1.34580			6
2025.06.02	01:35:49.861	1.34575	1.34578			6
2025.06.02	01:35:50.783	1.34574	1.34576			6
2025.06.02	01:35:55.081	1.34573				2
2025.06.02	01:36:00.124	1.34573				2
2025.06.02	01:36:00.428	1.34574				2
2025.06.02	01:36:04.434	1.34577	1.34580			6
2025.06.02	01:36:05.664	1.34578	1.34581			6
2025.06.02	01:36:16.758	1.34582	1.34583			6
2025.06.02	01:36:17.061	1.34584	1.34587			6
2025.06.02	01:36:17.676		1.34586			4
2025.06.02	01:36:17.986		1.34587			4
2025.06.02	01:36:18.913		1.34586			4
2025.06.02	01:36:19.225	1.34583				2
2025.06.02	01:36:53.132	1.34592	1.34594			6
2025.06.02	01:36:54.055	1.34588	1.34591			6
2025.06.02	01:36:54.368	1.34589	1.34592			6
2025.06.02	01:36:55.291	1.34588	1.34591			6
2025.06.02	01:36:56.519	1.34591	1.34592			6
2025.06.02	01:37:00.206	1.34591				2
2025.06.02	01:37:02.359	1.34589	1.34591			6
2025.06.02	01:37:02.672	1.34590	1.34592			6
2025.06.02	01:37:02.975		1.34593			4
2025.06.02	01:37:14.368	1.34585	1.34588			6
2025.06.02	01:37:14.671	1.34586	1.34589			6
2025.06.02	01:37:15.604	1.34585	1.34588			6
2025.06.02	01:37:19.300	1.34584	1.34587			6
2025.06.02	01:37:19.611	1.34587	1.34590			6
2025.06.02	01:37:21.151	1.34585	1.34588			6
2025.06.02	01:37:22.385	1.34584	1.34587			6
2025.06.02	01:37:23.001	1.34585	1.34588			6
2025.06.02	01:37:34.395	1.34584	1.34587			6
2025.06.02	01:37:35.626	1.34585	1.34588			6
2025.06.02	01:37:37.168		1.34586			4
2025.06.02	01:37:38.098	1.34584				2
2025.06.02	01:37:38.401		1.34587			4
2025.06.02	01:37:38.709		1.34586			4
2025.06.02	01:37:40.873		1.34587			4
2025.06.02	01:37:45.194	1.34585	1.34586			6
2025.06.02	01:37:46.120	1.34584	1.34587			6
2025.06.02	01:38:00.277	1.34585	1.34588			6
2025.06.02	01:38:02.436	1.34583	1.34586			6
2025.06.02	01:38:04.286	1.34586	1.34589			6
2025.06.02	01:38:05.206	1.34584	1.34587			6
2025.06.02	01:38:06.133		1.34586			4
2025.06.02	01:38:07.675	1.34583				2
2025.06.02	01:38:07.984	1.34581	1.34584			6
2025.06.02	01:38:09.223	1.34580	1.34582			6
2025.06.02	01:38:09.836	1.34578	1.34579			6
2025.06.02	01:38:10.146		1.34581			4
2025.06.02	01:38:10.458	1.34580				2
2025.06.02	01:38:12.913	1.34578				2
2025.06.02	01:38:13.221	1.34577	1.34580			6
2025.06.02	01:38:13.534	1.34576	1.34579			6
2025.06.02	01:38:13.844	1.34577	1.34580			6
2025.06.02	01:38:14.775	1.34578	1.34581			6
2025.06.02	01:38:15.699	1.34577	1.34580			6
2025.06.02	01:38:16.009	1.34575	1.34578			6
2025.06.02	01:38:16.927	1.34574	1.34577			6
2025.06.02	01:38:17.854		1.34576			4
2025.06.02	01:38:18.786	1.34578	1.34581			6
2025.06.02	01:38:19.092	1.34579				2
2025.06.02	01:38:21.859	1.34580				2
2025.06.02	01:38:23.696	1.34579				2
2025.06.02	01:38:26.771	1.34580				2
2025.06.02	01:38:27.697		1.34582			4
2025.06.02	01:38:48.940	1.34579				2
2025.06.02	01:38:52.333	1.34580				2
2025.06.02	01:39:00.038	1.34579	1.34581			6
2025.06.02	01:39:00.341	1.34577	1.34580			6
2025.06.02	01:39:01.277	1.34578	1.34581			6
2025.06.02	01:39:02.513	1.34575	1.34578			6
2025.06.02	01:39:03.435	1.34574	1.34577			6
2025.06.02	01:39:04.054	1.34571	1.34574			6
2025.06.02	01:39:04.361	1.34570	1.34572			6
2025.06.02	01:39:05.289		1.34571			4
2025.06.02	01:39:09.918	1.34571	1.34572			6
2025.06.02	01:39:35.789	1.34572	1.34575			6
2025.06.02	01:39:36.712	1.34573	1.34576			6
2025.06.02	01:40:00.090	1.34573				2
2025.06.02	01:40:33.044	1.34580	1.34583			6
2025.06.02	01:40:34.280	1.34579	1.34581			6
2025.06.02	01:40:36.745	1.34577	1.34578			6
2025.06.02	01:40:37.052	1.34575	1.34576			6
2025.06.02	01:40:37.358	1.34573				2
2025.06.02	01:40:51.834	1.34574				2
2025.06.02	01:40:56.460	1.34577	1.34580			6
2025.06.02	01:40:58.615	1.34574	1.34577			6
2025.06.02	01:40:59.231	1.34575				2
2025.06.02	01:41:00.158	1.34575				2
2025.06.02	01:41:01.073	1.34574				2
2025.06.02	01:41:01.381	1.34575				2
2025.06.02	01:41:06.604	1.34574				2
2025.06.02	01:41:06.912	1.34575				2
2025.06.02	01:41:08.752	1.34578	1.34581			6
2025.06.02	01:41:09.061	1.34575	1.34578			6
2025.06.02	01:41:09.981		1.34577			4
2025.06.02	01:41:10.903		1.34576			4
2025.06.02	01:41:11.206	1.34574				2
2025.06.02	01:41:13.053		1.34577			4
2025.06.02	01:41:13.356	1.34575				2
2025.06.02	01:41:14.900	1.34574				2
2025.06.02	01:41:15.205	1.34575				2
2025.06.02	01:41:17.981	1.34574				2
2025.06.02	01:41:20.140	1.34575				2
2025.06.02	01:41:20.442	1.34573	1.34576			6
2025.06.02	01:42:00.080	1.34573				2
2025.06.02	01:42:10.517	1.34577	1.34580			6
2025.06.02	01:42:10.823	1.34555	1.34556			6
2025.06.02	01:42:12.054		1.34557			4
2025.06.02	01:42:12.356	1.34553				2
2025.06.02	01:42:15.737		1.34556			4
2025.06.02	01:42:16.350		1.34557			4
2025.06.02	01:42:23.106	1.34554				2
2025.06.02	01:42:25.573	1.34553				2
2025.06.02	01:42:33.261	1.34551				2
2025.06.02	01:42:35.106	1.34552	1.34558			6
2025.06.02	01:42:35.416	1.34553				2
2025.06.02	01:42:36.950		1.34557			4
2025.06.02	01:42:38.788		1.34558			4
2025.06.02	01:42:45.855	1.34552				2
2025.06.02	01:42:54.158		1.34557			4
2025.06.02	01:42:54.465	1.34553	1.34558			6
2025.06.02	01:43:00.004	1.34553				2
2025.06.02	01:43:01.234	1.34559	1.34560			6
2025.06.02	01:43:01.548		1.34564			4
2025.06.02	01:43:02.158		1.34565			4
2025.06.02	01:43:02.467		1.34564			4
2025.06.02	01:43:03.697		1.34563			4
2025.06.02	01:43:05.545	1.34560				2
2025.06.02	01:43:11.389	1.34562	1.34564			6
2025.06.02	01:43:11.698	1.34563	1.34567			6
2025.06.02	01:43:13.538		1.34568			4
2025.06.02	01:43:16.615	1.34561	1.34567			6
2025.06.02	01:43:16.921	1.34559	1.34565			6
2025.06.02	01:43:17.226		1.34564			4
2025.06.02	01:43:17.847	1.34558	1.34561			6
2025.06.02	01:43:18.153		1.34562			4
2025.06.02	01:43:19.994		1.34563			4
2025.06.02	01:43:24.298		1.34562			4
2025.06.02	01:43:25.527	1.34562	1.34564			6
2025.06.02	01:43:25.833	1.34563	1.34566			6
2025.06.02	01:43:27.061		1.34567			4
2025.06.02	01:43:27.371		1.34568			4
2025.06.02	01:43:28.288		1.34567			4
2025.06.02	01:43:28.598		1.34568			4
2025.06.02	01:43:29.823		1.34567			4
2025.06.02	01:43:31.358	1.34562				2
2025.06.02	01:43:44.274		1.34566			4
2025.06.02	01:43:44.584	1.34558	1.34563			6
2025.06.02	01:43:45.807		1.34562			4
2025.06.02	01:43:57.800	1.34561				2
2025.06.02	01:43:58.106	1.34562	1.34563			6
2025.06.02	01:43:58.412	1.34561	1.34562			6
2025.06.02	01:43:59.337	1.34554	1.34559			6
2025.06.02	01:43:59.647	1.34553	1.34558			6
2025.06.02	01:44:00.264	1.34553				2
2025.06.02	01:44:00.575		1.34557			4
2025.06.02	01:44:05.805	1.34554				2
2025.06.02	01:44:09.776	1.34553				2
2025.06.02	01:44:16.232		1.34556			4
2025.06.02	01:44:16.539	1.34551	1.34555			6
2025.06.02	01:44:17.152	1.34552	1.34556			6
2025.06.02	01:44:17.459	1.34553				2
2025.06.02	01:44:26.998	1.34552				2
2025.06.02	01:44:28.849	1.34553	1.34557			6
2025.06.02	01:44:31.935	1.34551	1.34554			6
2025.06.02	01:44:32.556		1.34553			4
2025.06.02	01:44:33.474		1.34552			4
2025.06.02	01:44:37.781	1.34554	1.34555			6
2025.06.02	01:44:38.715		1.34556			4
2025.06.02	01:44:39.018		1.34557			4
2025.06.02	01:44:44.555	1.34553				2
2025.06.02	01:44:45.479	1.34562	1.34563			6
2025.06.02	01:44:52.857	1.34567	1.34570			6
2025.06.02	01:44:53.172	1.34571	1.34573			6
2025.06.02	01:44:54.092		1.34572			4
2025.06.02	01:44:54.401		1.34573			4
2025.06.02	01:44:59.332		1.34572			4
2025.06.02	01:45:00.258	1.34571				2
2025.06.02	01:45:03.636	1.34569				2
2025.06.02	01:45:13.788	1.34571				2
2025.06.02	01:45:14.089	1.34572	1.34575			6
2025.06.02	01:45:15.332	1.34573	1.34577			6
2025.06.02	01:45:28.546		1.34575			4
2025.06.02	01:45:29.160		1.34576			4
2025.06.02	01:45:30.086		1.34577			4
2025.06.02	01:45:32.246		1.34576			4
2025.06.02	01:45:38.694	1.34574				2
2025.06.02	01:45:51.927	1.34577	1.34579			6
2025.06.02	01:45:52.238		1.34580			4
2025.06.02	01:45:52.543	1.34580	1.34581			6
2025.06.02	01:45:52.847	1.34581	1.34583			6
2025.06.02	01:45:53.774		1.34584			4
2025.06.02	01:45:56.234		1.34585			4
2025.06.02	01:45:58.701	1.34582				2
2025.06.02	01:46:00.239	1.34582				2
2025.06.02	01:46:00.854	1.34581	1.34584			6
2025.06.02	01:46:02.393		1.34585			4
2025.06.02	01:46:02.700		1.34584			4
2025.06.02	01:46:03.011		1.34585			4
2025.06.02	01:46:07.928		1.34584			4
2025.06.02	01:46:08.238		1.34585			4
2025.06.02	01:46:10.393	1.34584	1.34586			6
2025.06.02	01:46:10.698		1.34587			4
2025.06.02	01:46:11.320		1.34586			4
2025.06.02	01:46:18.695		1.34587			4
2025.06.02	01:46:19.927		1.34586			4
2025.06.02	01:46:20.854		1.34587			4
2025.06.02	01:46:22.085		1.34586			4
2025.06.02	01:46:23.913	1.34583	1.34584			6
2025.06.02	01:46:24.217		1.34585			4
2025.06.02	01:46:24.522		1.34586			4
2025.06.02	01:46:25.751		1.34587			4
2025.06.02	01:46:28.211		1.34586			4
2025.06.02	01:46:34.615	1.34591	1.34592			6
2025.06.02	01:46:34.923	1.34597	1.34598			6
2025.06.02	01:46:35.229	1.34598	1.34600			6
2025.06.02	01:46:35.838	1.34602	1.34603			6
2025.06.02	01:46:36.144	1.34600				2
2025.06.02	01:46:36.451	1.34599				2
2025.06.02	01:46:37.681		1.34600			4
2025.06.02	01:46:38.612		1.34602			4
2025.06.02	01:46:40.154		1.34603			4
2025.06.02	01:46:41.071		1.34600			4
2025.06.02	01:46:42.010		1.34602			4
2025.06.02	01:46:42.928	1.34598	1.34600			6
2025.06.02	01:46:43.236	1.34596	1.34599			6
2025.06.02	01:46:44.166		1.34598			4
2025.06.02	01:46:53.697		1.34599			4
2025.06.02	01:46:54.319		1.34598			4
2025.06.02	01:46:55.245	1.34601	1.34602			6
2025.06.02	01:46:55.547	1.34602	1.34603			6
2025.06.02	01:46:55.863	1.34603	1.34604			6
2025.06.02	01:47:00.160	1.34603				2
2025.06.02	01:47:06.006	1.34604	1.34606			6
2025.06.02	01:47:06.321		1.34607			4
2025.06.02	01:47:16.479		1.34605			4
2025.06.02	01:47:17.405	1.34603	1.34604			6
2025.06.02	01:47:21.720	1.34600	1.34602			6
2025.06.02	01:47:26.641	1.34602	1.34603			6
2025.06.02	01:47:33.102	1.34604	1.34606			6
2025.06.02	01:47:34.340		1.34607			4
2025.06.02	01:47:46.057	1.34609	1.34610			6
2025.06.02	01:47:46.367	1.34610	1.34612			6
2025.06.02	01:47:59.301	1.34607	1.34611			6
2025.06.02	01:47:59.602	1.34604	1.34608			6
2025.06.02	01:48:00.223	1.34604	1.34607			6
2025.06.02	01:48:15.935	1.34608	1.34609			6
2025.06.02	01:48:16.242	1.34609	1.34611			6
2025.06.02	01:48:17.784		1.34612			4
2025.06.02	01:48:22.709	1.34610				2
2025.06.02	01:48:23.940	1.34609				2
2025.06.02	01:48:43.023		1.34613			4
2025.06.02	01:48:43.330	1.34605	1.34608			6
2025.06.02	01:48:43.643	1.34604				2
2025.06.02	01:48:44.253		1.34607			4
2025.06.02	01:48:49.471	1.34620	1.34621			6
2025.06.02	01:48:49.788	1.34619	1.34622			6
2025.06.02	01:48:50.092		1.34621			4
2025.06.02	01:48:50.397		1.34623			4
2025.06.02	01:48:50.706		1.34622			4
2025.06.02	01:49:00.243	1.34619				2
2025.06.02	01:49:00.861		1.34623			4
2025.06.02	01:49:01.478	1.34615	1.34619			6
2025.06.02	01:49:02.401		1.34618			4
2025.06.02	01:49:02.709	1.34614				2
2025.06.02	01:49:10.404		1.34617			4
2025.06.02	01:49:13.172	1.34613				2
2025.06.02	01:49:13.483		1.34615			4
2025.06.02	01:49:14.408		1.34614			4
2025.06.02	01:49:21.183	1.34611	1.34613			6
2025.06.02	01:49:21.485	1.34612				2
2025.06.02	01:49:22.403	1.34610	1.34612			6
2025.06.02	01:49:23.334	1.34609				2
2025.06.02	01:49:23.952	1.34611				2
2025.06.02	01:49:24.261	1.34612	1.34613			6
2025.06.02	01:49:25.184	1.34613	1.34614			6
2025.06.02	01:49:34.411	1.34612	1.34613			6
2025.06.02	01:49:35.947	1.34613	1.34614			6
2025.06.02	01:49:37.173	1.34612	1.34613			6
2025.06.02	01:49:40.861	1.34613	1.34614			6
2025.06.02	01:49:41.473		1.34615			4
2025.06.02	01:49:42.087		1.34616			4
2025.06.02	01:49:43.008		1.34617			4
2025.06.02	01:49:43.619	1.34612	1.34614			6
2025.06.02	01:49:43.929	1.34611	1.34612			6
2025.06.02	01:49:46.382	1.34613	1.34615			6
2025.06.02	01:49:46.685	1.34611	1.34613			6
2025.06.02	01:49:47.000	1.34612				2
2025.06.02	01:49:49.153	1.34611	1.34612			6
2025.06.02	01:50:00.240	1.34611				2
2025.06.02	01:50:00.865	1.34612	1.34613			6
2025.06.02	01:50:03.322	1.34613	1.34614			6
2025.06.02	01:50:04.554		1.34616			4
2025.06.02	01:50:04.861	1.34620	1.34623			6
2025.06.02	01:50:05.790		1.34622			4
2025.06.02	01:50:07.021		1.34623			4
2025.06.02	01:50:13.491	1.34623	1.34625			6
2025.06.02	01:50:14.115		1.34626			4
2025.06.02	01:50:15.032		1.34627			4
2025.06.02	01:50:15.641	1.34624				2
2025.06.02	01:50:25.500	1.34623				2
2025.06.02	01:50:31.335	1.34614	1.34616			6
2025.06.02	01:50:31.958		1.34618			4
2025.06.02	01:50:35.354	1.34612				2
2025.06.02	01:50:37.506		1.34615			4
2025.06.02	01:50:38.427		1.34613			4
2025.06.02	01:50:39.037	1.34609	1.34611			6
2025.06.02	01:50:39.651	1.34607	1.34610			6
2025.06.02	01:50:40.578		1.34612			4
2025.06.02	01:50:41.498		1.34613			4
2025.06.02	01:50:43.344	1.34609				2
2025.06.02	01:50:56.275		1.34612			4
2025.06.02	01:50:59.048	1.34612	1.34615			6
2025.06.02	01:51:00.279	1.34612	1.34617			6
2025.06.02	01:51:02.435	1.34619	1.34621			6
2025.06.02	01:51:02.741	1.34621	1.34622			6
2025.06.02	01:51:03.672	1.34623	1.34626			6
2025.06.02	01:51:03.976		1.34627			4
2025.06.02	01:51:04.597	1.34624				2
2025.06.02	01:51:04.903		1.34628			4
2025.06.02	01:51:15.387		1.34627			4
2025.06.02	01:51:16.613	1.34623				2
2025.06.02	01:51:17.532	1.34626	1.34630			6
2025.06.02	01:51:18.461	1.34628	1.34632			6
2025.06.02	01:51:19.384		1.34633			4
2025.06.02	01:51:20.305		1.34632			4
2025.06.02	01:51:26.474		1.34633			4
2025.06.02	01:51:27.089		1.34632			4
2025.06.02	01:51:27.708	1.34631				2
2025.06.02	01:51:28.625	1.34625	1.34629			6
2025.06.02	01:51:28.938	1.34626	1.34631			6
2025.06.02	01:51:29.243	1.34625	1.34630			6
2025.06.02	01:51:30.174	1.34627	1.34632			6
2025.06.02	01:51:30.482	1.34624	1.34629			6
2025.06.02	01:51:31.719		1.34628			4
2025.06.02	01:51:32.638		1.34627			4
2025.06.02	01:51:37.265	1.34623				2
2025.06.02	01:51:38.183	1.34622	1.34625			6
2025.06.02	01:51:39.105		1.34627			4
2025.06.02	01:51:46.188	1.34621	1.34625			6
2025.06.02	01:51:47.411	1.34622	1.34627			6
2025.06.02	01:51:55.112		1.34626			4
2025.06.02	01:51:57.250	1.34623				2
2025.06.02	01:51:57.561		1.34627			4
2025.06.02	01:52:00.015	1.34623				2
2025.06.02	01:52:08.017	1.34627	1.34628			6
2025.06.02	01:52:08.322	1.34628	1.34629			6
2025.06.02	01:52:08.638		1.34631			4
2025.06.02	01:52:09.257		1.34632			4
2025.06.02	01:52:09.566	1.34627	1.34630			6
2025.06.02	01:52:11.106		1.34631			4
2025.06.02	01:52:13.562	1.34628	1.34632			6
2025.06.02	01:52:17.868	1.34632	1.34634			6
2025.06.02	01:52:18.171		1.34636			4
2025.06.02	01:52:19.704		1.34635			4
2025.06.02	01:52:20.622	1.34633	1.34636			6
2025.06.02	01:52:27.991		1.34637			4
2025.06.02	01:52:33.232	1.34638	1.34642			6
2025.06.02	01:52:33.852	1.34639	1.34643			6
2025.06.02	01:52:34.465	1.34638	1.34642			6
2025.06.02	01:52:37.538	1.34641	1.34643			6
2025.06.02	01:52:41.850	1.34635	1.34638			6
2025.06.02	01:52:44.004	1.34636	1.34639			6
2025.06.02	01:52:45.238		1.34638			4
2025.06.02	01:52:46.472		1.34637			4
2025.06.02	01:52:51.388	1.34635				2
2025.06.02	01:52:53.540	1.34637	1.34638			6
2025.06.02	01:52:53.844	1.34638	1.34639			6
2025.06.02	01:52:54.158		1.34640			4
2025.06.02	01:52:55.078		1.34641			4
2025.06.02	01:53:00.307	1.34638				2
2025.06.02	01:53:02.454		1.34640			4
2025.06.02	01:53:02.763	1.34632	1.34635			6
2025.06.02	01:53:03.068		1.34636			4
2025.06.02	01:53:03.375		1.34634			4
2025.06.02	01:53:03.994		1.34633			4
2025.06.02	01:53:04.304	1.34633	1.34634			6
2025.06.02	01:53:04.614		1.34635			4
2025.06.02	01:53:05.534		1.34637			4
2025.06.02	01:53:07.070	1.34637	1.34638			6
2025.06.02	01:53:07.379	1.34641	1.34645			6
2025.06.02	01:53:08.299		1.34646			4
2025.06.02	01:53:09.222	1.34642	1.34648			6
2025.06.02	01:53:09.840	1.34645				2
2025.06.02	01:53:15.387	1.34647	1.34649			6
2025.06.02	01:53:15.693		1.34648			4
2025.06.02	01:53:17.853		1.34653			4
2025.06.02	01:53:18.478		1.34650			4
2025.06.02	01:53:19.707		1.34649			4
2025.06.02	01:53:20.016		1.34650			4
2025.06.02	01:53:21.863		1.34648			4
2025.06.02	01:53:31.401	1.34644				2
2025.06.02	01:53:35.408	1.34647	1.34653			6
2025.06.02	01:53:35.714	1.34646	1.34650			6
2025.06.02	01:53:36.022	1.34644	1.34649			6
2025.06.02	01:53:36.326		1.34647			4
2025.06.02	01:53:36.948		1.34648			4
2025.06.02	01:53:37.258	1.34642				2
2025.06.02	01:53:40.336		1.34647			4
2025.06.02	01:53:41.261	1.34645				2
2025.06.02	01:53:49.563	1.34651	1.34655			6
2025.06.02	01:53:49.865		1.34653			4
2025.06.02	01:53:51.110		1.34652			4
2025.06.02	01:53:51.420		1.34653			4
2025.06.02	01:53:53.266		1.34652			4
2025.06.02	01:54:00.052	1.34651				2
2025.06.02	01:54:07.735	1.34650				2
2025.06.02	01:54:10.196	1.34645	1.34650			6
2025.06.02	01:54:10.503		1.34649			4
2025.06.02	01:54:11.446		1.34648			4
2025.06.02	01:54:13.597		1.34647			4
2025.06.02	01:54:29.576		1.34649			4
2025.06.02	01:54:30.502		1.34647			4
2025.06.02	01:54:30.811	1.34646	1.34650			6
2025.06.02	01:54:32.350	1.34649	1.34653			6
2025.06.02	01:54:33.581	1.34648	1.34652			6
2025.06.02	01:54:34.508	1.34649				2
2025.06.02	01:54:39.425	1.34651	1.34654			6
2025.06.02	01:54:39.727		1.34655			4
2025.06.02	01:54:40.347	1.34652				2
2025.06.02	01:54:40.967		1.34656			4
2025.06.02	01:54:41.890	1.34653	1.34657			6
2025.06.02	01:54:53.279	1.34652	1.34655			6
2025.06.02	01:54:54.514		1.34656			4
2025.06.02	01:54:55.432	1.34653	1.34657			6
2025.06.02	01:54:57.588	1.34652	1.34655			6
2025.06.02	01:54:57.902		1.34656			4
2025.06.02	01:54:59.132	1.34653	1.34657			6
2025.06.02	01:54:59.442	1.34651	1.34655			6
2025.06.02	01:55:00.057	1.34651				2
2025.06.02	01:55:00.674	1.34652	1.34656			6
2025.06.02	01:55:05.287	1.34650	1.34654			6
2025.06.02	01:55:06.520		1.34652			4
2025.06.02	01:55:09.602	1.34648				2
2025.06.02	01:55:11.147	1.34645	1.34649			6
2025.06.02	01:55:12.063		1.34648			4
2025.06.02	01:55:16.377	1.34647				2
2025.06.02	01:55:16.686	1.34646	1.34650			6
2025.06.02	01:55:17.301	1.34647				2
2025.06.02	01:55:17.616		1.34649			4
2025.06.02	01:55:18.544		1.34648			4
2025.06.02	01:55:19.770		1.34650			4
2025.06.02	01:55:20.693		1.34651			4
2025.06.02	01:55:21.925	1.34648	1.34652			6
2025.06.02	01:55:22.540	1.34647	1.34650			6
2025.06.02	01:55:24.079		1.34651			4
2025.06.02	01:55:25.620	1.34648	1.34652			6
2025.06.02	01:55:27.157		1.34651			4
2025.06.02	01:55:36.625	1.34651	1.34652			6
2025.06.02	01:55:36.930	1.34652	1.34655			6
2025.06.02	01:55:37.840	1.34653	1.34656			6
2025.06.02	01:55:48.514	1.34652	1.34655			6
2025.06.02	01:55:49.737	1.34653	1.34656			6
2025.06.02	01:55:58.017	1.34652	1.34655			6
2025.06.02	01:55:58.327	1.34651	1.34654			6
2025.06.02	01:55:59.234		1.34653			4
2025.06.02	01:56:00.157	1.34651				2
2025.06.02	01:56:02.592	1.34649	1.34651			6
2025.06.02	01:56:02.900	1.34646	1.34649			6
2025.06.02	01:56:03.511	1.34647	1.34650			6
2025.06.02	01:56:04.742	1.34648	1.34651			6
2025.06.02	01:56:07.490	1.34650	1.34652			6
2025.06.02	01:56:18.492	1.34652	1.34655			6
2025.06.02	01:56:19.720	1.34653	1.34656			6
2025.06.02	01:56:23.390	1.34652	1.34655			6
2025.06.02	01:56:24.621	1.34651	1.34653			6
2025.06.02	01:56:28.315	1.34650				2
2025.06.02	01:56:29.237	1.34651	1.34654			6
2025.06.02	01:56:29.550	1.34650	1.34653			6
2025.06.02	01:56:37.247		1.34652			4
2025.06.02	01:56:42.166		1.34653			4
2025.06.02	01:56:47.716		1.34652			4
2025.06.02	01:56:51.724		1.34653			4
2025.06.02	01:56:53.263	1.34657	1.34658			6
2025.06.02	01:56:53.566	1.34654	1.34657			6
2025.06.02	01:56:54.802	1.34653	1.34656			6
2025.06.02	01:57:00.037	1.34653				2
2025.06.02	01:57:15.124	1.34652	1.34654			6
2025.06.02	01:57:15.427	1.34648	1.34651			6
2025.06.02	01:57:26.823	1.34650				2
2025.06.02	01:57:27.446	1.34648				2
2025.06.02	01:57:57.582	1.34656	1.34657			6
2025.06.02	01:58:00.054	1.34656				2
2025.06.02	01:58:02.510	1.34654	1.34656			6
2025.06.02	01:58:11.759	1.34658	1.34661			6
2025.06.02	01:58:12.068	1.34656	1.34659			6
2025.06.02	01:58:13.303	1.34654	1.34657			6
2025.06.02	01:58:14.221		1.34656			4
2025.06.02	01:58:18.830	1.34653				2
2025.06.02	01:58:28.701	1.34654				2
2025.06.02	01:58:34.557	1.34653				2
2025.06.02	01:58:50.874	1.34657	1.34660			6
2025.06.02	01:58:52.104	1.34658	1.34661			6
2025.06.02	01:59:00.091	1.34658				2
2025.06.02	01:59:02.558		1.34659			4
2025.06.02	01:59:02.859	1.34659	1.34662			6
2025.06.02	01:59:03.178	1.34658	1.34661			6
2025.06.02	01:59:13.016	1.34656	1.34659			6
2025.06.02	01:59:13.326	1.34647	1.34650			6
2025.06.02	01:59:13.631	1.34646	1.34649			6
2025.06.02	01:59:13.943	1.34647				2
2025.06.02	01:59:14.250		1.34650			4
2025.06.02	01:59:15.481		1.34649			4
2025.06.02	01:59:15.791		1.34648			4
2025.06.02	01:59:17.334		1.34650			4
2025.06.02	01:59:18.572		1.34652			4
2025.06.02	01:59:21.339	1.34650	1.34655			6
2025.06.02	01:59:21.642	1.34649	1.34653			6
2025.06.02	01:59:21.955	1.34648				2
2025.06.02	01:59:22.876	1.34647	1.34652			6
2025.06.02	01:59:24.113		1.34650			4
2025.06.02	01:59:25.341		1.34648			4
2025.06.02	01:59:30.580	1.34645				2
2025.06.02	01:59:33.352		1.34647			4
2025.06.02	01:59:35.814	1.34641	1.34644			6
2025.06.02	01:59:37.045		1.34642			4
2025.06.02	01:59:43.514		1.34644			4
2025.06.02	01:59:44.438	1.34642	1.34646			6
2025.06.02	01:59:45.362		1.34647			4
2025.06.02	01:59:47.213	1.34643				2
2025.06.02	01:59:47.821	1.34642	1.34646			6
2025.06.02	01:59:48.749	1.34643	1.34647			6
2025.06.02	01:59:59.217	1.34644				2
2025.06.02	02:00:00.140	1.34647	1.34648			6
2025.06.02	02:00:00.441	1.34648	1.34650			6
2025.06.02	02:00:01.358		1.34651			4
2025.06.02	02:00:01.979		1.34652			4
2025.06.02	02:00:05.972	1.34647	1.34651			6
2025.06.02	02:00:06.279	1.34638	1.34642			6
2025.06.02	02:00:06.588	1.34639	1.34643			6
2025.06.02	02:00:07.201	1.34638				2
2025.06.02	02:00:07.515	1.34637				2
2025.06.02	02:00:09.371		1.34642			4
2025.06.02	02:00:22.929		1.34641			4
2025.06.02	02:00:23.551		1.34642			4
2025.06.02	02:00:32.184	1.34638				2
2025.06.02	02:00:35.576	1.34637	1.34641			6
2025.06.02	02:00:41.118	1.34641	1.34645			6
2025.06.02	02:00:41.424	1.34638	1.34642			6
2025.06.02	02:00:46.358	1.34636	1.34637			6
2025.06.02	02:00:46.664	1.34634	1.34636			6
2025.06.02	02:00:47.281	1.34633				2
2025.06.02	02:00:57.129		1.34637			4
2025.06.02	02:01:00.210	1.34633				2
2025.06.02	02:01:01.137	1.34632	1.34636			6
2025.06.02	02:01:01.441	1.34630	1.34634			6
2025.06.02	02:01:02.370	1.34631	1.34632			6
2025.06.02	02:01:06.373	1.34633	1.34636			6
2025.06.02	02:01:07.297		1.34637			4
2025.06.02	02:01:12.833	1.34634				2
2025.06.02	02:01:14.377	1.34636	1.34639			6
2025.06.02	02:01:14.686		1.34640			4
2025.06.02	02:01:15.606	1.34637	1.34641			6
2025.06.02	02:01:16.222	1.34638	1.34642			6
2025.06.02	02:01:19.924	1.34641				2
2025.06.02	02:01:20.227	1.34643	1.34646			6
2025.06.02	02:01:21.164		1.34647			4
2025.06.02	02:01:35.035	1.34647	1.34651			6
2025.06.02	02:01:35.345	1.34646	1.34650			6
2025.06.02	02:01:36.276	1.34647	1.34651			6
2025.06.02	02:01:44.893	1.34646	1.34650			6
2025.06.02	02:01:45.200		1.34648			4
2025.06.02	02:01:46.746		1.34647			4
2025.06.02	02:01:53.836	1.34647	1.34648			6
2025.06.02	02:01:54.460	1.34645	1.34647			6
2025.06.02	02:02:00.304	1.34645				2
2025.06.02	02:02:07.690	1.34643	1.34646			6
2025.06.02	02:02:15.021	1.34644				2
2025.06.02	02:02:26.309	1.34648	1.34651			6
2025.06.02	02:02:35.534	1.34656	1.34659			6
2025.06.02	02:02:35.841	1.34657	1.34660			6
2025.06.02	02:02:36.149	1.34661	1.34664			6
2025.06.02	02:02:37.379	1.34660	1.34665			6
2025.06.02	02:02:38.313		1.34666			4
2025.06.02	02:02:39.241		1.34665			4
2025.06.02	02:02:39.548		1.34666			4
2025.06.02	02:02:40.159		1.34665			4
2025.06.02	02:02:43.863	1.34666	1.34671			6
2025.06.02	02:02:44.170	1.34667	1.34673			6
2025.06.02	02:02:44.477	1.34670	1.34675			6
2025.06.02	02:02:54.962	1.34666	1.34672			6
2025.06.02	02:02:56.810		1.34671			4
2025.06.02	02:03:00.197	1.34666				2
2025.06.02	02:03:01.125		1.34670			4
2025.06.02	02:03:03.898	1.34665				2
2025.06.02	02:03:06.965		1.34671			4
2025.06.02	02:03:10.660	1.34666				2
2025.06.02	02:03:11.893		1.34672			4
2025.06.02	02:03:13.429	1.34668				2
2025.06.02	02:03:20.820	1.34667				2
2025.06.02	02:03:21.436		1.34671			4
2025.06.02	02:03:23.293	1.34666				2
2025.06.02	02:03:33.441	1.34669	1.34675			6
2025.06.02	02:03:34.052	1.34672	1.34676			6
2025.06.02	02:03:34.972	1.34668	1.34672			6
2025.06.02	02:03:35.585	1.34667				2
2025.06.02	02:03:36.516		1.34671			4
2025.06.02	02:03:37.127		1.34670			4
2025.06.02	02:03:38.053		1.34671			4
2025.06.02	02:03:39.589	1.34668	1.34672			6
2025.06.02	02:03:42.365	1.34666	1.34670			6
2025.06.02	02:03:42.675		1.34671			4
2025.06.02	02:03:43.292		1.34670			4
2025.06.02	02:03:46.366		1.34671			4
2025.06.02	02:03:48.832	1.34667	1.34672			6
2025.06.02	02:04:00.215	1.34667				2
2025.06.02	02:04:00.522	1.34669				2
2025.06.02	02:04:01.137		1.34673			4
2025.06.02	02:04:02.368	1.34668				2
2025.06.02	02:04:02.674		1.34674			4
2025.06.02	02:04:02.987		1.34672			4
2025.06.02	02:04:18.383	1.34667				2
2025.06.02	02:04:24.229		1.34671			4
2025.06.02	02:04:24.539	1.34668	1.34672			6
2025.06.02	02:04:29.733	1.34667	1.34671			6
2025.06.02	02:04:31.859	1.34666	1.34670			6
2025.06.02	02:04:37.968	1.34667	1.34671			6
2025.06.02	02:04:38.575	1.34665	1.34667			6
2025.06.02	02:04:38.884		1.34668			4
2025.06.02	02:04:39.184		1.34667			4
2025.06.02	02:04:40.107	1.34663				2
2025.06.02	02:04:40.409		1.34666			4
2025.06.02	02:04:44.382	1.34665	1.34669			6
2025.06.02	02:04:45.607	1.34667	1.34670			6
2025.06.02	02:04:45.912	1.34668	1.34671			6
2025.06.02	02:04:49.589	1.34671	1.34675			6
2025.06.02	02:04:54.508	1.34672	1.34676			6
2025.06.02	02:05:00.047	1.34672				2
2025.06.02	02:05:00.351	1.34671	1.34675			6
2025.06.02	02:05:00.962	1.34664	1.34667			6
2025.06.02	02:05:01.278		1.34668			4
2025.06.02	02:05:02.506	1.34663	1.34667			6
2025.06.02	02:05:04.040	1.34662				2
2025.06.02	02:05:04.353	1.34661	1.34666			6
2025.06.02	02:05:04.963		1.34665			4
2025.06.02	02:05:05.268		1.34666			4
2025.06.02	02:05:07.114		1.34665			4
2025.06.02	02:05:08.650		1.34666			4
2025.06.02	02:05:09.263	1.34662	1.34667			6
2025.06.02	02:05:10.186		1.34666			4
2025.06.02	02:05:11.728		1.34667			4
2025.06.02	02:05:12.037	1.34664	1.34668			6
2025.06.02	02:05:12.953	1.34666	1.34671			6
2025.06.02	02:05:14.489		1.34670			4
2025.06.02	02:05:20.027		1.34671			4
2025.06.02	02:05:21.571		1.34670			4
2025.06.02	02:05:22.189	1.34665				2
2025.06.02	02:05:22.492		1.34668			4
2025.06.02	02:05:23.421	1.34664	1.34669			6
2025.06.02	02:05:24.335	1.34663	1.34668			6
2025.06.02	02:05:25.564		1.34667			4
2025.06.02	02:05:28.644	1.34666	1.34670			6
2025.06.02	02:05:29.572	1.34665				2
2025.06.02	02:05:39.098	1.34666	1.34671			6
2025.06.02	02:05:41.258	1.34672	1.34675			6
2025.06.02	02:05:41.566		1.34676			4
2025.06.02	02:05:41.873		1.34675			4
2025.06.02	02:05:42.184		1.34676			4
2025.06.02	02:05:44.643	1.34673				2
2025.06.02	02:05:45.877		1.34677			4
2025.06.02	02:05:50.494	1.34674	1.34678			6
2025.06.02	02:05:50.806	1.34673				2
2025.06.02	02:05:51.112		1.34677			4
2025.06.02	02:05:54.227		1.34676			4
2025.06.02	02:05:57.604	1.34672				2
2025.06.02	02:06:00.059	1.34672				2
2025.06.02	02:06:03.438	1.34681	1.34685			6
2025.06.02	02:06:03.751	1.34682	1.34686			6
2025.06.02	02:06:04.367	1.34681	1.34687			6
2025.06.02	02:06:04.676	1.34682				2
2025.06.02	02:06:04.984		1.34688			4
2025.06.02	02:06:08.364		1.34687			4
2025.06.02	02:06:08.671	1.34681				2
2025.06.02	02:06:08.982		1.34686			4
2025.06.02	02:06:10.520		1.34687			4
2025.06.02	02:06:11.749		1.34686			4
2025.06.02	02:06:12.368		1.34687			4
2025.06.02	02:06:12.677		1.34686			4
2025.06.02	02:06:13.293		1.34687			4
2025.06.02	02:06:16.366	1.34683				2
2025.06.02	02:06:23.431	1.34684	1.34689			6
2025.06.02	02:06:23.741		1.34688			4
2025.06.02	02:06:24.046	1.34686	1.34691			6
2025.06.02	02:06:25.271		1.34692			4
2025.06.02	02:06:26.199	1.34687				2
2025.06.02	02:06:28.043	1.34686				2
2025.06.02	02:06:28.345		1.34691			4
2025.06.02	02:06:30.205		1.34692			4
2025.06.02	02:06:30.821		1.34691			4
2025.06.02	02:06:32.361		1.34692			4
2025.06.02	02:06:32.665		1.34691			4
2025.06.02	02:06:37.595	1.34685	1.34688			6
2025.06.02	02:06:38.208		1.34689			4
2025.06.02	02:06:40.355	1.34683	1.34687			6
2025.06.02	02:06:41.587		1.34686			4
2025.06.02	02:06:43.120	1.34681				2
2025.06.02	02:06:45.582	1.34680	1.34685			6
2025.06.02	02:06:53.587		1.34684			4
2025.06.02	02:06:54.207	1.34676	1.34677			6
2025.06.02	02:06:54.513	1.34674	1.34676			6
2025.06.02	02:06:56.063	1.34673				2
2025.06.02	02:06:57.900	1.34671				2
2025.06.02	02:06:58.518		1.34677			4
2025.06.02	02:06:58.823	1.34673	1.34678			6
2025.06.02	02:07:00.058	1.34673				2
2025.06.02	02:07:01.285	1.34678	1.34682			6
2025.06.02	02:07:02.209	1.34680	1.34686			6
2025.06.02	02:07:03.441		1.34685			4
2025.06.02	02:07:04.364	1.34679				2
2025.06.02	02:07:04.668	1.34680				2
2025.06.02	02:07:06.520		1.34686			4
2025.06.02	02:07:06.828		1.34685			4
2025.06.02	02:07:07.758		1.34686			4
2025.06.02	02:07:08.985	1.34678	1.34682			6
2025.06.02	02:07:09.605		1.34683			4
2025.06.02	02:07:21.299		1.34682			4
2025.06.02	02:07:21.601		1.34683			4
2025.06.02	02:07:22.220	1.34680	1.34685			6
2025.06.02	02:07:25.310	1.34681				2
2025.06.02	02:07:28.084	1.34680				2
2025.06.02	02:07:29.004	1.34681				2
2025.06.02	02:07:29.311		1.34686			4
2025.06.02	02:07:29.619	1.34682	1.34687			6
2025.06.02	02:07:30.853	1.34683	1.34688			6
2025.06.02	02:07:32.088	1.34687	1.34691			6
2025.06.02	02:07:32.392		1.34692			4
2025.06.02	02:07:33.320		1.34693			4
2025.06.02	02:07:34.553		1.34692			4
2025.06.02	02:07:35.177		1.34691			4
2025.06.02	02:07:35.791		1.34692			4
2025.06.02	02:07:44.105	1.34686	1.34691			6
2025.06.02	02:07:49.659	1.34687	1.34692			6
2025.06.02	02:07:50.270	1.34686	1.34691			6
2025.06.02	02:07:53.350	1.34682	1.34687			6
2025.06.02	02:07:57.344	1.34683				2
2025.06.02	02:07:59.503	1.34682				2
2025.06.02	02:08:00.117	1.34682				2
2025.06.02	02:08:03.810		1.34686			4
2025.06.02	02:08:07.767	1.34685	1.34687			6
2025.06.02	02:08:08.072		1.34688			4
2025.06.02	02:08:08.378	1.34684				2
2025.06.02	02:08:08.991	1.34683	1.34687			6
2025.06.02	02:08:12.631	1.34682	1.34686			6
2025.06.02	02:08:24.881	1.34683	1.34687			6
2025.06.02	02:08:35.338	1.34684				2
2025.06.02	02:08:36.257	1.34683	1.34686			6
2025.06.02	02:08:38.700	1.34682	1.34685			6
2025.06.02	02:08:39.919	1.34683	1.34686			6
2025.06.02	02:08:40.839	1.34682	1.34685			6
2025.06.02	02:08:43.285	1.34683	1.34686			6
2025.06.02	02:08:58.558	1.34684	1.34687			6
2025.06.02	02:08:58.859	1.34683	1.34686			6
2025.06.02	02:09:00.074	1.34683				2
2025.06.02	02:09:01.290	1.34682	1.34685			6
2025.06.02	02:09:29.649		1.34684			4
2025.06.02	02:09:37.022	1.34681				2
2025.06.02	02:09:37.328	1.34682	1.34685			6
2025.06.02	02:09:39.483	1.34683	1.34686			6
2025.06.02	02:09:49.349	1.34684	1.34687			6
2025.06.02	02:09:50.272	1.34683	1.34686			6
2025.06.02	02:10:00.124	1.34683				2
2025.06.02	02:10:00.737	1.34682	1.34685			6
2025.06.02	02:10:01.049	1.34681	1.34684			6
2025.06.02	02:10:01.668	1.34682	1.34685			6
2025.06.02	02:10:06.285	1.34683	1.34686			6
2025.06.02	02:10:06.899	1.34682	1.34685			6
2025.06.02	02:10:25.381	1.34683	1.34686			6
2025.06.02	02:10:27.537	1.34682	1.34685			6
2025.06.02	02:10:35.859	1.34677	1.34680			6
2025.06.02	02:10:36.161	1.34679	1.34682			6
2025.06.02	02:10:36.473	1.34678	1.34681			6
2025.06.02	02:10:37.092	1.34679	1.34682			6
2025.06.02	02:10:38.016	1.34678	1.34681			6
2025.06.02	02:10:39.558	1.34681	1.34684			6
2025.06.02	02:10:39.864	1.34682	1.34685			6
2025.06.02	02:10:41.406	1.34683	1.34686			6
2025.06.02	02:10:47.872	1.34682	1.34685			6
2025.06.02	02:10:48.494	1.34683	1.34686			6
2025.06.02	02:10:59.912		1.34684			4
2025.06.02	02:11:00.219	1.34680	1.34683			6
2025.06.02	02:11:02.683	1.34682	1.34685			6
2025.06.02	02:11:03.606	1.34683				2
2025.06.02	02:11:03.908	1.34679	1.34682			6
2025.06.02	02:11:21.151	1.34675	1.34678			6
2025.06.02	02:11:21.765	1.34676	1.34679			6
2025.06.02	02:11:22.077	1.34675	1.34678			6
2025.06.02	02:11:23.302	1.34676	1.34679			6
2025.06.02	02:11:30.377	1.34668	1.34671			6
2025.06.02	02:11:34.089	1.34667	1.34670			6
2025.06.02	02:11:38.102	1.34666	1.34669			6
2025.06.02	02:11:43.030	1.34668	1.34671			6
2025.06.02	02:11:44.572	1.34665	1.34668			6
2025.06.02	02:11:49.801	1.34664	1.34667			6
2025.06.02	02:11:53.183	1.34666	1.34669			6
2025.06.02	02:11:58.109	1.34667	1.34670			6
2025.06.02	02:12:00.268	1.34667				2
2025.06.02	02:12:00.888	1.34666	1.34669			6
2025.06.02	02:12:01.193	1.34667	1.34670			6
2025.06.02	02:12:02.742	1.34665	1.34668			6
2025.06.02	02:12:03.048	1.34664	1.34667			6
2025.06.02	02:12:03.353	1.34665	1.34668			6
2025.06.02	02:12:03.660	1.34664	1.34667			6
2025.06.02	02:12:03.969	1.34665	1.34668			6
2025.06.02	02:12:07.365	1.34666	1.34669			6
2025.06.02	02:12:07.975	1.34664	1.34667			6
2025.06.02	02:12:11.975	1.34665	1.34668			6
2025.06.02	02:12:13.220	1.34667	1.34670			6
2025.06.02	02:12:14.457	1.34668	1.34671			6
2025.06.02	02:12:19.073	1.34667	1.34670			6
2025.06.02	02:12:29.482	1.34668	1.34671			6
2025.06.02	02:12:52.456	1.34667	1.34670			6
2025.06.02	02:12:57.069		1.34668			4
2025.06.02	02:12:57.372	1.34666				2
2025.06.02	02:12:57.687		1.34669			4
2025.06.02	02:12:59.220	1.34664	1.34667			6
2025.06.02	02:13:00.150	1.34663	1.34666			6
2025.06.02	02:13:02.605	1.34662	1.34665			6
2025.06.02	02:13:02.907	1.34659	1.34662			6
2025.06.02	02:13:03.830		1.34661			4
2025.06.02	02:13:05.363	1.34662	1.34664			6
2025.06.02	02:13:06.286	1.34663	1.34666			6
2025.06.02	02:13:10.911	1.34662	1.34664			6
2025.06.02	02:13:11.839		1.34665			4
2025.06.02	02:13:13.379		1.34664			4
2025.06.02	02:13:14.289		1.34663			4
2025.06.02	02:13:16.457		1.34664			4
2025.06.02	02:13:17.692	1.34661				2
2025.06.02	02:13:23.525		1.34663			4
2025.06.02	02:13:24.145		1.34664			4
2025.06.02	02:13:25.986	1.34663	1.34665			6
2025.06.02	02:13:27.221		1.34666			4
2025.06.02	02:13:29.676	1.34672	1.34673			6
2025.06.02	02:13:29.977		1.34674			4
2025.06.02	02:13:30.280	1.34673	1.34676			6
2025.06.02	02:13:31.532		1.34677			4
2025.06.02	02:13:32.149	1.34677	1.34681			6
2025.06.02	02:13:32.455	1.34680				2
2025.06.02	02:13:32.762	1.34682	1.34685			6
2025.06.02	02:13:33.688	1.34683	1.34687			6
2025.06.02	02:13:43.224		1.34688			4
2025.06.02	02:13:43.530		1.34687			4
2025.06.02	02:13:44.148		1.34688			4
2025.06.02	02:13:57.125	1.34684				2
2025.06.02	02:14:00.198	1.34684				2
2025.06.02	02:14:00.507	1.34681	1.34682			6
2025.06.02	02:14:00.810	1.34672	1.34676			6
2025.06.02	02:14:01.133	1.34671				2
2025.06.02	02:14:06.362		1.34677			4
2025.06.02	02:14:06.671	1.34672				2
2025.06.02	02:14:09.132	1.34671	1.34676			6
2025.06.02	02:14:09.439		1.34677			4
2025.06.02	02:14:10.364	1.34672	1.34678			6
2025.06.02	02:14:14.057	1.34673	1.34679			6
2025.06.02	02:14:21.445	1.34671	1.34677			6
2025.06.02	02:14:25.445	1.34673	1.34678			6
2025.06.02	02:14:26.991	1.34672				2
2025.06.02	02:14:28.218		1.34677			4
2025.06.02	02:14:29.458	1.34671				2
2025.06.02	02:14:33.153		1.34676			4
2025.06.02	02:14:42.075	1.34669	1.34674			6
2025.06.02	02:14:44.234		1.34673			4
2025.06.02	02:14:44.856		1.34674			4
2025.06.02	02:14:53.166	1.34670	1.34675			6
2025.06.02	02:14:55.005		1.34674			4
2025.06.02	02:14:55.620		1.34675			4
2025.06.02	02:14:57.157		1.34674			4
2025.06.02	02:15:00.230	1.34670				2
2025.06.02	02:15:01.458	1.34669				2
2025.06.02	02:15:03.296	1.34670				2
2025.06.02	02:15:13.116	1.34669	1.34673			6
2025.06.02	02:15:13.725	1.34670				2
2025.06.02	02:15:15.871		1.34672			4
2025.06.02	02:15:17.098		1.34673			4
2025.06.02	02:15:18.008		1.34672			4
2025.06.02	02:15:20.768	1.34672	1.34675			6
2025.06.02	02:15:21.991		1.34676			4
2025.06.02	02:15:24.744	1.34664	1.34669			6
2025.06.02	02:15:25.666	1.34661	1.34667			6
2025.06.02	02:15:25.968	1.34660	1.34666			6
2025.06.02	02:15:26.280	1.34661				2
2025.06.02	02:15:27.208		1.34667			4
2025.06.02	02:15:28.745	1.34660	1.34666			6
2025.06.02	02:15:30.286		1.34665			4
2025.06.02	02:15:30.592	1.34661				2
2025.06.02	02:15:30.898		1.34666			4
2025.06.02	02:15:31.821		1.34667			4
2025.06.02	02:15:33.973	1.34663				2
2025.06.02	02:15:35.510		1.34668			4
2025.06.02	02:15:37.670	1.34664	1.34669			6
2025.06.02	02:15:37.979	1.34673	1.34676			6
2025.06.02	02:15:38.281	1.34672				2
2025.06.02	02:15:43.203	1.34668	1.34673			6
2025.06.02	02:15:48.442	1.34667				2
2025.06.02	02:15:50.607	1.34668				2
2025.06.02	02:15:50.914	1.34667				2
2025.06.02	02:15:53.693	1.34665	1.34671			6
2025.06.02	02:15:54.000	1.34666				2
2025.06.02	02:15:54.303	1.34667	1.34672			6
2025.06.02	02:15:55.852	1.34666	1.34671			6
2025.06.02	02:15:56.774	1.34668	1.34672			6
2025.06.02	02:15:57.085		1.34673			4
2025.06.02	02:16:00.160	1.34668				2
2025.06.02	02:16:06.313		1.34672			4
2025.06.02	02:16:08.160	1.34667	1.34671			6
2025.06.02	02:16:10.000		1.34670			4
2025.06.02	02:16:10.310		1.34671			4
2025.06.02	02:16:15.539	1.34673	1.34675			6
2025.06.02	02:16:16.771		1.34677			4
2025.06.02	02:16:18.007		1.34678			4
2025.06.02	02:16:18.624		1.34677			4
2025.06.02	02:16:19.241		1.34678			4
2025.06.02	02:16:19.551		1.34677			4
2025.06.02	02:16:20.167		1.34678			4
2025.06.02	02:16:28.800		1.34677			4
2025.06.02	02:16:30.647	1.34672	1.34676			6
2025.06.02	02:16:31.269	1.34663	1.34668			6
2025.06.02	02:16:31.578	1.34664	1.34669			6
2025.06.02	02:16:31.882	1.34665	1.34668			6
2025.06.02	02:16:32.188		1.34669			4
2025.06.02	02:16:34.967		1.34670			4
2025.06.02	02:16:35.585		1.34669			4
2025.06.02	02:16:37.132		1.34670			4
2025.06.02	02:16:37.744		1.34669			4
2025.06.02	02:16:42.373	1.34667	1.34672			6
2025.06.02	02:16:46.063		1.34671			4
2025.06.02	02:16:46.364	1.34666	1.34670			6
2025.06.02	02:16:49.136		1.34669			4
2025.06.02	02:16:50.672		1.34670			4
2025.06.02	02:16:51.293	1.34665				2
2025.06.02	02:16:57.125	1.34668				2
2025.06.02	02:16:57.427	1.34672	1.34676			6
2025.06.02	02:16:58.361		1.34677			4
2025.06.02	02:17:00.198	1.34672				2
2025.06.02	02:17:02.351	1.34673	1.34678			6
2025.06.02	02:17:02.659		1.34677			4
2025.06.02	02:17:02.967		1.34678			4
2025.06.02	02:17:03.892		1.34677			4
2025.06.02	02:17:05.741	1.34671				2
2025.06.02	02:17:06.667	1.34672				2
2025.06.02	02:17:08.521	1.34671				2
2025.06.02	02:17:08.822	1.34670	1.34676			6
2025.06.02	02:17:12.214	1.34665	1.34671			6
2025.06.02	02:17:21.755	1.34667	1.34672			6
2025.06.02	02:17:22.998		1.34671			4
2025.06.02	02:17:23.917		1.34672			4
2025.06.02	02:17:25.146		1.34671			4
2025.06.02	02:17:25.760		1.34673			4
2025.06.02	02:17:27.917		1.34672			4
2025.06.02	02:17:38.060		1.34671			4
2025.06.02	02:17:38.983		1.34672			4
2025.06.02	02:17:48.203	1.34662	1.34667			6
2025.06.02	02:17:49.439		1.34668			4
2025.06.02	02:17:57.743		1.34667			4
2025.06.02	02:18:00.203	1.34662				2
2025.06.02	02:18:01.124	1.34664				2
2025.06.02	02:18:01.435	1.34662				2
2025.06.02	02:18:06.356		1.34668			4
2025.06.02	02:18:07.285	1.34664				2
2025.06.02	02:18:08.210		1.34667			4
2025.06.02	02:18:09.437	1.34665	1.34668			6
2025.06.02	02:18:15.595		1.34669			4
2025.06.02	02:18:22.371		1.34667			4
2025.06.02	02:18:22.682		1.34669			4
2025.06.02	02:18:24.217		1.34667			4
2025.06.02	02:18:29.441		1.34668			4
2025.06.02	02:18:29.748	1.34663				2
2025.06.02	02:18:31.278	1.34665				2
2025.06.02	02:18:40.138		1.34667			4
2025.06.02	02:18:45.347		1.34668			4
2025.06.02	02:18:45.959	1.34666	1.34670			6
2025.06.02	02:18:46.260	1.34665	1.34669			6
2025.06.02	02:18:47.484	1.34664	1.34668			6
2025.06.02	02:19:00.018	1.34664				2
2025.06.02	02:19:02.142	1.34665				2
2025.06.02	02:19:06.723	1.34664	1.34667			6
2025.06.02	02:19:12.217	1.34655	1.34657			6
2025.06.02	02:19:13.131		1.34659			4
2025.06.02	02:19:14.062	1.34653	1.34658			6
2025.06.02	02:19:14.370	1.34652	1.34657			6
2025.06.02	02:19:16.838		1.34656			4
2025.06.02	02:19:18.069		1.34657			4
2025.06.02	02:19:18.375		1.34656			4
2025.06.02	02:19:20.525	1.34649	1.34654			6
2025.06.02	02:19:20.830	1.34650	1.34653			6
2025.06.02	02:19:26.033	1.34651				2
2025.06.02	02:19:28.490	1.34649				2
2025.06.02	02:19:29.104	1.34659	1.34664			6
2025.06.02	02:19:29.407	1.34658	1.34662			6
2025.06.02	02:19:30.343		1.34664			4
2025.06.02	02:19:30.951		1.34663			4
2025.06.02	02:19:32.183		1.34662			4
2025.06.02	02:19:32.799	1.34656	1.34661			6
2025.06.02	02:19:33.108		1.34662			4
2025.06.02	02:19:34.341	1.34658	1.34663			6
2025.06.02	02:19:41.422	1.34656	1.34662			6
2025.06.02	02:19:42.345		1.34661			4
2025.06.02	02:19:44.190	1.34654	1.34659			6
2025.06.02	02:19:44.495		1.34660			4
2025.06.02	02:19:44.804	1.34655				2
2025.06.02	02:19:47.579		1.34661			4
2025.06.02	02:19:48.191		1.34660			4
2025.06.02	02:19:50.033	1.34656	1.34659			6
2025.06.02	02:19:50.655		1.34660			4
2025.06.02	02:20:00.199	1.34656				2
2025.06.02	02:20:04.514	1.34654	1.34659			6
2025.06.02	02:20:05.740	1.34656	1.34660			6
2025.06.02	02:20:06.049		1.34661			4
2025.06.02	02:20:19.294	1.34654	1.34659			6
2025.06.02	02:20:23.291	1.34655				2
2025.06.02	02:20:23.597		1.34660			4
2025.06.02	02:20:25.764	1.34659	1.34664			6
2025.06.02	02:20:26.682	1.34660				2
2025.06.02	02:20:26.988		1.34665			4
2025.06.02	02:20:28.220		1.34664			4
2025.06.02	02:20:30.066		1.34665			4
2025.06.02	02:20:31.296		1.34664			4
2025.06.02	02:20:38.685	1.34657	1.34662			6
2025.06.02	02:20:39.304	1.34656	1.34661			6
2025.06.02	02:20:40.538	1.34655	1.34660			6
2025.06.02	02:20:44.224	1.34656	1.34661			6
2025.06.02	02:20:45.758	1.34657	1.34662			6
2025.06.02	02:20:51.300	1.34658				2
2025.06.02	02:20:55.259	1.34656	1.34660			6
2025.06.02	02:20:58.017	1.34657	1.34661			6
2025.06.02	02:21:00.163	1.34656	1.34660			6
2025.06.02	02:21:01.701	1.34660	1.34664			6
2025.06.02	02:21:02.308		1.34665			4
2025.06.02	02:21:03.232		1.34664			4
2025.06.02	02:21:04.761	1.34661	1.34665			6
2025.06.02	02:21:11.174	1.34662	1.34666			6
2025.06.02	02:21:19.475	1.34664	1.34668			6
2025.06.02	02:21:19.788	1.34665	1.34669			6
2025.06.02	02:21:20.091	1.34664	1.34667			6
2025.06.02	02:21:20.400		1.34668			4
2025.06.02	02:21:21.018		1.34667			4
2025.06.02	02:21:26.857	1.34663				2
2025.06.02	02:21:31.482	1.34666	1.34670			6
2025.06.02	02:21:33.332	1.34667	1.34671			6
2025.06.02	02:21:39.183	1.34668	1.34672			6
2025.06.02	02:21:44.104	1.34669				2
2025.06.02	02:21:45.643	1.34670	1.34673			6
2025.06.02	02:21:49.339	1.34669	1.34672			6
2025.06.02	02:21:52.383	1.34668	1.34671			6
2025.06.02	02:22:00.025	1.34668				2
2025.06.02	02:22:00.643	1.34669	1.34672			6
2025.06.02	02:22:06.169		1.34671			4
2025.06.02	02:22:06.473		1.34672			4
2025.06.02	02:22:09.223	1.34672	1.34675			6
2025.06.02	02:22:10.457	1.34673	1.34676			6
2025.06.02	02:22:11.689	1.34672	1.34675			6
2025.06.02	02:22:12.295	1.34673	1.34676			6
2025.06.02	02:22:23.287	1.34675	1.34678			6
2025.06.02	02:22:23.594	1.34673	1.34676			6
2025.06.02	02:22:27.553	1.34671	1.34674			6
2025.06.02	02:22:27.861	1.34670	1.34673			6
2025.06.02	02:22:30.329	1.34669	1.34672			6
2025.06.02	02:22:31.255	1.34667	1.34670			6
2025.06.02	02:22:36.182	1.34666	1.34669			6
2025.06.02	02:22:39.262	1.34667	1.34670			6
2025.06.02	02:22:40.190	1.34666	1.34669			6
2025.06.02	02:22:45.718	1.34664	1.34667			6
