<DATE>	<TIME>	<BID>	<ASK>	<LAST>	<VOLUME>	<FLAGS>
2025.06.25	00:03:31.189	1.36091	1.36270			6
2025.06.25	00:04:00.079	1.36091				2
2025.06.25	00:04:31.427		1.36270			4
2025.06.25	00:05:00.029	1.36091				2
2025.06.25	00:05:31.684		1.36270			4
2025.06.25	00:06:00.282	1.36091				2
2025.06.25	00:06:31.957		1.36270			4
2025.06.25	00:06:49.776		1.36273			4
2025.06.25	00:07:00.227	1.36091				2
2025.06.25	00:07:00.844	1.36096	1.36288			6
2025.06.25	00:07:28.126	1.36095	1.36287			6
2025.06.25	00:07:39.807	1.36094	1.36286			6
2025.06.25	00:08:00.099	1.36094				2
2025.06.25	00:08:35.786	1.36093	1.36285			6
2025.06.25	00:09:00.123	1.36117	1.36273			6
2025.06.25	00:09:00.427		1.36274			4
2025.06.25	00:09:00.737		1.36277			4
2025.06.25	00:09:01.347		1.36283			4
2025.06.25	00:09:01.960		1.36284			4
2025.06.25	00:09:02.577		1.36286			4
2025.06.25	00:09:03.191		1.36287			4
2025.06.25	00:09:03.496		1.36288			4
2025.06.25	00:09:04.113		1.36290			4
2025.06.25	00:09:04.735		1.36291			4
2025.06.25	00:09:05.043		1.36290			4
2025.06.25	00:09:05.343		1.36302			4
2025.06.25	00:09:05.651		1.36301			4
2025.06.25	00:09:10.257		1.36302			4
2025.06.25	00:09:12.422	1.36113	1.36304			6
2025.06.25	00:09:22.892		1.36290			4
2025.06.25	00:09:23.514		1.36296			4
2025.06.25	00:09:24.434		1.36297			4
2025.06.25	00:09:25.664		1.36298			4
2025.06.25	00:09:31.611		1.36296			4
2025.06.25	00:09:35.934		1.36298			4
2025.06.25	00:09:37.160		1.36300			4
2025.06.25	00:09:39.010		1.36301			4
2025.06.25	00:09:43.001		1.36303			4
2025.06.25	00:09:46.378		1.36304			4
2025.06.25	00:09:56.822		1.36305			4
2025.06.25	00:09:57.130	1.36117				2
2025.06.25	00:09:57.431		1.36304			4
2025.06.25	00:10:00.198	1.36157				2
2025.06.25	00:10:00.505	1.36156				2
2025.06.25	00:10:00.807	1.36163				2
2025.06.25	00:10:01.116	1.36156				2
2025.06.25	00:10:01.420	1.36137				2
2025.06.25	00:10:01.720	1.36154				2
2025.06.25	00:10:02.021	1.36155				2
2025.06.25	00:10:02.335	1.36150				2
2025.06.25	00:10:02.638	1.36154				2
2025.06.25	00:10:02.953	1.36151				2
2025.06.25	00:10:03.258	1.36138				2
2025.06.25	00:10:03.560	1.36155				2
2025.06.25	00:10:04.177	1.36150				2
2025.06.25	00:10:04.479	1.36138				2
2025.06.25	00:10:04.783	1.36155				2
2025.06.25	00:10:05.101	1.36151				2
2025.06.25	00:10:05.408	1.36138				2
2025.06.25	00:10:05.718	1.36155				2
2025.06.25	00:10:06.026		1.36305			4
2025.06.25	00:10:06.328	1.36158	1.36304			6
2025.06.25	00:10:06.638	1.36161				2
2025.06.25	00:10:06.941	1.36162				2
2025.06.25	00:10:07.546	1.36156	1.36301			6
2025.06.25	00:10:07.849	1.36137				2
2025.06.25	00:10:08.159	1.36164				2
2025.06.25	00:10:08.464	1.36160				2
2025.06.25	00:10:08.772	1.36156	1.36300			6
2025.06.25	00:10:09.698		1.36302			4
2025.06.25	00:10:10.313		1.36296			4
2025.06.25	00:10:11.855	1.36104				2
2025.06.25	00:10:23.256	1.36105	1.36297			6
2025.06.25	00:10:26.031	1.36110	1.36302			6
2025.06.25	00:10:27.571	1.36112	1.36304			6
2025.06.25	00:10:30.960	1.36111	1.36303			6
2025.06.25	00:10:32.193	1.36112	1.36304			6
2025.06.25	00:10:33.726	1.36110	1.36302			6
2025.06.25	00:10:36.185	1.36111	1.36303			6
2025.06.25	00:10:36.489	1.36110	1.36302			6
2025.06.25	00:10:38.025	1.36111	1.36303			6
2025.06.25	00:10:38.639	1.36112	1.36304			6
2025.06.25	00:10:39.256	1.36116	1.36308			6
2025.06.25	00:10:39.563	1.36114	1.36306			6
2025.06.25	00:10:41.105	1.36115	1.36307			6
2025.06.25	00:10:46.040	1.36116	1.36308			6
2025.06.25	00:10:49.119	1.36140	1.36311			6
2025.06.25	00:10:49.431	1.36139				2
2025.06.25	00:10:49.731	1.36142				2
2025.06.25	00:10:50.649	1.36114	1.36306			6
2025.06.25	00:10:52.192	1.36143	1.36311			6
2025.06.25	00:10:52.503	1.36116	1.36308			6
2025.06.25	00:10:53.109	1.36115	1.36307			6
2025.06.25	00:10:53.418	1.36114	1.36306			6
2025.06.25	00:10:54.649	1.36111	1.36303			6
2025.06.25	00:10:55.258	1.36133	1.36311			6
2025.06.25	00:10:55.569	1.36122	1.36307			6
2025.06.25	00:10:55.875	1.36129	1.36311			6
2025.06.25	00:10:56.789	1.36115	1.36307			6
2025.06.25	00:10:57.718	1.36114	1.36306			6
2025.06.25	00:11:00.176	1.36114				2
2025.06.25	00:11:00.789	1.36118	1.36310			6
2025.06.25	00:11:03.254	1.36120				2
2025.06.25	00:11:03.559	1.36117	1.36309			6
2025.06.25	00:11:04.484	1.36116	1.36308			6
2025.06.25	00:11:12.505	1.36114	1.36306			6
2025.06.25	00:11:18.360	1.36113	1.36304			6
2025.06.25	00:11:18.977	1.36121	1.36311			6
2025.06.25	00:11:19.280	1.36113	1.36304			6
2025.06.25	00:11:20.513		1.36303			4
2025.06.25	00:11:20.814	1.36123	1.36306			6
2025.06.25	00:11:21.116	1.36119	1.36310			6
2025.06.25	00:11:21.418	1.36113	1.36302			6
2025.06.25	00:11:22.041	1.36123	1.36310			6
2025.06.25	00:11:22.349	1.36108	1.36300			6
2025.06.25	00:11:22.962	1.36116	1.36308			6
2025.06.25	00:11:23.584	1.36109	1.36301			6
2025.06.25	00:11:23.892	1.36112	1.36300			6
2025.06.25	00:11:24.500	1.36107	1.36298			6
2025.06.25	00:11:24.801	1.36119	1.36308			6
2025.06.25	00:11:25.419	1.36122	1.36280			6
2025.06.25	00:11:25.723	1.36120	1.36284			6
2025.06.25	00:11:26.035	1.36111				2
2025.06.25	00:11:27.882	1.36107				2
2025.06.25	00:11:28.493	1.36123				2
2025.06.25	00:11:29.114	1.36118				2
2025.06.25	00:11:29.417	1.36119				2
2025.06.25	00:11:30.037	1.36092				2
2025.06.25	00:11:30.958	1.36120				2
2025.06.25	00:11:31.560	1.36124				2
2025.06.25	00:11:32.165	1.36121				2
2025.06.25	00:11:32.471	1.36120				2
2025.06.25	00:11:33.087	1.36123				2
2025.06.25	00:11:34.631	1.36121				2
2025.06.25	00:11:34.938	1.36119				2
2025.06.25	00:11:35.239	1.36123				2
2025.06.25	00:11:36.146	1.36119				2
2025.06.25	00:11:36.768	1.36123				2
2025.06.25	00:11:38.306	1.36119				2
2025.06.25	00:11:38.928	1.36122				2
2025.06.25	00:11:39.537	1.36118				2
2025.06.25	00:11:40.139	1.36122				2
2025.06.25	00:11:41.052	1.36117				2
2025.06.25	00:11:41.363	1.36118				2
2025.06.25	00:11:41.666	1.36122				2
2025.06.25	00:11:42.596	1.36120				2
2025.06.25	00:11:43.203	1.36121				2
2025.06.25	00:11:43.512	1.36118				2
2025.06.25	00:11:43.819	1.36122				2
2025.06.25	00:11:44.438	1.36120				2
2025.06.25	00:11:45.043	1.36118				2
2025.06.25	00:11:45.345	1.36122				2
2025.06.25	00:11:45.958	1.36118				2
2025.06.25	00:11:46.259	1.36117				2
2025.06.25	00:11:46.578	1.36118				2
2025.06.25	00:11:47.187	1.36122				2
2025.06.25	00:11:48.738	1.36120				2
2025.06.25	00:11:49.039	1.36118				2
2025.06.25	00:11:49.347	1.36122				2
2025.06.25	00:11:49.649	1.36121				2
2025.06.25	00:11:50.898	1.36120				2
2025.06.25	00:11:51.199	1.36117				2
2025.06.25	00:11:51.499	1.36121				2
2025.06.25	00:11:52.108	1.36116				2
2025.06.25	00:11:52.416	1.36117				2
2025.06.25	00:11:53.023	1.36121				2
2025.06.25	00:11:54.250	1.36116				2
2025.06.25	00:11:54.558	1.36117				2
2025.06.25	00:11:54.859	1.36121				2
2025.06.25	00:11:56.411	1.36119				2
2025.06.25	00:11:56.718	1.36117				2
2025.06.25	00:11:57.020	1.36121				2
2025.06.25	00:11:58.575	1.36116				2
2025.06.25	00:11:58.878	1.36117				2
2025.06.25	00:11:59.179	1.36121				2
2025.06.25	00:12:00.097	1.36119				2
2025.06.25	00:12:00.398	1.36117				2
2025.06.25	00:12:00.701	1.36121				2
2025.06.25	00:12:01.616	1.36117				2
2025.06.25	00:12:02.228	1.36121				2
2025.06.25	00:12:03.777	1.36117				2
2025.06.25	00:12:04.079	1.36116				2
2025.06.25	00:12:04.387	1.36120	1.36283			6
2025.06.25	00:12:05.620	1.36115				2
2025.06.25	00:12:05.923	1.36116				2
2025.06.25	00:12:06.538	1.36123				2
2025.06.25	00:12:07.456	1.36120				2
2025.06.25	00:12:07.759	1.36119				2
2025.06.25	00:12:08.063	1.36123				2
2025.06.25	00:12:08.367	1.36122				2
2025.06.25	00:12:08.669	1.36120				2
2025.06.25	00:12:08.977	1.36118				2
2025.06.25	00:12:09.280	1.36119	1.36284			6
2025.06.25	00:12:09.581	1.36123				2
2025.06.25	00:12:09.889	1.36122	1.36283			6
2025.06.25	00:12:10.191	1.36120	1.36282			6
2025.06.25	00:12:10.499	1.36122				2
2025.06.25	00:12:10.805	1.36120				2
2025.06.25	00:12:11.113	1.36118				2
2025.06.25	00:12:11.419	1.36122				2
2025.06.25	00:12:12.653	1.36118				2
2025.06.25	00:12:12.958	1.36120				2
2025.06.25	00:12:13.267	1.36118				2
2025.06.25	00:12:13.574	1.36122				2
2025.06.25	00:12:14.496	1.36120				2
2025.06.25	00:12:14.799	1.36118				2
2025.06.25	00:12:15.404	1.36122				2
2025.06.25	00:12:16.016	1.36116				2
2025.06.25	00:12:16.621	1.36120				2
2025.06.25	00:12:17.531	1.36116				2
2025.06.25	00:12:17.838	1.36119				2
2025.06.25	00:12:18.146	1.36120				2
2025.06.25	00:12:19.069	1.36118				2
2025.06.25	00:12:19.375	1.36116				2
2025.06.25	00:12:19.989	1.36120				2
2025.06.25	00:12:20.916	1.36119				2
2025.06.25	00:12:21.528	1.36115				2
2025.06.25	00:12:22.450	1.36119				2
2025.06.25	00:12:23.374	1.36118				2
2025.06.25	00:12:23.980	1.36115				2
2025.06.25	00:12:24.295	1.36119				2
2025.06.25	00:12:25.214	1.36118				2
2025.06.25	00:12:25.518	1.36115				2
2025.06.25	00:12:25.822	1.36119				2
2025.06.25	00:12:27.371	1.36117				2
2025.06.25	00:12:27.678	1.36115				2
2025.06.25	00:12:28.602	1.36119				2
2025.06.25	00:12:29.531	1.36117				2
2025.06.25	00:12:29.836	1.36115				2
2025.06.25	00:12:30.447	1.36119				2
2025.06.25	00:12:31.058	1.36117				2
2025.06.25	00:12:31.664	1.36115				2
2025.06.25	00:12:31.965	1.36120				2
2025.06.25	00:12:32.274	1.36119				2
2025.06.25	00:12:32.889	1.36117				2
2025.06.25	00:12:33.197	1.36115				2
2025.06.25	00:12:33.500	1.36114				2
2025.06.25	00:12:33.808	1.36118				2
2025.06.25	00:12:35.355	1.36114				2
2025.06.25	00:12:35.967	1.36118				2
2025.06.25	00:12:36.878	1.36116				2
2025.06.25	00:12:37.799	1.36120				2
2025.06.25	00:12:39.034	1.36116				2
2025.06.25	00:12:39.654	1.36120				2
2025.06.25	00:12:41.199	1.36118				2
2025.06.25	00:12:41.500	1.36116				2
2025.06.25	00:12:41.802	1.36120				2
2025.06.25	00:12:42.739	1.36122				2
2025.06.25	00:12:43.357	1.36118				2
2025.06.25	00:12:43.965	1.36122				2
2025.06.25	00:12:44.280	1.36123				2
2025.06.25	00:12:44.582	1.36122				2
2025.06.25	00:12:45.508	1.36120				2
2025.06.25	00:12:45.819	1.36117				2
2025.06.25	00:12:46.121	1.36120				2
2025.06.25	00:12:47.978	1.36118				2
2025.06.25	00:12:48.279	1.36116	1.36283			6
2025.06.25	00:12:48.882	1.36120				2
2025.06.25	00:12:49.498	1.36117				2
2025.06.25	00:12:49.800	1.36118				2
2025.06.25	00:12:50.114	1.36115				2
2025.06.25	00:12:50.733	1.36119				2
2025.06.25	00:12:51.969	1.36118				2
2025.06.25	00:12:52.275	1.36115				2
2025.06.25	00:12:52.580	1.36112				2
2025.06.25	00:12:52.886	1.36116				2
2025.06.25	00:12:53.189	1.36117				2
2025.06.25	00:12:53.502	1.36116				2
2025.06.25	00:12:54.124	1.36117				2
2025.06.25	00:12:54.430	1.36115				2
2025.06.25	00:12:54.735	1.36112				2
2025.06.25	00:12:55.039	1.36117				2
2025.06.25	00:12:55.656	1.36116				2
2025.06.25	00:12:56.262	1.36112				2
2025.06.25	00:12:56.873	1.36117	1.36282			6
2025.06.25	00:12:57.179	1.36116				2
2025.06.25	00:12:57.480	1.36115				2
2025.06.25	00:12:58.100	1.36113				2
2025.06.25	00:12:58.409	1.36112				2
2025.06.25	00:12:58.717	1.36115				2
2025.06.25	00:12:59.021	1.36117				2
2025.06.25	00:12:59.638	1.36112				2
2025.06.25	00:13:00.242	1.36117				2
2025.06.25	00:13:01.158	1.36115				2
2025.06.25	00:13:01.463	1.36112				2
2025.06.25	00:13:02.069	1.36116				2
2025.06.25	00:13:02.683	1.36115				2
2025.06.25	00:13:02.996	1.36112				2
2025.06.25	00:13:03.602	1.36116				2
2025.06.25	00:13:04.207	1.36115				2
2025.06.25	00:13:04.511	1.36112				2
2025.06.25	00:13:05.124	1.36116				2
2025.06.25	00:13:06.041	1.36115				2
2025.06.25	00:13:06.342	1.36112				2
2025.06.25	00:13:06.958	1.36116				2
2025.06.25	00:13:07.577	1.36115				2
2025.06.25	00:13:07.878	1.36116				2
2025.06.25	00:13:08.189	1.36114				2
2025.06.25	00:13:08.498	1.36112				2
2025.06.25	00:13:09.420	1.36116				2
2025.06.25	00:13:10.338	1.36115				2
2025.06.25	00:13:10.640	1.36112				2
2025.06.25	00:13:10.946	1.36116				2
2025.06.25	00:13:12.181	1.36115				2
2025.06.25	00:13:12.797	1.36112				2
2025.06.25	00:13:13.101	1.36116				2
2025.06.25	00:13:14.024	1.36115				2
2025.06.25	00:13:14.333	1.36112				2
2025.06.25	00:13:14.940	1.36116				2
2025.06.25	00:13:15.551	1.36115				2
2025.06.25	00:13:16.472	1.36111				2
2025.06.25	00:13:16.778	1.36116				2
2025.06.25	00:13:17.390	1.36115				2
2025.06.25	00:13:17.702	1.36116				2
2025.06.25	00:13:18.016	1.36115				2
2025.06.25	00:13:18.318	1.36111				2
2025.06.25	00:13:19.242	1.36115				2
2025.06.25	00:13:20.778	1.36114				2
2025.06.25	00:13:21.083	1.36111				2
2025.06.25	00:13:21.702	1.36115				2
2025.06.25	00:13:22.011	1.36114				2
2025.06.25	00:13:22.318	1.36111				2
2025.06.25	00:13:23.223	1.36116				2
2025.06.25	00:13:23.838	1.36114				2
2025.06.25	00:13:24.456	1.36111				2
2025.06.25	00:13:25.061	1.36115				2
2025.06.25	00:13:25.665	1.36114				2
2025.06.25	00:13:25.978	1.36111				2
2025.06.25	00:13:26.586	1.36115				2
2025.06.25	00:13:27.516	1.36116				2
2025.06.25	00:13:27.818	1.36114				2
2025.06.25	00:13:28.738	1.36119				2
2025.06.25	00:13:29.040	1.36118				2
2025.06.25	00:13:29.957	1.36116				2
2025.06.25	00:13:30.260	1.36114				2
2025.06.25	00:13:31.187	1.36118				2
2025.06.25	00:13:32.109	1.36116				2
2025.06.25	00:13:32.411	1.36114				2
2025.06.25	00:13:33.025	1.36118				2
2025.06.25	00:13:34.570	1.36116				2
2025.06.25	00:13:34.874	1.36114				2
2025.06.25	00:13:35.180	1.36118				2
2025.06.25	00:13:36.718	1.36114				2
2025.06.25	00:13:37.019	1.36118				2
2025.06.25	00:13:37.641	1.36114				2
2025.06.25	00:13:37.946	1.36118				2
2025.06.25	00:13:38.558	1.36114				2
2025.06.25	00:13:38.862	1.36118				2
2025.06.25	00:13:39.184	1.36114				2
2025.06.25	00:13:39.487	1.36116				2
2025.06.25	00:13:39.792	1.36118				2
2025.06.25	00:13:40.105	1.36114				2
2025.06.25	00:13:40.408	1.36116				2
2025.06.25	00:13:40.720	1.36118				2
2025.06.25	00:13:41.025	1.36114				2
2025.06.25	00:13:41.332	1.36116				2
2025.06.25	00:13:41.639	1.36117				2
2025.06.25	00:13:41.948	1.36113				2
2025.06.25	00:13:42.254	1.36111				2
2025.06.25	00:13:42.558	1.36117				2
2025.06.25	00:13:42.870	1.36113				2
2025.06.25	00:13:43.175	1.36115				2
2025.06.25	00:13:43.479	1.36117				2
2025.06.25	00:13:43.789	1.36113				2
2025.06.25	00:13:44.399	1.36117				2
2025.06.25	00:13:44.710	1.36113				2
2025.06.25	00:13:45.018	1.36115				2
2025.06.25	00:13:45.319	1.36117				2
2025.06.25	00:13:45.633	1.36113				2
2025.06.25	00:13:45.939	1.36117				2
2025.06.25	00:13:46.550	1.36113				2
2025.06.25	00:13:47.159	1.36117				2
2025.06.25	00:13:47.469	1.36113				2
2025.06.25	00:13:47.773	1.36109				2
2025.06.25	00:13:48.078	1.36117				2
2025.06.25	00:13:48.380	1.36113				2
2025.06.25	00:13:48.686	1.36111				2
2025.06.25	00:13:48.997	1.36117				2
2025.06.25	00:13:49.303	1.36113				2
2025.06.25	00:13:49.612	1.36117				2
2025.06.25	00:13:49.918	1.36116				2
2025.06.25	00:13:50.218	1.36112				2
2025.06.25	00:13:50.520	1.36116				2
2025.06.25	00:13:51.130	1.36112				2
2025.06.25	00:13:51.433	1.36114				2
2025.06.25	00:13:51.739	1.36118				2
2025.06.25	00:13:52.051	1.36114				2
2025.06.25	00:13:52.359	1.36111				2
2025.06.25	00:13:52.664	1.36107				2
2025.06.25	00:13:52.971	1.36105				2
2025.06.25	00:13:53.284	1.36107				2
2025.06.25	00:13:53.598	1.36105				2
2025.06.25	00:13:53.898	1.36107				2
2025.06.25	00:13:54.516	1.36105				2
2025.06.25	00:13:54.822	1.36107				2
2025.06.25	00:13:55.438	1.36105				2
2025.06.25	00:13:55.738	1.36107				2
2025.06.25	00:13:56.352	1.36105				2
2025.06.25	00:13:56.653	1.36107	1.36281			6
2025.06.25	00:13:57.273	1.36105				2
2025.06.25	00:13:57.884	1.36107				2
2025.06.25	00:13:58.192	1.36105				2
2025.06.25	00:13:58.799	1.36107				2
2025.06.25	00:13:59.115	1.36105				2
2025.06.25	00:13:59.424	1.36107				2
2025.06.25	00:14:00.031	1.36105				2
2025.06.25	00:14:00.340	1.36107				2
2025.06.25	00:14:00.952	1.36105				2
2025.06.25	00:14:01.260	1.36107				2
2025.06.25	00:14:01.884	1.36110				2
2025.06.25	00:14:02.186	1.36111				2
2025.06.25	00:14:02.486	1.36113				2
2025.06.25	00:14:02.791	1.36109				2
2025.06.25	00:14:03.094	1.36112				2
2025.06.25	00:14:03.400	1.36113				2
2025.06.25	00:14:03.711	1.36109				2
2025.06.25	00:14:04.020	1.36113				2
2025.06.25	00:14:04.328	1.36109				2
2025.06.25	00:14:04.634	1.36112				2
2025.06.25	00:14:04.942	1.36113				2
2025.06.25	00:14:05.551	1.36109				2
2025.06.25	00:14:05.860	1.36113				2
2025.06.25	00:14:06.463	1.36109				2
2025.06.25	00:14:07.077	1.36112				2
2025.06.25	00:14:07.378	1.36109				2
2025.06.25	00:14:07.689	1.36112				2
2025.06.25	00:14:07.994	1.36113				2
2025.06.25	00:14:08.304	1.36109				2
2025.06.25	00:14:08.919	1.36113				2
2025.06.25	00:14:09.230	1.36109				2
2025.06.25	00:14:09.840	1.36113				2
2025.06.25	00:14:10.150	1.36112				2
2025.06.25	00:14:10.459	1.36113				2
2025.06.25	00:14:11.076	1.36108				2
2025.06.25	00:14:11.383	1.36112				2
2025.06.25	00:14:12.308	1.36111				2
2025.06.25	00:14:12.621	1.36112				2
2025.06.25	00:14:12.929	1.36113				2
2025.06.25	00:14:13.232	1.36112				2
2025.06.25	00:14:13.537	1.36108				2
2025.06.25	00:14:13.843	1.36112				2
2025.06.25	00:14:14.158	1.36113				2
2025.06.25	00:14:14.461	1.36108				2
2025.06.25	00:14:14.772	1.36112				2
2025.06.25	00:14:15.077	1.36113				2
2025.06.25	00:14:15.684	1.36108				2
2025.06.25	00:14:15.998		1.36280			4
2025.06.25	00:14:16.300	1.36112				2
2025.06.25	00:14:16.911	1.36108	1.36279			6
2025.06.25	00:14:17.218	1.36112				2
2025.06.25	00:14:17.529	1.36108				2
2025.06.25	00:14:17.843	1.36107				2
2025.06.25	00:14:18.147	1.36112				2
2025.06.25	00:14:18.455	1.36108				2
2025.06.25	00:14:18.760	1.36111				2
2025.06.25	00:14:19.062	1.36112				2
2025.06.25	00:14:19.377	1.36108				2
2025.06.25	00:14:19.685	1.36111				2
2025.06.25	00:14:19.994	1.36112				2
2025.06.25	00:14:20.299	1.36108				2
2025.06.25	00:14:20.605	1.36111				2
2025.06.25	00:14:20.909	1.36112				2
2025.06.25	00:14:21.225	1.36108				2
2025.06.25	00:14:21.532	1.36111				2
2025.06.25	00:14:21.838	1.36112				2
2025.06.25	00:14:22.145	1.36108				2
2025.06.25	00:14:22.455	1.36111				2
2025.06.25	00:14:22.759	1.36112				2
2025.06.25	00:14:23.071	1.36108				2
2025.06.25	00:14:23.378	1.36111				2
2025.06.25	00:14:23.683	1.36112				2
2025.06.25	00:14:23.994	1.36108				2
2025.06.25	00:14:24.300	1.36112				2
2025.06.25	00:14:24.614	1.36108				2
2025.06.25	00:14:24.920	1.36111				2
2025.06.25	00:14:25.228	1.36112				2
2025.06.25	00:14:25.539	1.36108				2
2025.06.25	00:14:25.841	1.36111				2
2025.06.25	00:14:26.154	1.36112				2
2025.06.25	00:14:26.461	1.36108				2
2025.06.25	00:14:26.769	1.36111				2
2025.06.25	00:14:27.076	1.36112				2
2025.06.25	00:14:27.386	1.36108				2
2025.06.25	00:14:27.691	1.36111				2
2025.06.25	00:14:27.997	1.36112				2
2025.06.25	00:14:28.298	1.36115				2
2025.06.25	00:14:28.604	1.36111				2
2025.06.25	00:14:28.918	1.36115				2
2025.06.25	00:14:29.227	1.36111				2
2025.06.25	00:14:29.534	1.36108				2
2025.06.25	00:14:29.839	1.36115				2
2025.06.25	00:14:30.148	1.36111				2
2025.06.25	00:14:30.457	1.36113				2
2025.06.25	00:14:30.759	1.36115				2
2025.06.25	00:14:31.064	1.36116	1.36280			6
2025.06.25	00:14:31.378	1.36115				2
2025.06.25	00:14:31.993	1.36111				2
2025.06.25	00:14:32.299	1.36115				2
2025.06.25	00:14:32.914	1.36111				2
2025.06.25	00:14:33.221	1.36115				2
2025.06.25	00:14:33.838	1.36111				2
2025.06.25	00:14:34.139	1.36115				2
2025.06.25	00:14:34.760	1.36111				2
2025.06.25	00:14:35.066	1.36115				2
2025.06.25	00:14:35.384	1.36111				2
2025.06.25	00:14:36.000	1.36115				2
2025.06.25	00:14:36.312	1.36111				2
2025.06.25	00:14:36.618	1.36113				2
2025.06.25	00:14:36.920	1.36115				2
2025.06.25	00:14:37.234	1.36111				2
2025.06.25	00:14:37.539	1.36113				2
2025.06.25	00:14:37.842	1.36115				2
2025.06.25	00:14:38.154	1.36111				2
2025.06.25	00:14:38.460	1.36115				2
2025.06.25	00:14:38.775	1.36111				2
2025.06.25	00:14:39.084	1.36113				2
2025.06.25	00:14:39.389	1.36115				2
2025.06.25	00:14:39.700	1.36111				2
2025.06.25	00:14:40.008	1.36113				2
2025.06.25	00:14:40.312	1.36115				2
2025.06.25	00:14:40.920	1.36111				2
2025.06.25	00:14:41.223	1.36115				2
2025.06.25	00:14:41.542	1.36111				2
2025.06.25	00:14:42.146	1.36115				2
2025.06.25	00:14:42.756	1.36111				2
2025.06.25	00:14:43.062	1.36115				2
2025.06.25	00:14:43.373	1.36116				2
2025.06.25	00:14:43.682	1.36111				2
2025.06.25	00:14:43.990	1.36115				2
2025.06.25	00:14:44.601	1.36109				2
2025.06.25	00:14:44.907	1.36113				2
2025.06.25	00:14:45.817	1.36109				2
2025.06.25	00:14:46.121	1.36111				2
2025.06.25	00:14:46.422	1.36113				2
2025.06.25	00:14:47.341	1.36109				2
2025.06.25	00:14:47.650	1.36111				2
2025.06.25	00:14:48.260	1.36113	1.36278			6
2025.06.25	00:14:48.573	1.36109				2
2025.06.25	00:14:48.884	1.36113				2
2025.06.25	00:14:49.804	1.36109				2
2025.06.25	00:14:50.111	1.36111				2
2025.06.25	00:14:50.419	1.36113				2
2025.06.25	00:14:50.728	1.36109				2
2025.06.25	00:14:51.032	1.36111				2
2025.06.25	00:14:51.339	1.36113				2
2025.06.25	00:14:51.648	1.36109				2
2025.06.25	00:14:51.958	1.36111				2
2025.06.25	00:14:52.261	1.36113				2
2025.06.25	00:14:52.570	1.36109				2
2025.06.25	00:14:52.879	1.36113				2
2025.06.25	00:14:53.492	1.36109				2
2025.06.25	00:14:53.801	1.36110				2
2025.06.25	00:14:54.101	1.36113				2
2025.06.25	00:14:54.418	1.36109				2
2025.06.25	00:14:55.022	1.36113				2
2025.06.25	00:14:55.626	1.36112				2
2025.06.25	00:14:55.931	1.36111				2
2025.06.25	00:14:56.240	1.36113				2
2025.06.25	00:14:56.547	1.36109				2
2025.06.25	00:14:56.859	1.36113				2
2025.06.25	00:14:57.467	1.36114				2
2025.06.25	00:14:57.775	1.36109				2
2025.06.25	00:14:58.083	1.36113				2
2025.06.25	00:14:58.695	1.36109				2
2025.06.25	00:14:58.999	1.36111				2
2025.06.25	00:14:59.306	1.36113				2
2025.06.25	00:14:59.620	1.36109				2
2025.06.25	00:14:59.921	1.36111				2
2025.06.25	00:15:00.240	1.36113				2
2025.06.25	00:15:00.548	1.36111				2
2025.06.25	00:15:00.856	1.36113				2
2025.06.25	00:15:01.162	1.36109				2
2025.06.25	00:15:01.469	1.36111				2
2025.06.25	00:15:01.781	1.36113				2
2025.06.25	00:15:02.085	1.36109	1.36280			6
2025.06.25	00:15:02.395	1.36111				2
2025.06.25	00:15:02.700	1.36113				2
2025.06.25	00:15:03.007	1.36111				2
2025.06.25	00:15:03.318	1.36113				2
2025.06.25	00:15:03.928	1.36109				2
2025.06.25	00:15:04.540	1.36113				2
2025.06.25	00:15:04.855	1.36109				2
2025.06.25	00:15:05.159	1.36113				2
2025.06.25	00:15:05.778	1.36109				2
2025.06.25	00:15:06.087	1.36113				2
2025.06.25	00:15:06.703	1.36109				2
2025.06.25	00:15:07.011	1.36116				2
2025.06.25	00:15:07.318	1.36126				2
2025.06.25	00:15:07.628	1.36121				2
2025.06.25	00:15:07.936	1.36117				2
2025.06.25	00:15:08.238	1.36125				2
2025.06.25	00:15:08.551	1.36121				2
2025.06.25	00:15:08.858	1.36125				2
2025.06.25	00:15:09.168	1.36126				2
2025.06.25	00:15:09.779	1.36125				2
2025.06.25	00:15:10.709	1.36117				2
2025.06.25	00:15:11.013	1.36125				2
2025.06.25	00:15:11.619	1.36121				2
2025.06.25	00:15:11.922	1.36124				2
2025.06.25	00:15:12.837	1.36120				2
2025.06.25	00:15:13.138	1.36117				2
2025.06.25	00:15:13.441	1.36124				2
2025.06.25	00:15:13.752	1.36126				2
2025.06.25	00:15:14.054	1.36122				2
2025.06.25	00:15:14.358	1.36117				2
2025.06.25	00:15:14.704	1.36122				2
2025.06.25	00:16:52.969	1.36113	1.36274			6
2025.06.25	00:16:53.561	1.36110				2
2025.06.25	00:16:53.864	1.36113				2
2025.06.25	00:16:54.479	1.36110				2
2025.06.25	00:16:54.784	1.36113				2
2025.06.25	00:16:55.406	1.36110				2
2025.06.25	00:16:55.708	1.36113				2
2025.06.25	00:16:56.320	1.36110				2
2025.06.25	00:16:56.621	1.36105				2
2025.06.25	00:16:56.935	1.36113				2
2025.06.25	00:16:57.249	1.36110				2
2025.06.25	00:16:57.555	1.36105				2
2025.06.25	00:16:57.860	1.36113				2
2025.06.25	00:16:58.178	1.36110				2
2025.06.25	00:16:58.480	1.36105				2
2025.06.25	00:16:58.783	1.36113				2
2025.06.25	00:16:59.095	1.36110				2
2025.06.25	00:16:59.399	1.36113				2
2025.06.25	00:16:59.717	1.36108				2
2025.06.25	00:17:00.024	1.36105				2
2025.06.25	00:17:00.327	1.36113				2
2025.06.25	00:17:00.638	1.36109				2
2025.06.25	00:17:01.243	1.36113				2
2025.06.25	00:17:01.558	1.36109				2
2025.06.25	00:17:01.869	1.36105				2
2025.06.25	00:17:02.180	1.36113				2
2025.06.25	00:17:02.864	1.36112				2
2025.06.25	00:17:03.472	1.36108				2
2025.06.25	00:17:04.082	1.36112				2
2025.06.25	00:17:04.687	1.36108				2
2025.06.25	00:17:04.992	1.36105				2
2025.06.25	00:17:05.301	1.36112				2
2025.06.25	00:17:05.611	1.36108				2
2025.06.25	00:17:05.920	1.36112				2
2025.06.25	00:17:06.235	1.36108				2
2025.06.25	00:17:06.541	1.36105				2
2025.06.25	00:17:06.852	1.36112				2
2025.06.25	00:17:07.162	1.36108				2
2025.06.25	00:17:07.466	1.36105				2
2025.06.25	00:17:07.767	1.36112				2
2025.06.25	00:17:08.082	1.36108				2
2025.06.25	00:17:08.392	1.36112				2
2025.06.25	00:17:09.004	1.36110				2
2025.06.25	00:17:09.313	1.36112				2
2025.06.25	00:17:09.924	1.36110				2
2025.06.25	00:17:10.227	1.36112				2
2025.06.25	00:17:10.846	1.36108				2
2025.06.25	00:17:11.459	1.36112				2
2025.06.25	00:17:11.769	1.36108				2
2025.06.25	00:17:12.079	1.36105				2
2025.06.25	00:17:12.432	1.36112				2
2025.06.25	00:17:12.734	1.36108				2
2025.06.25	00:17:13.039	1.36112				2
2025.06.25	00:17:13.656	1.36108				2
2025.06.25	00:17:13.961	1.36112				2
2025.06.25	00:17:14.583	1.36108				2
2025.06.25	00:17:14.883	1.36105				2
2025.06.25	00:17:15.193	1.36112				2
2025.06.25	00:17:15.504	1.36108				2
2025.06.25	00:17:15.806	1.36105				2
2025.06.25	00:17:16.121	1.36112				2
2025.06.25	00:17:16.428	1.36108				2
2025.06.25	00:17:16.739	1.36112				2
2025.06.25	00:17:17.348	1.36108				2
2025.06.25	00:17:17.661	1.36112				2
2025.06.25	00:17:18.273	1.36108				2
2025.06.25	00:17:18.579	1.36105				2
2025.06.25	00:17:18.881	1.36112				2
2025.06.25	00:17:19.201	1.36108				2
2025.06.25	00:17:19.506	1.36105				2
2025.06.25	00:17:19.810	1.36112				2
2025.06.25	00:17:20.126	1.36108				2
2025.06.25	00:17:20.434	1.36105				2
2025.06.25	00:17:20.739	1.36112				2
2025.06.25	00:17:21.349	1.36108				2
2025.06.25	00:17:21.658	1.36112				2
2025.06.25	00:17:22.275	1.36108				2
2025.06.25	00:17:22.578	1.36105				2
2025.06.25	00:17:22.886	1.36112				2
2025.06.25	00:17:23.198	1.36107				2
2025.06.25	00:17:23.501	1.36111				2
2025.06.25	00:17:24.122	1.36107				2
2025.06.25	00:17:24.424	1.36111				2
2025.06.25	00:17:24.744	1.36107				2
2025.06.25	00:17:25.051	1.36105				2
2025.06.25	00:17:25.359	1.36111				2
2025.06.25	00:17:25.666	1.36107				2
2025.06.25	00:17:25.977	1.36105				2
2025.06.25	00:17:26.282	1.36111				2
2025.06.25	00:17:26.592	1.36107				2
2025.06.25	00:17:26.901	1.36111				2
2025.06.25	00:17:27.514	1.36107				2
2025.06.25	00:17:27.820	1.36105				2
2025.06.25	00:17:28.122	1.36111				2
2025.06.25	00:17:28.425	1.36107				2
2025.06.25	00:17:28.732	1.36105				2
2025.06.25	00:17:29.041	1.36111				2
2025.06.25	00:17:29.352	1.36107				2
2025.06.25	00:17:29.655	1.36105				2
2025.06.25	00:17:29.958	1.36111				2
2025.06.25	00:17:30.273	1.36107				2
2025.06.25	00:17:30.579	1.36105				2
2025.06.25	00:17:30.885	1.36111				2
2025.06.25	00:17:31.192	1.36107				2
2025.06.25	00:17:31.499	1.36111				2
2025.06.25	00:17:32.117	1.36107				2
2025.06.25	00:17:32.422	1.36111				2
2025.06.25	00:17:33.030	1.36107				2
2025.06.25	00:17:33.638	1.36111				2
2025.06.25	00:17:33.952	1.36107				2
2025.06.25	00:17:34.259	1.36111				2
2025.06.25	00:17:34.880	1.36107				2
2025.06.25	00:17:35.187	1.36105				2
2025.06.25	00:17:35.501	1.36111				2
2025.06.25	00:17:36.113	1.36107				2
2025.06.25	00:17:36.419	1.36111				2
2025.06.25	00:17:37.039	1.36107				2
2025.06.25	00:17:37.947	1.36111				2
2025.06.25	00:17:38.557	1.36107				2
2025.06.25	00:17:38.861	1.36111				2
2025.06.25	00:17:39.178	1.36112				2
2025.06.25	00:17:39.478	1.36104				2
2025.06.25	00:17:39.790	1.36111				2
2025.06.25	00:17:40.108	1.36107				2
2025.06.25	00:17:40.418	1.36105				2
2025.06.25	00:17:40.719	1.36111				2
2025.06.25	00:17:41.029	1.36107				2
2025.06.25	00:17:41.338	1.36111				2
2025.06.25	00:17:41.655	1.36107				2
2025.06.25	00:17:41.962	1.36105				2
2025.06.25	00:17:42.270	1.36111				2
2025.06.25	00:17:42.580	1.36107				2
2025.06.25	00:17:43.192	1.36111				2
2025.06.25	00:17:43.504	1.36107				2
2025.06.25	00:17:43.814	1.36105				2
2025.06.25	00:17:44.119	1.36111				2
2025.06.25	00:17:44.428	1.36107				2
2025.06.25	00:17:44.738	1.36105				2
2025.06.25	00:17:45.039	1.36111				2
2025.06.25	00:17:45.348	1.36107				2
2025.06.25	00:17:45.660	1.36111				2
2025.06.25	00:17:45.975	1.36110				2
2025.06.25	00:17:46.279	1.36113				2
2025.06.25	00:17:46.893	1.36110				2
2025.06.25	00:17:47.199	1.36105				2
2025.06.25	00:17:47.499	1.36113				2
2025.06.25	00:17:48.101	1.36110				2
2025.06.25	00:17:48.422	1.36113				2
2025.06.25	00:17:49.027	1.36110				2
2025.06.25	00:17:49.333	1.36105				2
2025.06.25	00:17:49.639	1.36113				2
2025.06.25	00:17:49.946	1.36110				2
2025.06.25	00:17:50.249	1.36105				2
2025.06.25	00:17:50.550	1.36113				2
2025.06.25	00:17:50.863	1.36110				2
2025.06.25	00:17:51.170	1.36105				2
2025.06.25	00:17:51.478	1.36113				2
2025.06.25	00:17:51.784	1.36110				2
2025.06.25	00:17:52.087	1.36113				2
2025.06.25	00:17:52.701	1.36105				2
2025.06.25	00:17:53.021	1.36113	1.36274			6
2025.06.25	00:17:53.327	1.36110				2
2025.06.25	00:17:53.630	1.36105				2
2025.06.25	00:17:53.942	1.36113				2
2025.06.25	00:17:54.244	1.36110				2
2025.06.25	00:17:54.553	1.36105				2
2025.06.25	00:17:54.863	1.36113				2
2025.06.25	00:17:55.164	1.36104				2
2025.06.25	00:17:55.481	1.36111				2
2025.06.25	00:17:55.786	1.36107				2
2025.06.25	00:17:56.095	1.36104				2
2025.06.25	00:17:56.400	1.36111				2
2025.06.25	00:17:56.704	1.36107				2
2025.06.25	00:17:57.012	1.36104				2
2025.06.25	00:17:57.320	1.36111				2
2025.06.25	00:17:57.624	1.36107				2
2025.06.25	00:17:57.928	1.36111				2
2025.06.25	00:17:58.839	1.36107				2
2025.06.25	00:17:59.142	1.36111				2
2025.06.25	00:17:59.761	1.36107				2
2025.06.25	00:18:00.063	1.36111				2
2025.06.25	00:18:00.681	1.36107				2
2025.06.25	00:18:00.986	1.36111				2
2025.06.25	00:18:01.302	1.36107				2
2025.06.25	00:18:01.611	1.36104				2
2025.06.25	00:18:01.919	1.36111				2
2025.06.25	00:18:02.229	1.36107				2
2025.06.25	00:18:02.543	1.36111				2
2025.06.25	00:18:02.853	1.36107				2
2025.06.25	00:18:03.159	1.36104				2
2025.06.25	00:18:03.462	1.36111				2
2025.06.25	00:18:03.780	1.36107				2
2025.06.25	00:18:04.087	1.36104				2
2025.06.25	00:18:04.391	1.36111				2
2025.06.25	00:18:04.702	1.36107				2
2025.06.25	00:18:05.005	1.36104				2
2025.06.25	00:18:05.309	1.36111				2
2025.06.25	00:18:05.919	1.36110				2
2025.06.25	00:18:06.221	1.36111				2
2025.06.25	00:18:06.541	1.36107				2
2025.06.25	00:18:06.848	1.36104				2
2025.06.25	00:18:07.154	1.36111				2
2025.06.25	00:18:07.464	1.36107				2
2025.06.25	00:18:07.770	1.36104				2
2025.06.25	00:18:08.078	1.36111				2
2025.06.25	00:18:08.386	1.36107				2
2025.06.25	00:18:08.999	1.36111				2
2025.06.25	00:18:09.308	1.36107				2
2025.06.25	00:18:09.615	1.36104				2
2025.06.25	00:18:09.922	1.36111				2
2025.06.25	00:18:10.231	1.36107				2
2025.06.25	00:18:10.540	1.36111				2
2025.06.25	00:18:11.154	1.36107				2
2025.06.25	00:18:11.462	1.36111				2
2025.06.25	00:18:11.775	1.36107				2
2025.06.25	00:18:12.082	1.36111				2
2025.06.25	00:18:12.694	1.36107				2
2025.06.25	00:18:13.001	1.36111				2
2025.06.25	00:18:13.613	1.36107				2
2025.06.25	00:18:14.220	1.36111				2
2025.06.25	00:18:14.524	1.36107				2
2025.06.25	00:18:14.831	1.36104				2
2025.06.25	00:18:15.136	1.36111				2
2025.06.25	00:18:15.747	1.36107				2
2025.06.25	00:18:16.060	1.36111				2
2025.06.25	00:18:16.678	1.36107				2
2025.06.25	00:18:16.981	1.36111				2
2025.06.25	00:18:17.297	1.36107				2
2025.06.25	00:18:17.603	1.36104				2
2025.06.25	00:18:17.909	1.36111				2
2025.06.25	00:18:18.516	1.36107				2
2025.06.25	00:18:18.823	1.36111				2
2025.06.25	00:18:19.138	1.36107				2
2025.06.25	00:18:19.447	1.36104				2
2025.06.25	00:18:19.758	1.36111				2
2025.06.25	00:18:20.064	1.36108	1.36273			6
2025.06.25	00:18:20.372	1.36104	1.36274			6
2025.06.25	00:18:20.681	1.36111				2
2025.06.25	00:18:20.991	1.36107				2
2025.06.25	00:18:21.296	1.36104				2
2025.06.25	00:18:21.598	1.36111				2
2025.06.25	00:18:22.204	1.36107				2
2025.06.25	00:18:22.512	1.36104				2
2025.06.25	00:18:22.813	1.36111				2
2025.06.25	00:18:23.423	1.36107				2
2025.06.25	00:18:23.725	1.36104				2
2025.06.25	00:18:24.039	1.36111				2
2025.06.25	00:18:24.344	1.36107				2
2025.06.25	00:18:24.656	1.36104				2
2025.06.25	00:18:24.959	1.36111	1.36276			6
2025.06.25	00:18:25.267	1.36106				2
2025.06.25	00:18:25.573	1.36104				2
2025.06.25	00:18:25.879	1.36110				2
2025.06.25	00:18:26.184	1.36106				2
2025.06.25	00:18:26.487	1.36104				2
2025.06.25	00:18:26.794	1.36110				2
2025.06.25	00:18:27.102	1.36106				2
2025.06.25	00:18:27.408	1.36104				2
2025.06.25	00:18:27.717	1.36110				2
2025.06.25	00:18:28.026	1.36106				2
2025.06.25	00:18:28.330	1.36104				2
2025.06.25	00:18:28.638	1.36110				2
2025.06.25	00:18:28.950	1.36106				2
2025.06.25	00:18:29.558	1.36110				2
2025.06.25	00:18:29.875	1.36106				2
2025.06.25	00:18:30.182	1.36104				2
2025.06.25	00:18:30.495	1.36111				2
2025.06.25	00:18:30.801	1.36114				2
2025.06.25	00:18:31.103	1.36112				2
2025.06.25	00:18:31.407	1.36106				2
2025.06.25	00:18:32.016	1.36114				2
2025.06.25	00:18:32.632	1.36112				2
2025.06.25	00:18:32.938	1.36114				2
2025.06.25	00:18:33.857	1.36112				2
2025.06.25	00:18:34.162	1.36106				2
2025.06.25	00:18:34.465	1.36114				2
2025.06.25	00:18:34.779	1.36112				2
2025.06.25	00:18:35.080	1.36106				2
2025.06.25	00:18:35.380	1.36114				2
2025.06.25	00:18:35.996	1.36112				2
2025.06.25	00:18:36.303	1.36106				2
2025.06.25	00:18:36.613	1.36114				2
2025.06.25	00:18:36.924	1.36112				2
2025.06.25	00:18:37.231	1.36106				2
2025.06.25	00:18:37.539	1.36114				2
2025.06.25	00:18:37.847	1.36112				2
2025.06.25	00:18:38.461	1.36114				2
2025.06.25	00:18:38.769	1.36112				2
2025.06.25	00:18:39.083	1.36114				2
2025.06.25	00:18:39.387		1.36275			4
2025.06.25	00:18:39.690	1.36112				2
2025.06.25	00:18:39.999	1.36106				2
2025.06.25	00:18:40.302	1.36109				2
2025.06.25	00:18:40.905	1.36106				2
2025.06.25	00:18:41.519	1.36109				2
2025.06.25	00:18:41.828	1.36106				2
2025.06.25	00:18:42.138	1.36103				2
2025.06.25	00:18:42.739	1.36109				2
2025.06.25	00:18:43.043	1.36106				2
2025.06.25	00:18:43.352	1.36103				2
2025.06.25	00:18:43.658	1.36109				2
2025.06.25	00:18:44.275	1.36103				2
2025.06.25	00:18:44.578	1.36106				2
2025.06.25	00:18:44.879	1.36109				2
2025.06.25	00:18:45.194	1.36106				2
2025.06.25	00:18:45.499	1.36109				2
2025.06.25	00:18:45.817	1.36106				2
2025.06.25	00:18:46.121	1.36109				2
2025.06.25	00:18:46.741	1.36106				2
2025.06.25	00:18:47.049	1.36103				2
2025.06.25	00:18:47.661	1.36109				2
2025.06.25	00:18:47.970	1.36106				2
2025.06.25	00:18:48.280	1.36109				2
2025.06.25	00:18:48.893	1.36108				2
2025.06.25	00:18:49.198	1.36106				2
2025.06.25	00:18:49.501	1.36109				2
2025.06.25	00:18:49.819	1.36106				2
2025.06.25	00:18:50.120	1.36103				2
2025.06.25	00:18:50.425	1.36109				2
2025.06.25	00:18:50.736	1.36106				2
2025.06.25	00:18:51.042	1.36109				2
2025.06.25	00:18:51.664	1.36106				2
2025.06.25	00:18:51.968	1.36103				2
2025.06.25	00:18:52.274	1.36109				2
2025.06.25	00:18:52.584	1.36106				2
2025.06.25	00:18:52.886	1.36109				2
2025.06.25	00:18:53.497	1.36106				2
2025.06.25	00:18:53.804	1.36109				2
2025.06.25	00:18:54.417	1.36106				2
2025.06.25	00:18:54.719	1.36103				2
2025.06.25	00:18:55.030	1.36109				2
2025.06.25	00:18:55.640	1.36106				2
2025.06.25	00:18:55.943	1.36103				2
2025.06.25	00:18:56.249	1.36109				2
2025.06.25	00:18:56.558	1.36106				2
2025.06.25	00:18:57.164	1.36109				2
2025.06.25	00:18:57.480	1.36106				2
2025.06.25	00:18:57.789	1.36103				2
2025.06.25	00:18:58.098	1.36109				2
2025.06.25	00:18:58.408	1.36106				2
2025.06.25	00:18:58.716	1.36103				2
2025.06.25	00:18:59.020	1.36109				2
2025.06.25	00:18:59.331	1.36106				2
2025.06.25	00:18:59.642	1.36109				2
2025.06.25	00:18:59.949	1.36106				2
2025.06.25	00:19:00.260	1.36103				2
2025.06.25	00:19:00.566	1.36109				2
2025.06.25	00:19:01.179	1.36106				2
2025.06.25	00:19:01.482	1.36109				2
2025.06.25	00:19:02.102	1.36106				2
2025.06.25	00:19:02.406	1.36103				2
2025.06.25	00:19:02.711	1.36109				2
2025.06.25	00:19:03.024	1.36106				2
2025.06.25	00:19:03.325	1.36103				2
2025.06.25	00:19:03.641	1.36109				2
2025.06.25	00:19:03.948	1.36106				2
2025.06.25	00:19:04.257	1.36103				2
2025.06.25	00:19:04.562	1.36109				2
2025.06.25	00:19:04.870	1.36106				2
2025.06.25	00:19:05.179	1.36103				2
2025.06.25	00:19:05.480	1.36109				2
2025.06.25	00:19:05.794	1.36106				2
2025.06.25	00:19:06.099	1.36103				2
2025.06.25	00:19:06.402	1.36109				2
2025.06.25	00:19:06.717	1.36106				2
2025.06.25	00:19:07.021	1.36103				2
2025.06.25	00:19:07.332	1.36109				2
2025.06.25	00:19:07.641	1.36106				2
2025.06.25	00:19:08.257	1.36109				2
2025.06.25	00:19:08.866	1.36106				2
2025.06.25	00:19:09.179	1.36109				2
2025.06.25	00:19:09.793	1.36106				2
2025.06.25	00:19:10.099	1.36109				2
2025.06.25	00:19:10.720	1.36106				2
2025.06.25	00:19:11.020	1.36103				2
2025.06.25	00:19:11.339	1.36109				2
2025.06.25	00:19:11.646	1.36106				2
2025.06.25	00:19:11.948	1.36103				2
2025.06.25	00:19:12.260	1.36109				2
2025.06.25	00:19:12.569	1.36106				2
2025.06.25	00:19:13.180	1.36109				2
2025.06.25	00:19:14.397	1.36106				2
2025.06.25	00:19:14.699	1.36109				2
2025.06.25	00:19:15.015	1.36106				2
2025.06.25	00:19:15.324	1.36103				2
2025.06.25	00:19:15.630	1.36112				2
2025.06.25	00:19:16.242	1.36110				2
2025.06.25	00:19:16.858	1.36112				2
2025.06.25	00:19:17.166	1.36110				2
2025.06.25	00:19:17.472	1.36105				2
2025.06.25	00:19:17.780	1.36112				2
2025.06.25	00:19:18.089	1.36110				2
2025.06.25	00:19:18.400	1.36105				2
2025.06.25	00:19:18.702	1.36112				2
2025.06.25	00:19:19.015	1.36110				2
2025.06.25	00:19:19.319	1.36112				2
2025.06.25	00:19:19.940	1.36110				2
2025.06.25	00:19:20.246	1.36112				2
2025.06.25	00:19:20.866	1.36105				2
2025.06.25	00:19:21.179	1.36112				2
2025.06.25	00:19:21.491	1.36110				2
2025.06.25	00:19:21.799	1.36112				2
2025.06.25	00:19:22.414	1.36110				2
2025.06.25	00:19:22.722	1.36112				2
2025.06.25	00:19:23.339	1.36110				2
2025.06.25	00:19:23.641	1.36112				2
2025.06.25	00:19:24.260	1.36110				2
2025.06.25	00:19:24.571	1.36112				2
2025.06.25	00:19:25.185	1.36110				2
2025.06.25	00:19:25.485	1.36105				2
2025.06.25	00:19:25.798	1.36112				2
2025.06.25	00:19:26.106	1.36110				2
2025.06.25	00:19:26.419	1.36112				2
2025.06.25	00:19:26.726	1.36110				2
2025.06.25	00:19:27.338	1.36112				2
2025.06.25	00:19:27.952	1.36110				2
2025.06.25	00:19:28.259	1.36112				2
2025.06.25	00:19:28.876	1.36110				2
2025.06.25	00:19:29.184	1.36105				2
2025.06.25	00:19:29.490	1.36112				2
2025.06.25	00:19:29.802	1.36110				2
2025.06.25	00:19:30.114	1.36105				2
2025.06.25	00:19:30.419	1.36112				2
2025.06.25	00:19:30.726	1.36111				2
2025.06.25	00:19:31.035	1.36105				2
2025.06.25	00:19:31.341	1.36112				2
2025.06.25	00:19:31.654	1.36110				2
2025.06.25	00:19:31.959	1.36105				2
2025.06.25	00:19:32.270	1.36112				2
2025.06.25	00:19:32.577	1.36110				2
2025.06.25	00:19:32.883	1.36112				2
2025.06.25	00:19:33.197	1.36110				2
2025.06.25	00:19:33.503	1.36105				2
2025.06.25	00:19:33.811	1.36112				2
2025.06.25	00:19:34.725	1.36110				2
2025.06.25	00:19:35.029	1.36105				2
2025.06.25	00:19:35.339	1.36112				2
2025.06.25	00:19:35.654	1.36110				2
2025.06.25	00:19:35.961	1.36112				2
2025.06.25	00:19:36.580	1.36110				2
2025.06.25	00:19:36.884	1.36112				2
2025.06.25	00:19:37.501	1.36110				2
2025.06.25	00:19:37.802	1.36112				2
2025.06.25	00:19:38.422	1.36110				2
2025.06.25	00:19:38.730	1.36112				2
2025.06.25	00:19:39.345	1.36110				2
2025.06.25	00:19:39.660	1.36112	1.36275			6
2025.06.25	00:19:40.273	1.36105				2
2025.06.25	00:19:40.885	1.36110				2
2025.06.25	00:19:41.198	1.36107				2
2025.06.25	00:19:41.505	1.36105				2
2025.06.25	00:19:41.813	1.36111				2
2025.06.25	00:19:42.428	1.36108				2
2025.06.25	00:19:42.736	1.36106				2
2025.06.25	00:19:43.039	1.36111				2
2025.06.25	00:19:43.348	1.36108				2
2025.06.25	00:19:43.959	1.36111				2
2025.06.25	00:19:44.265	1.36108				2
2025.06.25	00:19:44.879	1.36111				2
2025.06.25	00:19:45.194	1.36108				2
2025.06.25	00:19:45.500	1.36111				2
2025.06.25	00:19:45.811	1.36108				2
2025.06.25	00:19:46.118	1.36106				2
2025.06.25	00:19:46.419	1.36111				2
2025.06.25	00:19:46.733	1.36108				2
2025.06.25	00:19:47.039	1.36111				2
2025.06.25	00:19:47.655	1.36108				2
2025.06.25	00:19:47.961	1.36111				2
2025.06.25	00:19:48.577	1.36108				2
2025.06.25	00:19:48.881	1.36111				2
2025.06.25	00:19:49.192	1.36108				2
2025.06.25	00:19:49.802	1.36111				2
2025.06.25	00:19:50.112	1.36108				2
2025.06.25	00:19:50.422	1.36111				2
2025.06.25	00:19:51.030	1.36108				2
2025.06.25	00:19:51.339	1.36111				2
2025.06.25	00:19:51.655	1.36107				2
2025.06.25	00:19:51.958	1.36110				2
2025.06.25	00:19:52.579	1.36107				2
2025.06.25	00:19:52.886	1.36110				2
2025.06.25	00:19:53.501	1.36107				2
2025.06.25	00:19:54.122	1.36110				2
2025.06.25	00:19:54.732	1.36107				2
2025.06.25	00:19:55.339	1.36105				2
2025.06.25	00:19:55.647	1.36110				2
2025.06.25	00:19:55.964	1.36109				2
2025.06.25	00:19:56.273	1.36107				2
2025.06.25	00:19:56.579	1.36111				2
2025.06.25	00:19:56.895	1.36107				2
2025.06.25	00:19:57.198	1.36111				2
2025.06.25	00:19:57.818	1.36107				2
2025.06.25	00:19:58.121	1.36111				2
2025.06.25	00:19:58.736	1.36107				2
2025.06.25	00:19:59.040	1.36111				2
2025.06.25	00:19:59.960	1.36107				2
2025.06.25	00:20:00.262	1.36105				2
2025.06.25	00:20:00.571	1.36110				2
2025.06.25	00:20:00.878	1.36107				2
2025.06.25	00:20:01.181	1.36110				2
2025.06.25	00:20:01.797	1.36108				2
2025.06.25	00:20:02.100	1.36110				2
2025.06.25	00:20:03.024	1.36107				2
2025.06.25	00:20:03.640	1.36110				2
2025.06.25	00:20:03.953	1.36107				2
2025.06.25	00:20:04.258	1.36110				2
2025.06.25	00:20:04.874	1.36107				2
2025.06.25	00:20:05.186	1.36105				2
2025.06.25	00:20:05.488	1.36110				2
2025.06.25	00:20:05.798	1.36107				2
2025.06.25	00:20:06.410	1.36110				2
2025.06.25	00:20:07.026	1.36107				2
2025.06.25	00:20:07.335	1.36105				2
2025.06.25	00:20:07.640	1.36110				2
2025.06.25	00:20:07.953	1.36107				2
2025.06.25	00:20:08.262	1.36110				2
2025.06.25	00:20:09.178	1.36107				2
2025.06.25	00:20:09.782	1.36104				2
2025.06.25	00:20:10.700	1.36109				2
2025.06.25	00:20:11.011	1.36106				2
2025.06.25	00:20:11.320	1.36104				2
2025.06.25	00:20:11.622	1.36109				2
2025.06.25	00:20:13.156	1.36106				2
2025.06.25	00:20:13.461	1.36102				2
2025.06.25	00:20:14.390		1.36270			4
2025.06.25	00:20:14.696	1.36099				2
2025.06.25	00:20:14.999	1.36101				2
2025.06.25	00:20:15.308	1.36099				2
2025.06.25	00:20:15.608	1.36102				2
2025.06.25	00:20:16.226	1.36101				2
2025.06.25	00:20:16.539	1.36099				2
2025.06.25	00:20:16.842	1.36102				2
2025.06.25	00:20:17.158	1.36099				2
2025.06.25	00:20:17.769	1.36102				2
2025.06.25	00:20:18.080	1.36101				2
2025.06.25	00:20:18.380	1.36099				2
2025.06.25	00:20:18.691	1.36102	1.36271			6
2025.06.25	00:20:18.999	1.36101				2
2025.06.25	00:20:19.302	1.36099				2
2025.06.25	00:20:19.603	1.36102				2
2025.06.25	00:20:19.910	1.36101				2
2025.06.25	00:20:20.217	1.36102				2
2025.06.25	00:20:20.519	1.36100				2
2025.06.25	00:20:20.820	1.36099				2
2025.06.25	00:20:21.123	1.36102				2
2025.06.25	00:20:21.429	1.36100				2
2025.06.25	00:20:21.741	1.36099				2
2025.06.25	00:20:22.042	1.36102				2
2025.06.25	00:20:22.351	1.36100				2
2025.06.25	00:20:22.661	1.36099				2
2025.06.25	00:20:22.967	1.36102				2
2025.06.25	00:20:23.278	1.36100				2
2025.06.25	00:20:23.580	1.36099				2
2025.06.25	00:20:23.884	1.36102				2
2025.06.25	00:20:24.193	1.36100				2
2025.06.25	00:20:24.502	1.36099				2
2025.06.25	00:20:24.804	1.36102				2
2025.06.25	00:20:25.111	1.36100				2
2025.06.25	00:20:25.418	1.36099				2
2025.06.25	00:20:25.722	1.36102				2
2025.06.25	00:20:26.026	1.36100				2
2025.06.25	00:20:26.328	1.36099				2
2025.06.25	00:20:26.637	1.36100				2
2025.06.25	00:20:26.939	1.36105				2
2025.06.25	00:20:27.257	1.36102				2
2025.06.25	00:20:27.868	1.36105				2
2025.06.25	00:20:28.171	1.36104				2
2025.06.25	00:20:28.478	1.36102				2
2025.06.25	00:20:28.778	1.36105				2
2025.06.25	00:20:29.393	1.36102				2
2025.06.25	00:20:29.699	1.36104				2
2025.06.25	00:20:30.013	1.36102				2
2025.06.25	00:20:30.317	1.36105	1.36270			6
2025.06.25	00:20:30.925	1.36102				2
2025.06.25	00:20:31.542	1.36105				2
2025.06.25	00:20:31.857	1.36102				2
2025.06.25	00:20:32.762	1.36105				2
2025.06.25	00:20:33.373	1.36102				2
2025.06.25	00:20:33.680	1.36105				2
2025.06.25	00:20:34.285	1.36102				2
2025.06.25	00:20:34.589	1.36105				2
2025.06.25	00:20:35.502	1.36102				2
2025.06.25	00:20:36.126	1.36105				2
2025.06.25	00:20:36.738	1.36102				2
2025.06.25	00:20:37.645	1.36099				2
2025.06.25	00:20:37.956	1.36102				2
2025.06.25	00:20:38.260	1.36105				2
2025.06.25	00:20:38.575	1.36104				2
2025.06.25	00:20:38.878	1.36105				2
2025.06.25	00:20:39.187	1.36103	1.36271			6
2025.06.25	00:20:39.493	1.36105				2
2025.06.25	00:20:39.797	1.36103				2
2025.06.25	00:20:40.098	1.36105				2
2025.06.25	00:20:40.706	1.36103				2
2025.06.25	00:20:41.008	1.36105				2
2025.06.25	00:20:41.314	1.36103				2
2025.06.25	00:20:41.920	1.36105				2
2025.06.25	00:20:42.532	1.36103				2
2025.06.25	00:20:42.839	1.36105				2
2025.06.25	00:20:43.451	1.36103				2
2025.06.25	00:20:44.067	1.36105				2
2025.06.25	00:20:44.371	1.36106				2
2025.06.25	00:20:45.308	1.36104				2
2025.06.25	00:20:45.613	1.36106				2
2025.06.25	00:20:46.222	1.36104				2
2025.06.25	00:20:46.526	1.36106				2
2025.06.25	00:20:46.832	1.36104				2
2025.06.25	00:20:47.441	1.36106				2
2025.06.25	00:20:47.745	1.36104				2
2025.06.25	00:20:48.055	1.36099				2
2025.06.25	00:20:48.361	1.36102				2
2025.06.25	00:20:48.974	1.36099				2
2025.06.25	00:20:49.278	1.36102				2
2025.06.25	00:20:49.590	1.36099				2
2025.06.25	00:20:50.200	1.36102				2
2025.06.25	00:20:50.506	1.36099				2
2025.06.25	00:20:51.120	1.36101				2
2025.06.25	00:20:51.737	1.36099				2
2025.06.25	00:20:52.038	1.36101				2
2025.06.25	00:20:52.646	1.36099				2
2025.06.25	00:20:52.956	1.36103				2
2025.06.25	00:20:53.262	1.36105				2
2025.06.25	00:20:54.189	1.36103				2
2025.06.25	00:20:54.808	1.36105				2
2025.06.25	00:20:55.118	1.36103				2
2025.06.25	00:20:55.731	1.36105				2
2025.06.25	00:20:56.351	1.36103				2
2025.06.25	00:20:56.657	1.36105				2
2025.06.25	00:20:56.959	1.36103				2
2025.06.25	00:20:57.260	1.36105				2
2025.06.25	00:20:57.865	1.36103				2
2025.06.25	00:20:58.177	1.36105				2
2025.06.25	00:20:58.798	1.36103				2
2025.06.25	00:20:59.100	1.36105				2
2025.06.25	00:20:59.704	1.36103				2
2025.06.25	00:21:00.014	1.36105				2
2025.06.25	00:21:00.635	1.36103				2
2025.06.25	00:21:01.240	1.36105				2
2025.06.25	00:21:01.541	1.36103				2
2025.06.25	00:21:02.172	1.36105				2
2025.06.25	00:21:02.779	1.36098				2
2025.06.25	00:21:03.088	1.36100				2
2025.06.25	00:21:03.394	1.36098				2
2025.06.25	00:21:04.002	1.36100				2
2025.06.25	00:21:04.303	1.36109				2
2025.06.25	00:21:04.618	1.36111				2
2025.06.25	00:21:04.919	1.36114				2
2025.06.25	00:21:05.536	1.36107				2
2025.06.25	00:21:05.839	1.36110	1.36274			6
2025.06.25	00:21:06.762	1.36109	1.36276			6
2025.06.25	00:21:07.074	1.36106	1.36272			6
2025.06.25	00:21:07.687	1.36103				2
2025.06.25	00:21:08.292		1.36270			4
2025.06.25	00:21:08.603	1.36100				2
2025.06.25	00:21:08.906	1.36103				2
2025.06.25	00:21:09.211	1.36101	1.36271			6
2025.06.25	00:21:09.513	1.36100	1.36272			6
2025.06.25	00:21:09.817	1.36103				2
2025.06.25	00:21:10.123	1.36104				2
2025.06.25	00:21:10.431	1.36101				2
2025.06.25	00:21:10.739	1.36104				2
2025.06.25	00:21:11.357	1.36101				2
2025.06.25	00:21:11.965	1.36104				2
2025.06.25	00:21:12.274	1.36101				2
2025.06.25	00:21:12.882	1.36104				2
2025.06.25	00:21:13.819	1.36101				2
2025.06.25	00:21:14.127	1.36104				2
2025.06.25	00:21:14.435	1.36101				2
2025.06.25	00:21:15.041	1.36104				2
2025.06.25	00:21:15.659	1.36101				2
2025.06.25	00:21:15.963	1.36104				2
2025.06.25	00:21:16.579	1.36101				2
2025.06.25	00:21:16.881	1.36104				2
2025.06.25	00:21:17.486	1.36101				2
2025.06.25	00:21:17.787	1.36104				2
2025.06.25	00:21:18.403	1.36101				2
2025.06.25	00:21:18.714	1.36104				2
2025.06.25	00:21:19.636	1.36101				2
2025.06.25	00:21:19.939	1.36104				2
2025.06.25	00:21:20.250	1.36108				2
2025.06.25	00:21:20.560	1.36109				2
2025.06.25	00:21:20.867	1.36107				2
2025.06.25	00:21:21.170	1.36109				2
2025.06.25	00:21:21.478	1.36107				2
2025.06.25	00:21:22.080	1.36109				2
2025.06.25	00:21:22.700	1.36107				2
2025.06.25	00:21:23.008	1.36109				2
2025.06.25	00:21:23.620	1.36107				2
2025.06.25	00:21:23.921	1.36109				2
2025.06.25	00:21:24.852	1.36107				2
2025.06.25	00:21:25.476	1.36109				2
2025.06.25	00:21:26.081	1.36107				2
2025.06.25	00:21:26.699	1.36109				2
2025.06.25	00:21:27.319	1.36107				2
2025.06.25	00:21:27.626	1.36109				2
2025.06.25	00:21:28.235	1.36107				2
2025.06.25	00:21:28.543	1.36109				2
2025.06.25	00:21:28.850	1.36107				2
2025.06.25	00:21:29.461	1.36109				2
2025.06.25	00:21:30.066	1.36102				2
2025.06.25	00:21:30.377	1.36104				2
2025.06.25	00:21:30.678	1.36101				2
2025.06.25	00:21:30.980	1.36103				2
2025.06.25	00:21:31.286	1.36105	1.36274			6
2025.06.25	00:21:31.588	1.36102				2
2025.06.25	00:21:31.896	1.36103				2
2025.06.25	00:21:32.204	1.36105				2
2025.06.25	00:21:32.509	1.36102				2
2025.06.25	00:21:32.818	1.36103	1.36273			6
2025.06.25	00:21:33.120	1.36109				2
2025.06.25	00:21:33.426	1.36110				2
2025.06.25	00:21:34.037	1.36109				2
2025.06.25	00:21:34.338	1.36108	1.36272			6
2025.06.25	00:21:34.946	1.36107				2
2025.06.25	00:21:35.254	1.36108				2
2025.06.25	00:21:35.860	1.36107				2
2025.06.25	00:21:36.162	1.36108				2
2025.06.25	00:21:36.776	1.36107				2
2025.06.25	00:21:37.078	1.36108				2
2025.06.25	00:21:38.009	1.36107				2
2025.06.25	00:21:38.317	1.36108				2
2025.06.25	00:21:38.936	1.36107				2
2025.06.25	00:21:39.240	1.36108				2
2025.06.25	00:21:39.851	1.36107				2
2025.06.25	00:21:40.159	1.36108				2
2025.06.25	00:21:40.766	1.36107				2
2025.06.25	00:21:41.078	1.36108				2
2025.06.25	00:21:41.681	1.36107				2
2025.06.25	00:21:41.986	1.36108				2
2025.06.25	00:21:42.293	1.36107				2
2025.06.25	00:21:42.599	1.36108				2
2025.06.25	00:21:43.219	1.36101				2
2025.06.25	00:21:43.519	1.36103				2
2025.06.25	00:21:43.828	1.36100				2
2025.06.25	00:21:44.139	1.36101				2
2025.06.25	00:21:44.448	1.36103				2
2025.06.25	00:21:44.750	1.36101				2
2025.06.25	00:21:45.364	1.36103				2
2025.06.25	00:21:45.671	1.36100				2
2025.06.25	00:21:45.981	1.36101				2
2025.06.25	00:21:46.283	1.36103				2
2025.06.25	00:21:46.593	1.36101				2
2025.06.25	00:21:47.210	1.36103				2
2025.06.25	00:21:47.517	1.36101				2
2025.06.25	00:21:48.126	1.36103				2
2025.06.25	00:21:48.437	1.36100				2
2025.06.25	00:21:48.739	1.36101				2
2025.06.25	00:21:49.047	1.36103				2
2025.06.25	00:21:49.360	1.36100				2
2025.06.25	00:21:49.660	1.36101				2
2025.06.25	00:21:49.979	1.36103				2
2025.06.25	00:21:50.908	1.36101				2
2025.06.25	00:21:51.215	1.36103				2
2025.06.25	00:21:51.520	1.36099				2
2025.06.25	00:21:51.822	1.36101				2
2025.06.25	00:21:52.126	1.36103				2
2025.06.25	00:21:52.436	1.36101				2
2025.06.25	00:21:52.739	1.36103	1.36270			6
2025.06.25	00:21:53.352	1.36101				2
2025.06.25	00:21:53.659	1.36103				2
2025.06.25	00:21:53.963	1.36096				2
2025.06.25	00:21:54.266	1.36097				2
2025.06.25	00:21:54.580	1.36099				2
2025.06.25	00:21:54.885	1.36096				2
2025.06.25	00:21:55.201	1.36099				2
2025.06.25	00:21:55.509	1.36097				2
2025.06.25	00:21:55.814	1.36096				2
2025.06.25	00:21:56.119	1.36097				2
2025.06.25	00:21:56.419	1.36099				2
2025.06.25	00:21:56.723	1.36096				2
2025.06.25	00:21:57.025	1.36099				2
2025.06.25	00:21:57.331	1.36096				2
2025.06.25	00:21:57.638	1.36097				2
2025.06.25	00:21:57.944	1.36099				2
2025.06.25	00:21:58.249	1.36096				2
2025.06.25	00:21:58.554	1.36099				2
2025.06.25	00:21:59.168	1.36096				2
2025.06.25	00:21:59.478	1.36098				2
2025.06.25	00:21:59.785	1.36100				2
2025.06.25	00:22:00.086	1.36097				2
2025.06.25	00:22:00.400	1.36098				2
2025.06.25	00:22:00.701	1.36100				2
2025.06.25	00:22:01.329	1.36098				2
2025.06.25	00:22:01.639	1.36100				2
2025.06.25	00:22:01.942	1.36097				2
2025.06.25	00:22:02.245	1.36098	1.36271			6
2025.06.25	00:22:02.558	1.36100	1.36272			6
2025.06.25	00:22:02.868	1.36097				2
2025.06.25	00:22:03.178	1.36102	1.36273			6
2025.06.25	00:22:03.482	1.36104				2
2025.06.25	00:22:03.791	1.36101				2
2025.06.25	00:22:04.099	1.36102				2
2025.06.25	00:22:04.411	1.36104				2
2025.06.25	00:22:04.719	1.36101				2
2025.06.25	00:22:05.022	1.36102				2
2025.06.25	00:22:05.336	1.36101				2
2025.06.25	00:22:05.951		1.36272			4
2025.06.25	00:22:06.258	1.36099				2
2025.06.25	00:22:06.565	1.36101				2
2025.06.25	00:22:06.873	1.36099				2
2025.06.25	00:22:07.179	1.36101				2
2025.06.25	00:22:08.106	1.36099				2
2025.06.25	00:22:08.412	1.36101				2
2025.06.25	00:22:09.020	1.36099				2
2025.06.25	00:22:09.321	1.36101				2
2025.06.25	00:22:09.629	1.36099				2
2025.06.25	00:22:09.936	1.36101				2
2025.06.25	00:22:10.555	1.36099				2
2025.06.25	00:22:10.859	1.36101				2
2025.06.25	00:22:11.479	1.36099				2
2025.06.25	00:22:11.787	1.36101				2
2025.06.25	00:22:12.095	1.36099				2
2025.06.25	00:22:12.710	1.36101	1.36271			6
2025.06.25	00:22:13.015	1.36095				2
2025.06.25	00:22:13.319	1.36097				2
2025.06.25	00:22:13.940	1.36096				2
2025.06.25	00:22:14.242	1.36098				2
2025.06.25	00:22:14.859	1.36096				2
2025.06.25	00:22:15.162	1.36098				2
2025.06.25	00:22:15.465	1.36096	1.36272			6
2025.06.25	00:22:16.683	1.36098				2
2025.06.25	00:22:17.597	1.36096				2
2025.06.25	00:22:17.898	1.36098				2
2025.06.25	00:22:18.508	1.36096				2
2025.06.25	00:22:18.816	1.36098				2
2025.06.25	00:22:19.127	1.36096				2
2025.06.25	00:22:19.747	1.36098				2
2025.06.25	00:22:20.361	1.36097				2
2025.06.25	00:22:20.668	1.36099				2
2025.06.25	00:22:20.971	1.36097				2
2025.06.25	00:22:21.581	1.36099				2
2025.06.25	00:22:21.883	1.36097				2
2025.06.25	00:22:22.193	1.36099				2
2025.06.25	00:22:22.811	1.36097				2
2025.06.25	00:22:23.117	1.36099				2
2025.06.25	00:22:23.726	1.36097				2
2025.06.25	00:22:24.039	1.36099				2
2025.06.25	00:22:25.247	1.36097				2
2025.06.25	00:22:25.554	1.36099				2
2025.06.25	00:22:25.858	1.36098				2
2025.06.25	00:22:26.164	1.36099				2
2025.06.25	00:22:26.779	1.36100				2
2025.06.25	00:22:27.087	1.36098				2
2025.06.25	00:22:27.395	1.36100				2
2025.06.25	00:22:28.012	1.36098				2
2025.06.25	00:22:28.319	1.36100				2
2025.06.25	00:22:28.934	1.36098				2
2025.06.25	00:22:29.242	1.36100				2
2025.06.25	00:22:29.553	1.36098				2
2025.06.25	00:22:30.162	1.36100				2
2025.06.25	00:22:30.479	1.36098				2
2025.06.25	00:22:30.778	1.36100				2
2025.06.25	00:22:31.399	1.36098				2
2025.06.25	00:22:31.699	1.36100				2
2025.06.25	00:22:32.312	1.36098				2
2025.06.25	00:22:32.614	1.36100	1.36274			6
2025.06.25	00:22:32.924	1.36104				2
2025.06.25	00:22:33.232	1.36102				2
2025.06.25	00:22:33.849	1.36104				2
2025.06.25	00:22:34.460	1.36102				2
2025.06.25	00:22:34.766	1.36104				2
2025.06.25	00:22:35.069	1.36102				2
2025.06.25	00:22:35.371	1.36104				2
2025.06.25	00:22:35.678	1.36102				2
2025.06.25	00:22:36.281	1.36104				2
2025.06.25	00:22:36.583	1.36102				2
2025.06.25	00:22:36.897	1.36104				2
2025.06.25	00:22:37.507	1.36102				2
2025.06.25	00:22:37.819	1.36104				2
2025.06.25	00:22:38.434	1.36102				2
2025.06.25	00:22:38.741	1.36104				2
2025.06.25	00:22:39.049	1.36102				2
2025.06.25	00:22:39.658	1.36104				2
2025.06.25	00:22:39.967	1.36102				2
2025.06.25	00:22:40.271	1.36104				2
2025.06.25	00:22:40.887	1.36102				2
2025.06.25	00:22:41.199	1.36109				2
2025.06.25	00:22:41.820	1.36105				2
2025.06.25	00:22:42.132	1.36107				2
2025.06.25	00:22:42.438	1.36105	1.36273			6
2025.06.25	00:22:42.738	1.36107				2
2025.06.25	00:22:43.044	1.36104				2
2025.06.25	00:22:43.351	1.36101				2
2025.06.25	00:22:43.659	1.36103				2
2025.06.25	00:22:43.963	1.36105				2
2025.06.25	00:22:44.265	1.36103				2
2025.06.25	00:22:44.887	1.36105				2
2025.06.25	00:22:45.193	1.36103				2
2025.06.25	00:22:45.498	1.36105				2
2025.06.25	00:22:45.804	1.36101				2
2025.06.25	00:22:46.117	1.36103				2
2025.06.25	00:22:46.423	1.36107	1.36276			6
2025.06.25	00:22:46.731	1.36105				2
2025.06.25	00:22:47.348	1.36107				2
2025.06.25	00:22:47.656	1.36104				2
2025.06.25	00:22:47.958	1.36105				2
2025.06.25	00:22:48.278	1.36107				2
2025.06.25	00:22:48.580	1.36104				2
2025.06.25	00:22:48.882	1.36107				2
2025.06.25	00:22:49.185	1.36105				2
2025.06.25	00:22:49.494	1.36107				2
2025.06.25	00:22:49.798	1.36109				2
2025.06.25	00:22:50.112	1.36106				2
2025.06.25	00:22:50.419	1.36107				2
2025.06.25	00:22:50.725	1.36109				2
2025.06.25	00:22:51.026	1.36107				2
2025.06.25	00:22:51.339	1.36109				2
2025.06.25	00:22:51.946	1.36107				2
2025.06.25	00:22:52.255	1.36106				2
2025.06.25	00:22:52.558	1.36107				2
2025.06.25	00:22:52.864	1.36109				2
2025.06.25	00:22:53.170	1.36107				2
2025.06.25	00:22:53.471	1.36109				2
2025.06.25	00:22:53.776	1.36107				2
2025.06.25	00:22:54.079	1.36109				2
2025.06.25	00:22:54.387	1.36106				2
2025.06.25	00:22:54.698	1.36108				2
2025.06.25	00:22:55.003	1.36109				2
2025.06.25	00:22:55.311	1.36108				2
2025.06.25	00:22:55.619	1.36109				2
2025.06.25	00:22:55.924	1.36106				2
2025.06.25	00:22:56.236	1.36108				2
2025.06.25	00:22:56.542	1.36110				2
2025.06.25	00:22:56.850	1.36106				2
2025.06.25	00:22:57.159	1.36108				2
2025.06.25	00:22:57.466	1.36110				2
2025.06.25	00:22:58.090	1.36108				2
2025.06.25	00:22:58.399	1.36110				2
2025.06.25	00:22:58.704	1.36108	1.36277			6
2025.06.25	00:22:59.008	1.36110				2
2025.06.25	00:22:59.320	1.36107				2
2025.06.25	00:22:59.621	1.36108				2
2025.06.25	00:22:59.937	1.36110				2
2025.06.25	00:23:00.243	1.36110				2
2025.06.25	00:23:00.554	1.36108				2
2025.06.25	00:23:00.863	1.36110				2
2025.06.25	00:23:01.170	1.36108				2
2025.06.25	00:23:01.781	1.36110				2
2025.06.25	00:23:02.095	1.36108				2
2025.06.25	00:23:02.398	1.36110				2
2025.06.25	00:23:02.704	1.36107				2
2025.06.25	00:23:03.012	1.36108				2
2025.06.25	00:23:03.320	1.36110				2
2025.06.25	00:23:03.631	1.36108				2
2025.06.25	00:23:03.939	1.36109				2
2025.06.25	00:23:04.250	1.36111				2
2025.06.25	00:23:04.557	1.36109				2
2025.06.25	00:23:05.171	1.36111				2
2025.06.25	00:23:05.482	1.36106				2
2025.06.25	00:23:05.788	1.36104	1.36278			6
2025.06.25	00:23:06.098	1.36106				2
2025.06.25	00:23:06.713	1.36104				2
2025.06.25	00:23:07.020	1.36106				2
2025.06.25	00:23:07.950	1.36104				2
2025.06.25	00:23:08.254	1.36106				2
2025.06.25	00:23:08.863	1.36104				2
2025.06.25	00:23:09.179	1.36106				2
2025.06.25	00:23:09.794	1.36104				2
2025.06.25	00:23:10.099	1.36106				2
2025.06.25	00:23:10.707	1.36105				2
2025.06.25	00:23:11.019	1.36106				2
2025.06.25	00:23:11.322	1.36108				2
2025.06.25	00:23:11.627	1.36106				2
2025.06.25	00:23:12.542	1.36108				2
2025.06.25	00:23:13.165	1.36106				2
2025.06.25	00:23:13.470	1.36108				2
2025.06.25	00:23:14.088	1.36106				2
2025.06.25	00:23:14.396	1.36108				2
2025.06.25	00:23:15.016	1.36106				2
2025.06.25	00:23:15.318	1.36108				2
2025.06.25	00:23:15.619	1.36107				2
2025.06.25	00:23:15.921	1.36108				2
2025.06.25	00:23:16.228	1.36109				2
2025.06.25	00:23:16.536	1.36107				2
2025.06.25	00:23:16.847	1.36109				2
2025.06.25	00:23:17.460	1.36107				2
2025.06.25	00:23:17.767	1.36109				2
2025.06.25	00:23:18.379	1.36107				2
2025.06.25	00:23:18.695	1.36109				2
2025.06.25	00:23:18.998	1.36107				2
2025.06.25	00:23:19.299	1.36109				2
2025.06.25	00:23:19.918	1.36107				2
2025.06.25	00:23:20.219	1.36109	1.36279			6
2025.06.25	00:23:20.839	1.36107				2
2025.06.25	00:23:21.140	1.36109				2
2025.06.25	00:23:22.072	1.36107	1.36278			6
2025.06.25	00:23:22.379	1.36109				2
2025.06.25	00:23:22.685	1.36107				2
2025.06.25	00:23:22.987	1.36109				2
2025.06.25	00:23:23.599	1.36107	1.36279			6
2025.06.25	00:23:23.908	1.36109				2
2025.06.25	00:23:24.216	1.36108				2
2025.06.25	00:23:24.823	1.36109				2
2025.06.25	00:23:25.140	1.36110				2
2025.06.25	00:23:25.449	1.36108				2
2025.06.25	00:23:25.753	1.36114				2
2025.06.25	00:23:26.367	1.36113				2
2025.06.25	00:23:26.678	1.36115				2
2025.06.25	00:23:26.980	1.36111				2
2025.06.25	00:23:27.281	1.36115				2
2025.06.25	00:23:27.585	1.36111				2
2025.06.25	00:23:27.898	1.36113				2
2025.06.25	00:23:28.204	1.36114				2
2025.06.25	00:23:28.511	1.36111				2
2025.06.25	00:23:28.819	1.36113				2
2025.06.25	00:23:29.127	1.36114				2
2025.06.25	00:23:29.438	1.36113				2
2025.06.25	00:23:30.041	1.36114				2
2025.06.25	00:23:30.362	1.36115				2
2025.06.25	00:23:30.664	1.36113				2
2025.06.25	00:23:30.967	1.36115				2
2025.06.25	00:23:31.270	1.36111				2
2025.06.25	00:23:31.580	1.36113				2
2025.06.25	00:23:31.886	1.36115				2
2025.06.25	00:23:32.195	1.36113				2
2025.06.25	00:23:32.810	1.36115				2
2025.06.25	00:23:33.430	1.36111				2
2025.06.25	00:23:33.737	1.36113	1.36280			6
2025.06.25	00:23:34.049	1.36115				2
2025.06.25	00:23:34.355	1.36113				2
2025.06.25	00:23:34.962	1.36115				2
2025.06.25	00:23:35.277	1.36113				2
2025.06.25	00:23:35.579	1.36109				2
2025.06.25	00:23:35.890	1.36110				2
2025.06.25	00:23:36.500	1.36109				2
2025.06.25	00:23:36.802	1.36111				2
2025.06.25	00:23:37.108	1.36109				2
2025.06.25	00:23:37.416	1.36111				2
2025.06.25	00:23:38.021	1.36109				2
2025.06.25	00:23:38.338	1.36111				2
2025.06.25	00:23:38.955	1.36109				2
2025.06.25	00:23:39.258	1.36111				2
2025.06.25	00:23:39.560	1.36109				2
2025.06.25	00:23:39.865	1.36111				2
2025.06.25	00:23:40.168	1.36109				2
2025.06.25	00:23:40.476	1.36111				2
2025.06.25	00:23:41.088	1.36109				2
2025.06.25	00:23:41.709	1.36111				2
2025.06.25	00:23:42.016	1.36109				2
2025.06.25	00:23:42.318	1.36111				2
2025.06.25	00:23:42.921	1.36109				2
2025.06.25	00:23:43.238	1.36111				2
2025.06.25	00:23:44.171	1.36110				2
2025.06.25	00:23:44.478	1.36111				2
2025.06.25	00:23:45.096	1.36110				2
2025.06.25	00:23:45.401	1.36111				2
2025.06.25	00:23:45.709	1.36112				2
2025.06.25	00:23:46.018	1.36110				2
2025.06.25	00:23:46.325	1.36112				2
2025.06.25	00:23:46.933	1.36110				2
2025.06.25	00:23:47.242	1.36112				2
2025.06.25	00:23:47.859	1.36110				2
2025.06.25	00:23:48.166	1.36112				2
2025.06.25	00:23:48.779	1.36110				2
2025.06.25	00:23:49.089	1.36112				2
2025.06.25	00:23:50.016	1.36110				2
2025.06.25	00:23:50.323	1.36112				2
2025.06.25	00:23:50.633	1.36110				2
2025.06.25	00:23:51.246	1.36112				2
2025.06.25	00:23:51.557	1.36110				2
2025.06.25	00:23:51.858	1.36112				2
2025.06.25	00:23:53.078	1.36110				2
2025.06.25	00:23:53.380	1.36112				2
2025.06.25	00:23:53.999	1.36110				2
2025.06.25	00:23:54.303	1.36112				2
2025.06.25	00:23:54.925	1.36110				2
2025.06.25	00:23:55.229	1.36112				2
2025.06.25	00:23:55.532	1.36110				2
2025.06.25	00:23:55.839	1.36115				2
2025.06.25	00:23:56.140	1.36117				2
2025.06.25	00:23:56.443	1.36115				2
2025.06.25	00:23:56.748	1.36117	1.36281			6
2025.06.25	00:23:57.058	1.36114				2
2025.06.25	00:23:57.368	1.36115				2
2025.06.25	00:23:57.678	1.36114				2
2025.06.25	00:23:57.978	1.36115				2
2025.06.25	00:23:58.281	1.36117				2
2025.06.25	00:23:58.584	1.36114				2
2025.06.25	00:23:58.885	1.36117				2
2025.06.25	00:23:59.186	1.36114				2
2025.06.25	00:23:59.498	1.36115				2
2025.06.25	00:23:59.802	1.36117				2
2025.06.25	00:24:00.117	1.36115				2
2025.06.25	00:24:00.723	1.36117				2
2025.06.25	00:24:01.032	1.36114				2
2025.06.25	00:24:01.343	1.36115				2
2025.06.25	00:24:01.647	1.36117				2
2025.06.25	00:24:01.950	1.36114				2
2025.06.25	00:24:02.260	1.36115				2
2025.06.25	00:24:02.565	1.36117				2
2025.06.25	00:24:02.868	1.36114				2
2025.06.25	00:24:03.174	1.36116				2
2025.06.25	00:24:04.080	1.36117				2
2025.06.25	00:24:04.383	1.36114				2
2025.06.25	00:24:04.693	1.36116				2
2025.06.25	00:24:05.004	1.36118				2
2025.06.25	00:24:05.308	1.36112				2
2025.06.25	00:24:05.621	1.36110				2
2025.06.25	00:24:05.921	1.36112				2
2025.06.25	00:24:06.233	1.36110				2
2025.06.25	00:24:06.849	1.36112				2
2025.06.25	00:24:07.460	1.36110				2
2025.06.25	00:24:07.768	1.36112				2
2025.06.25	00:24:08.078		1.36282			4
2025.06.25	00:24:08.399	1.36110				2
2025.06.25	00:24:09.012	1.36112				2
2025.06.25	00:24:09.627	1.36110				2
2025.06.25	00:24:10.242	1.36112				2
2025.06.25	00:24:10.557	1.36110				2
2025.06.25	00:24:11.173	1.36114				2
2025.06.25	00:24:11.789	1.36112				2
2025.06.25	00:24:12.095	1.36114				2
2025.06.25	00:24:12.718	1.36112				2
2025.06.25	00:24:13.020	1.36114				2
2025.06.25	00:24:13.636	1.36112				2
2025.06.25	00:24:13.941	1.36114				2
2025.06.25	00:24:14.871	1.36112				2
2025.06.25	00:24:15.179	1.36114				2
2025.06.25	00:24:15.798	1.36112				2
2025.06.25	00:24:16.103	1.36114				2
2025.06.25	00:24:17.033	1.36112				2
2025.06.25	00:24:17.339	1.36114				2
2025.06.25	00:24:17.958	1.36112				2
2025.06.25	00:24:18.264	1.36114				2
2025.06.25	00:24:18.881	1.36112				2
2025.06.25	00:24:19.502	1.36114				2
2025.06.25	00:24:20.120	1.36112				2
2025.06.25	00:24:20.428	1.36114				2
2025.06.25	00:24:20.735	1.36112				2
2025.06.25	00:24:21.343	1.36114				2
2025.06.25	00:24:21.964	1.36113				2
2025.06.25	00:24:22.269	1.36114				2
2025.06.25	00:24:22.879	1.36113				2
2025.06.25	00:24:23.189	1.36114				2
2025.06.25	00:24:24.103	1.36115				2
2025.06.25	00:24:24.714	1.36113				2
2025.06.25	00:24:25.326	1.36115				2
2025.06.25	00:24:25.938	1.36116				2
2025.06.25	00:24:26.254	1.36117				2
2025.06.25	00:24:26.562	1.36119				2
2025.06.25	00:24:26.868	1.36117				2
2025.06.25	00:24:27.179	1.36118				2
2025.06.25	00:24:27.484	1.36120				2
2025.06.25	00:24:27.790	1.36116				2
2025.06.25	00:24:28.415	1.36118				2
2025.06.25	00:24:28.720	1.36120				2
2025.06.25	00:24:29.029	1.36118				2
2025.06.25	00:24:29.334	1.36120				2
2025.06.25	00:24:29.951	1.36117				2
2025.06.25	00:24:30.260	1.36118				2
2025.06.25	00:24:30.569	1.36120				2
2025.06.25	00:24:30.878	1.36118				2
2025.06.25	00:24:31.492	1.36120				2
2025.06.25	00:24:32.111	1.36118				2
2025.06.25	00:24:32.419	1.36120				2
2025.06.25	00:24:32.725	1.36117				2
2025.06.25	00:24:33.330	1.36119				2
2025.06.25	00:24:33.631	1.36116				2
2025.06.25	00:24:33.938	1.36119				2
2025.06.25	00:24:34.239	1.36118				2
2025.06.25	00:24:34.841	1.36120				2
2025.06.25	00:24:35.152	1.36116				2
2025.06.25	00:24:35.461	1.36113				2
2025.06.25	00:24:35.769	1.36115				2
2025.06.25	00:24:36.077	1.36113				2
2025.06.25	00:24:36.379	1.36115				2
2025.06.25	00:24:36.986	1.36113				2
2025.06.25	00:24:37.286	1.36115				2
2025.06.25	00:24:37.597	1.36113				2
2025.06.25	00:24:37.899	1.36115				2
2025.06.25	00:24:38.517	1.36113				2
2025.06.25	00:24:38.821	1.36115				2
2025.06.25	00:24:39.438	1.36113				2
2025.06.25	00:24:39.745	1.36115				2
2025.06.25	00:24:40.360	1.36113				2
2025.06.25	00:24:40.666	1.36115				2
2025.06.25	00:24:40.973	1.36113				2
2025.06.25	00:24:41.278	1.36115				2
2025.06.25	00:24:41.883	1.36114				2
2025.06.25	00:24:42.190	1.36116				2
2025.06.25	00:24:42.498	1.36114	1.36283			6
2025.06.25	00:24:43.108	1.36116				2
2025.06.25	00:24:43.722	1.36114				2
2025.06.25	00:24:44.026	1.36116				2
2025.06.25	00:24:44.335	1.36114				2
2025.06.25	00:24:44.952	1.36116				2
2025.06.25	00:24:45.570	1.36114				2
2025.06.25	00:24:45.879	1.36116				2
2025.06.25	00:24:46.493	1.36114				2
2025.06.25	00:24:46.799	1.36116				2
2025.06.25	00:24:47.417	1.36114				2
2025.06.25	00:24:48.020	1.36099	1.36276			6
2025.06.25	00:24:48.326	1.36093				2
2025.06.25	00:24:49.242	1.36095				2
2025.06.25	00:24:49.545	1.36093				2
2025.06.25	00:24:49.857	1.36094				2
2025.06.25	00:24:50.466	1.36093				2
2025.06.25	00:24:50.776	1.36117				2
2025.06.25	00:24:51.077	1.36118	1.36282			6
2025.06.25	00:24:51.383	1.36120	1.36283			6
2025.06.25	00:24:51.686	1.36117				2
2025.06.25	00:24:51.999	1.36118				2
2025.06.25	00:24:52.302	1.36120				2
2025.06.25	00:24:52.615	1.36118				2
2025.06.25	00:24:53.225	1.36120				2
2025.06.25	00:24:53.538	1.36118				2
2025.06.25	00:24:53.839	1.36120				2
2025.06.25	00:24:54.139	1.36117				2
2025.06.25	00:24:54.445	1.36118				2
2025.06.25	00:24:54.747	1.36120				2
2025.06.25	00:24:55.057	1.36118				2
2025.06.25	00:24:55.358	1.36120				2
2025.06.25	00:24:55.660	1.36117				2
2025.06.25	00:24:55.960	1.36118				2
2025.06.25	00:24:56.271	1.36120				2
2025.06.25	00:24:56.578	1.36118				2
2025.06.25	00:24:57.184	1.36120				2
2025.06.25	00:24:57.489	1.36117				2
2025.06.25	00:24:57.798	1.36118				2
2025.06.25	00:24:58.101	1.36120				2
2025.06.25	00:24:58.411	1.36117				2
2025.06.25	00:24:58.719	1.36118				2
2025.06.25	00:24:59.021	1.36120				2
2025.06.25	00:24:59.321	1.36118				2
2025.06.25	00:24:59.627	1.36120				2
2025.06.25	00:24:59.938	1.36117				2
2025.06.25	00:25:00.239	1.36118				2
2025.06.25	00:25:00.556	1.36120				2
2025.06.25	00:25:00.859	1.36117				2
2025.06.25	00:25:01.170	1.36118				2
2025.06.25	00:25:01.479	1.36126				2
2025.06.25	00:25:01.791	1.36123				2
2025.06.25	00:25:02.097	1.36126	1.36284			6
2025.06.25	00:25:02.709	1.36123				2
2025.06.25	00:25:03.012	1.36126				2
2025.06.25	00:25:03.940	1.36125	1.36283			6
2025.06.25	00:25:04.241		1.36287			4
2025.06.25	00:25:04.858	1.36122				2
2025.06.25	00:25:05.161	1.36128				2
2025.06.25	00:25:05.462	1.36125	1.36288			6
2025.06.25	00:25:05.766	1.36127				2
2025.06.25	00:25:06.077	1.36120				2
2025.06.25	00:25:06.693	1.36121				2
2025.06.25	00:25:07.001	1.36123				2
2025.06.25	00:25:07.316	1.36121				2
2025.06.25	00:25:07.617	1.36123				2
2025.06.25	00:25:08.236	1.36120				2
2025.06.25	00:25:08.540	1.36121				2
2025.06.25	00:25:08.845	1.36107				2
2025.06.25	00:25:09.159	1.36109				2
2025.06.25	00:25:09.467	1.36107				2
2025.06.25	00:25:09.778	1.36108				2
2025.06.25	00:25:10.398	1.36107				2
2025.06.25	00:25:10.699	1.36108				2
2025.06.25	00:25:11.319	1.36107				2
2025.06.25	00:25:11.623	1.36108				2
2025.06.25	00:25:11.928	1.36107				2
2025.06.25	00:25:12.546	1.36108				2
2025.06.25	00:25:13.159	1.36107				2
2025.06.25	00:25:13.459	1.36124				2
2025.06.25	00:25:13.775	1.36122				2
2025.06.25	00:25:14.079	1.36120				2
2025.06.25	00:25:14.386	1.36122				2
2025.06.25	00:25:14.695	1.36120	1.36286			6
2025.06.25	00:25:15.308	1.36122				2
2025.06.25	00:25:15.616	1.36120				2
2025.06.25	00:25:16.228	1.36122				2
2025.06.25	00:25:16.843	1.36120				2
2025.06.25	00:25:17.467	1.36122				2
2025.06.25	00:25:18.079	1.36120				2
2025.06.25	00:25:18.385	1.36122				2
2025.06.25	00:25:18.999	1.36120				2
2025.06.25	00:25:19.306	1.36121				2
2025.06.25	00:25:19.913	1.36120				2
2025.06.25	00:25:20.218	1.36121				2
2025.06.25	00:25:20.836	1.36119				2
2025.06.25	00:25:21.139	1.36121				2
2025.06.25	00:25:21.758	1.36119				2
2025.06.25	00:25:22.059	1.36121				2
2025.06.25	00:25:22.988	1.36119				2
2025.06.25	00:25:23.297	1.36121				2
2025.06.25	00:25:23.915	1.36119				2
2025.06.25	00:25:24.219	1.36121				2
2025.06.25	00:25:24.524	1.36120				2
2025.06.25	00:25:24.839	1.36118				2
2025.06.25	00:25:25.140	1.36119				2
2025.06.25	00:25:26.066	1.36118				2
2025.06.25	00:25:26.376	1.36125				2
2025.06.25	00:25:26.991	1.36122				2
2025.06.25	00:25:27.300	1.36117				2
2025.06.25	00:25:27.608	1.36119				2
2025.06.25	00:25:28.222	1.36117				2
2025.06.25	00:25:28.530	1.36119				2
2025.06.25	00:25:28.837	1.36117				2
2025.06.25	00:25:29.442	1.36119				2
2025.06.25	00:25:29.759	1.36117				2
2025.06.25	00:25:30.369	1.36119				2
2025.06.25	00:25:30.982	1.36117				2
2025.06.25	00:25:31.586	1.36119				2
2025.06.25	00:25:31.895	1.36117				2
2025.06.25	00:25:32.198	1.36119				2
2025.06.25	00:25:32.821	1.36118				2
2025.06.25	00:25:33.129	1.36116				2
2025.06.25	00:25:33.744	1.36118				2
2025.06.25	00:25:34.047	1.36116				2
2025.06.25	00:25:34.353	1.36118				2
2025.06.25	00:25:34.961	1.36116				2
2025.06.25	00:25:35.280	1.36118				2
2025.06.25	00:25:35.891	1.36116				2
2025.06.25	00:25:36.199	1.36118				2
2025.06.25	00:25:36.505	1.36116				2
2025.06.25	00:25:36.806	1.36118				2
2025.06.25	00:25:37.114	1.36116				2
2025.06.25	00:25:37.721	1.36118				2
2025.06.25	00:25:38.022	1.36116				2
2025.06.25	00:25:38.331	1.36117	1.36285			6
2025.06.25	00:25:38.638	1.36115				2
2025.06.25	00:25:38.944	1.36116				2
2025.06.25	00:25:39.563	1.36115				2
2025.06.25	00:25:39.866	1.36116				2
2025.06.25	00:25:40.481	1.36117				2
2025.06.25	00:25:40.784	1.36116				2
2025.06.25	00:25:41.088	1.36114				2
2025.06.25	00:25:42.003	1.36116				2
2025.06.25	00:25:42.619	1.36114				2
2025.06.25	00:25:42.930	1.36116				2
2025.06.25	00:25:43.234	1.36114				2
2025.06.25	00:25:43.853	1.36116				2
2025.06.25	00:25:44.160	1.36114				2
2025.06.25	00:25:44.463	1.36116				2
2025.06.25	00:25:45.075	1.36117				2
2025.06.25	00:25:45.380	1.36119				2
2025.06.25	00:25:45.688	1.36118				2
2025.06.25	00:25:46.000	1.36117				2
2025.06.25	00:25:46.306	1.36118				2
2025.06.25	00:25:46.614	1.36117				2
2025.06.25	00:25:47.230	1.36118				2
2025.06.25	00:25:47.847	1.36117				2
2025.06.25	00:25:48.158	1.36118				2
2025.06.25	00:25:48.460	1.36117				2
2025.06.25	00:25:48.762	1.36118				2
2025.06.25	00:25:49.377	1.36117				2
2025.06.25	00:25:49.680	1.36118				2
2025.06.25	00:25:50.291	1.36117				2
2025.06.25	00:25:50.595	1.36118				2
2025.06.25	00:25:50.898	1.36117				2
2025.06.25	00:25:51.201	1.36118				2
2025.06.25	00:25:51.820	1.36117				2
2025.06.25	00:25:52.121	1.36118				2
2025.06.25	00:25:52.426	1.36117				2
2025.06.25	00:25:52.729	1.36118				2
2025.06.25	00:25:53.038	1.36117				2
2025.06.25	00:25:53.341	1.36118				2
2025.06.25	00:25:54.560	1.36117				2
2025.06.25	00:25:54.869	1.36118				2
2025.06.25	00:25:55.172	1.36114				2
2025.06.25	00:25:55.781	1.36116				2
2025.06.25	00:25:56.409	1.36114				2
2025.06.25	00:25:56.718	1.36116				2
2025.06.25	00:25:57.333	1.36114				2
2025.06.25	00:25:57.640	1.36116				2
2025.06.25	00:25:58.550	1.36114				2
2025.06.25	00:25:58.857	1.36113	1.36284			6
2025.06.25	00:25:59.159	1.36114				2
2025.06.25	00:26:00.096	1.36112				2
2025.06.25	00:26:00.405	1.36114				2
2025.06.25	00:26:00.711	1.36112				2
2025.06.25	00:26:01.018	1.36114				2
2025.06.25	00:26:01.635	1.36113				2
2025.06.25	00:26:01.940	1.36111				2
2025.06.25	00:26:02.245	1.36113				2
2025.06.25	00:26:02.554	1.36111				2
2025.06.25	00:26:02.858	1.36114				2
2025.06.25	00:26:03.160	1.36116				2
2025.06.25	00:26:04.398	1.36114				2
2025.06.25	00:26:04.700	1.36116				2
2025.06.25	00:26:05.003	1.36115				2
2025.06.25	00:26:05.315	1.36114				2
2025.06.25	00:26:05.619	1.36115				2
2025.06.25	00:26:06.548	1.36114				2
2025.06.25	00:26:06.856	1.36115				2
2025.06.25	00:26:07.159	1.36114				2
2025.06.25	00:26:07.780	1.36116				2
2025.06.25	00:26:08.707	1.36114				2
2025.06.25	00:26:09.020	1.36115				2
2025.06.25	00:26:09.323	1.36113	1.36281			6
2025.06.25	00:26:09.632	1.36112	1.36282			6
2025.06.25	00:26:09.942	1.36113				2
2025.06.25	00:26:10.253	1.36112				2
2025.06.25	00:26:10.558	1.36113				2
2025.06.25	00:26:10.859	1.36114				2
2025.06.25	00:26:11.172	1.36115				2
2025.06.25	00:26:11.478	1.36114	1.36284			6
2025.06.25	00:26:11.779	1.36115	1.36283			6
2025.06.25	00:26:12.390	1.36114				2
2025.06.25	00:26:12.698	1.36116				2
2025.06.25	00:26:13.007	1.36114				2
2025.06.25	00:26:13.921	1.36115				2
2025.06.25	00:26:14.229	1.36116				2
2025.06.25	00:26:14.847	1.36109	1.36281			6
2025.06.25	00:26:15.163	1.36108				2
2025.06.25	00:26:15.465	1.36109				2
2025.06.25	00:26:15.776	1.36108	1.36282			6
2025.06.25	00:26:16.385	1.36110				2
2025.06.25	00:26:16.996	1.36109				2
2025.06.25	00:26:17.613	1.36108				2
2025.06.25	00:26:18.223	1.36109				2
2025.06.25	00:26:18.529	1.36108				2
2025.06.25	00:26:18.837	1.36115	1.36285			6
2025.06.25	00:26:19.139	1.36119				2
2025.06.25	00:26:19.440	1.36107	1.36261			6
2025.06.25	00:26:20.350	1.36108				2
2025.06.25	00:26:20.651	1.36112	1.36258			6
2025.06.25	00:26:21.259	1.36111				2
2025.06.25	00:26:22.170	1.36140	1.36254			6
2025.06.25	00:26:22.477	1.36148	1.36257			6
2025.06.25	00:26:23.088	1.36141	1.36258			6
2025.06.25	00:26:23.703		1.36257			4
2025.06.25	00:26:24.314		1.36258			4
2025.06.25	00:26:27.376	1.36148				2
2025.06.25	00:26:28.291		1.36257			4
2025.06.25	00:26:28.591		1.36258			4
2025.06.25	00:26:35.682		1.36254			4
2025.06.25	00:26:36.300	1.36135				2
2025.06.25	00:26:36.615	1.36132	1.36255			6
2025.06.25	00:26:36.919		1.36256			4
2025.06.25	00:26:37.535		1.36258			4
2025.06.25	00:26:37.847		1.36260			4
2025.06.25	00:26:38.756	1.36128	1.36258			6
2025.06.25	00:26:40.293		1.36260			4
2025.06.25	00:26:45.221	1.36134				2
2025.06.25	00:26:46.151		1.36261			4
2025.06.25	00:26:46.456	1.36138				2
2025.06.25	00:26:48.628	1.36099	1.36260			6
2025.06.25	00:26:48.935		1.36256			4
2025.06.25	00:26:49.239	1.36104				2
2025.06.25	00:26:49.542	1.36099				2
2025.06.25	00:26:50.461		1.36258			4
2025.06.25	00:26:51.679	1.36104				2
2025.06.25	00:26:51.987	1.36107				2
2025.06.25	00:26:52.299	1.36111	1.36261			6
2025.06.25	00:26:52.601		1.36258			4
2025.06.25	00:26:53.209	1.36118				2
2025.06.25	00:26:54.126	1.36131				2
2025.06.25	00:26:56.278	1.36136				2
2025.06.25	00:26:56.593		1.36261			4
2025.06.25	00:26:57.511	1.36124	1.36260			6
2025.06.25	00:27:00.291	1.36124				2
2025.06.25	00:27:00.597		1.36261			4
2025.06.25	00:27:03.353		1.36260			4
2025.06.25	00:27:03.658	1.36131				2
2025.06.25	00:27:04.279	1.36135	1.36261			6
2025.06.25	00:27:07.041	1.36139				2
2025.06.25	00:27:16.571	1.36127				2
2025.06.25	00:27:18.403	1.36111				2
2025.06.25	00:27:23.021		1.36260			4
2025.06.25	00:27:26.427	1.36101				2
2025.06.25	00:27:27.039	1.36099				2
2025.06.25	00:27:28.262	1.36101				2
2025.06.25	00:27:28.565	1.36099				2
2025.06.25	00:27:29.478	1.36100				2
2025.06.25	00:27:29.796	1.36099				2
2025.06.25	00:27:30.416	1.36100				2
2025.06.25	00:27:31.020	1.36099				2
2025.06.25	00:27:31.329	1.36100				2
2025.06.25	00:27:31.945	1.36099				2
2025.06.25	00:27:32.258	1.36102				2
2025.06.25	00:27:32.560	1.36097				2
2025.06.25	00:27:32.861	1.36094				2
2025.06.25	00:27:33.162	1.36098				2
2025.06.25	00:27:33.477	1.36094				2
2025.06.25	00:27:33.780	1.36090	1.36251			6
2025.06.25	00:27:38.424	1.36097				2
2025.06.25	00:27:40.263		1.36252			4
2025.06.25	00:28:00.213	1.36097				2
2025.06.25	00:28:40.362		1.36252			4
2025.06.25	00:29:00.264	1.36097				2
2025.06.25	00:29:03.629		1.36241			4
2025.06.25	00:29:11.592		1.36230			4
2025.06.25	00:29:40.646	1.36091				2
2025.06.25	00:29:57.779	1.36097				2
2025.06.25	00:29:58.087	1.36091				2
2025.06.25	00:30:00.236	1.36104				2
2025.06.25	00:30:11.877		1.36230			4
2025.06.25	00:30:13.099	1.36103				2
2025.06.25	00:30:13.408	1.36097				2
2025.06.25	00:30:21.078	1.36102				2
2025.06.25	00:30:30.000	1.36098				2
2025.06.25	00:30:32.151	1.36102				2
2025.06.25	00:30:33.387	1.36092				2
2025.06.25	00:30:39.848		1.36231			4
2025.06.25	00:31:00.020	1.36092				2
2025.06.25	00:31:22.010		1.36241			4
2025.06.25	00:32:00.305	1.36092				2
2025.06.25	00:32:22.050		1.36241			4
2025.06.25	00:32:28.512	1.36089				2
2025.06.25	00:33:00.306	1.36089				2
2025.06.25	00:33:22.143		1.36241			4
2025.06.25	00:33:49.494	1.36087	1.36251			6
2025.06.25	00:33:50.105		1.36250			4
2025.06.25	00:33:51.336		1.36251			4
2025.06.25	00:33:51.646		1.36250			4
2025.06.25	00:33:52.258		1.36251			4
2025.06.25	00:33:53.491		1.36250			4
2025.06.25	00:33:54.105	1.36090	1.36216			6
2025.06.25	00:34:00.210	1.36090				2
2025.06.25	00:34:10.299	1.36086				2
2025.06.25	00:34:54.039		1.36217			4
2025.06.25	00:35:00.191	1.36086				2
2025.06.25	00:35:54.047		1.36217			4
2025.06.25	00:36:00.201	1.36086				2
2025.06.25	00:36:29.156	1.36076				2
2025.06.25	00:36:53.992		1.36215			4
2025.06.25	00:37:00.147	1.36076				2
2025.06.25	00:37:52.168	1.36073				2
2025.06.25	00:37:54.016		1.36215			4
2025.06.25	00:38:00.187	1.36073				2
2025.06.25	00:38:50.659	1.36083	1.36251			6
2025.06.25	00:39:00.188	1.36083				2
2025.06.25	00:39:18.670		1.36250			4
2025.06.25	00:39:21.126		1.36242			4
2025.06.25	00:39:58.328		1.36222			4
2025.06.25	00:40:00.168	1.36083				2
2025.06.25	00:40:58.613		1.36222			4
2025.06.25	00:41:00.155	1.36083				2
2025.06.25	00:41:58.621		1.36222			4
2025.06.25	00:42:00.160	1.36083				2
2025.06.25	00:42:10.645		1.36242			4
2025.06.25	00:42:11.570		1.36241			4
2025.06.25	00:42:14.954	1.36075	1.36214			6
2025.06.25	00:42:15.259	1.36076	1.36209			6
2025.06.25	00:42:54.978	1.36084				2
2025.06.25	00:43:00.221	1.36084				2
2025.06.25	00:43:15.278		1.36209			4
2025.06.25	00:44:00.123	1.36084				2
2025.06.25	00:44:15.486		1.36209			4
2025.06.25	00:45:00.121	1.36084				2
2025.06.25	00:45:01.966	1.36076				2
2025.06.25	00:45:04.738	1.36084				2
2025.06.25	00:45:09.679	1.36100	1.36193			6
2025.06.25	00:46:00.069	1.36100				2
2025.06.25	00:46:09.909		1.36193			4
2025.06.25	00:47:00.001	1.36100				2
2025.06.25	00:47:02.151	1.36092				2
2025.06.25	00:47:04.609	1.36100				2
2025.06.25	00:47:10.148		1.36193			4
2025.06.25	00:48:00.008	1.36100				2
2025.06.25	00:48:10.175		1.36193			4
2025.06.25	00:48:57.629	1.36101				2
2025.06.25	00:49:00.090	1.36101				2
2025.06.25	00:49:08.395	1.36100				2
2025.06.25	00:49:10.238		1.36193			4
2025.06.25	00:49:16.680	1.36101				2
2025.06.25	00:49:34.814	1.36100				2
2025.06.25	00:50:00.012	1.36100				2
2025.06.25	00:50:07.094	1.36103				2
2025.06.25	00:50:07.402	1.36117	1.36245			6
2025.06.25	00:50:07.703	1.36111				2
2025.06.25	00:50:09.865	1.36109				2
2025.06.25	00:50:12.948	1.36105				2
2025.06.25	00:50:13.257	1.36103				2
2025.06.25	00:50:14.796	1.36102				2
2025.06.25	00:50:16.331	1.36099				2
2025.06.25	00:50:17.870		1.36243			4
2025.06.25	00:50:18.176		1.36244			4
2025.06.25	00:50:19.100		1.36242			4
2025.06.25	00:50:20.021		1.36244			4
2025.06.25	00:50:20.633		1.36242			4
2025.06.25	00:50:20.942		1.36238			4
2025.06.25	00:50:21.555		1.36242			4
2025.06.25	00:50:21.864		1.36240			4
2025.06.25	00:50:22.783		1.36238			4
2025.06.25	00:50:23.398		1.36236			4
2025.06.25	00:50:24.013		1.36242			4
2025.06.25	00:50:24.630		1.36240			4
2025.06.25	00:50:25.242		1.36241			4
2025.06.25	00:50:26.164		1.36242			4
2025.06.25	00:50:26.472		1.36240			4
2025.06.25	00:50:28.622		1.36241			4
2025.06.25	00:50:28.931		1.36240			4
2025.06.25	00:50:33.539		1.36155			4
2025.06.25	00:50:34.152		1.36150			4
2025.06.25	00:50:35.676		1.36148			4
2025.06.25	00:51:00.299	1.36099				2
2025.06.25	00:51:04.558	1.36100				2
2025.06.25	00:51:04.861	1.36108				2
2025.06.25	00:51:05.469	1.36100				2
2025.06.25	00:51:35.968		1.36148			4
2025.06.25	00:52:00.082	1.36100				2
2025.06.25	00:52:36.028		1.36148			4
2025.06.25	00:52:36.335		1.36149			4
2025.06.25	00:53:00.060	1.36100				2
2025.06.25	00:53:01.289	1.36108				2
2025.06.25	00:53:34.896		1.36154			4
2025.06.25	00:53:53.377	1.36109				2
2025.06.25	00:53:54.911	1.36100	1.36150			6
2025.06.25	00:54:00.158	1.36100				2
2025.06.25	00:54:20.470	1.36101				2
2025.06.25	00:54:40.788		1.36149			4
2025.06.25	00:54:48.481		1.36150			4
2025.06.25	00:54:50.332		1.36149			4
2025.06.25	00:54:57.117	1.36102				2
2025.06.25	00:55:00.181	1.36102				2
2025.06.25	00:55:01.717	1.36103				2
2025.06.25	00:55:02.333	1.36109				2
2025.06.25	00:55:02.951		1.36152			4
2025.06.25	00:55:07.267		1.36149			4
2025.06.25	00:55:12.504		1.36152			4
2025.06.25	00:55:18.979		1.36149			4
2025.06.25	00:55:20.516		1.36148			4
2025.06.25	00:55:29.142		1.36147			4
2025.06.25	00:55:32.537		1.36148			4
2025.06.25	00:55:50.709		1.36149			4
2025.06.25	00:55:52.567		1.36151			4
2025.06.25	00:55:52.873		1.36147			4
2025.06.25	00:56:00.293	1.36109				2
2025.06.25	00:56:01.836		1.36151			4
2025.06.25	00:56:25.282		1.36150			4
2025.06.25	00:57:00.190	1.36105				2
2025.06.25	00:57:00.496	1.36109				2
2025.06.25	00:57:00.804	1.36104				2
2025.06.25	00:57:01.114	1.36109				2
2025.06.25	00:57:02.036	1.36105				2
2025.06.25	00:57:14.343	1.36109				2
2025.06.25	00:57:14.649	1.36105				2
2025.06.25	00:57:14.958	1.36109				2
2025.06.25	00:57:18.654	1.36105				2
2025.06.25	00:57:19.888	1.36109				2
2025.06.25	00:57:25.434		1.36150			4
2025.06.25	00:57:40.524		1.36149			4
2025.06.25	00:57:56.839	1.36106				2
2025.06.25	00:58:00.237	1.36106				2
2025.06.25	00:58:40.631		1.36149			4
2025.06.25	00:58:44.641	1.36107				2
2025.06.25	00:58:54.523	1.36106				2
2025.06.25	00:59:00.070	1.36106				2
2025.06.25	00:59:20.407		1.36148			4
2025.06.25	01:00:00.180	1.36113	1.36136			6
2025.06.25	01:00:01.394	1.36123	1.36135			6
2025.06.25	01:00:02.006	1.36101	1.36140			6
2025.06.25	01:00:02.307	1.36111	1.36149			6
2025.06.25	01:00:02.610	1.36106	1.36154			6
2025.06.25	01:00:02.914	1.36105	1.36153			6
2025.06.25	01:00:03.223	1.36107	1.36156			6
2025.06.25	01:00:03.840	1.36102				2
2025.06.25	01:00:04.146		1.36155			4
2025.06.25	01:00:04.450	1.36101	1.36153			6
2025.06.25	01:00:04.756	1.36102	1.36154			6
2025.06.25	01:00:05.072	1.36105	1.36140			6
2025.06.25	01:00:06.917	1.36112				2
2025.06.25	01:00:09.379		1.36143			4
2025.06.25	01:00:12.136	1.36117				2
2025.06.25	01:00:13.653	1.36116				2
2025.06.25	01:00:13.969	1.36132	1.36140			6
2025.06.25	01:00:16.419	1.36133				2
2025.06.25	01:00:18.248	1.36134				2
2025.06.25	01:00:18.550	1.36131	1.36138			6
2025.06.25	01:00:18.856	1.36116	1.36140			6
2025.06.25	01:00:20.086	1.36117				2
2025.06.25	01:00:21.621	1.36122				2
2025.06.25	01:00:21.928	1.36114	1.36139			6
2025.06.25	01:00:22.234	1.36131				2
2025.06.25	01:00:22.848	1.36114				2
2025.06.25	01:00:25.297	1.36115				2
2025.06.25	01:00:25.602	1.36114	1.36145			6
2025.06.25	01:00:25.905		1.36147			4
2025.06.25	01:00:26.219	1.36113	1.36145			6
2025.06.25	01:00:28.062	1.36114				2
2025.06.25	01:00:29.297	1.36115				2
2025.06.25	01:00:29.913	1.36127	1.36137			6
2025.06.25	01:00:30.219	1.36129	1.36145			6
2025.06.25	01:00:30.524	1.36130				2
2025.06.25	01:00:32.363	1.36129				2
2025.06.25	01:00:32.980		1.36144			4
2025.06.25	01:00:33.290		1.36143			4
2025.06.25	01:00:33.592		1.36144			4
2025.06.25	01:00:33.907	1.36128				2
2025.06.25	01:00:34.214	1.36129	1.36143			6
2025.06.25	01:00:37.297	1.36130	1.36144			6
2025.06.25	01:00:41.584	1.36135	1.36138			6
2025.06.25	01:00:42.860	1.36134	1.36137			6
2025.06.25	01:00:46.818	1.36135	1.36138			6
2025.06.25	01:00:47.428	1.36138	1.36146			6
2025.06.25	01:00:47.732		1.36140			4
2025.06.25	01:00:48.340		1.36139			4
2025.06.25	01:00:50.784	1.36143	1.36150			6
2025.06.25	01:00:55.090	1.36142	1.36143			6
2025.06.25	01:00:55.702	1.36143	1.36144			6
2025.06.25	01:00:56.313	1.36142	1.36145			6
2025.06.25	01:00:56.615	1.36141	1.36144			6
2025.06.25	01:00:56.925	1.36142	1.36145			6
2025.06.25	01:01:00.277	1.36148	1.36149			6
2025.06.25	01:01:01.190	1.36146	1.36148			6
2025.06.25	01:01:03.327	1.36147				2
2025.06.25	01:01:06.363	1.36148	1.36149			6
2025.06.25	01:01:18.600	1.36147	1.36148			6
2025.06.25	01:01:27.771	1.36145	1.36147			6
2025.06.25	01:01:28.073	1.36146				2
2025.06.25	01:01:29.597		1.36148			4
2025.06.25	01:01:30.202	1.36147				2
2025.06.25	01:01:33.872	1.36146				2
2025.06.25	01:01:38.457	1.36147				2
2025.06.25	01:01:39.376	1.36148	1.36149			6
2025.06.25	01:02:00.107	1.36148				2
2025.06.25	01:02:03.443		1.36150			4
2025.06.25	01:02:10.490	1.36149				2
2025.06.25	01:02:11.114	1.36148				2
2025.06.25	01:02:12.640	1.36149				2
2025.06.25	01:02:14.477	1.36148				2
2025.06.25	01:02:25.154	1.36149				2
2025.06.25	01:02:28.856	1.36148				2
2025.06.25	01:02:37.998	1.36149				2
2025.06.25	01:02:42.851	1.36148				2
2025.06.25	01:02:43.459	1.36149				2
2025.06.25	01:02:59.288	1.36148	1.36149			6
2025.06.25	01:02:59.894	1.36146				2
2025.06.25	01:03:00.199	1.36145				2
2025.06.25	01:03:01.107	1.36144				2
2025.06.25	01:03:02.652	1.36143				2
2025.06.25	01:03:03.268	1.36145	1.36150			6
2025.06.25	01:03:05.105	1.36146	1.36151			6
2025.06.25	01:03:07.252		1.36150			4
2025.06.25	01:03:07.868	1.36147	1.36151			6
2025.06.25	01:03:09.090	1.36146				2
2025.06.25	01:03:10.318	1.36147				2
2025.06.25	01:03:13.356	1.36148				2
2025.06.25	01:03:17.009	1.36149				2
2025.06.25	01:03:18.225	1.36148				2
2025.06.25	01:03:19.138	1.36149				2
2025.06.25	01:03:21.576	1.36146				2
2025.06.25	01:03:22.183		1.36150			4
2025.06.25	01:03:23.090	1.36142	1.36151			6
2025.06.25	01:03:23.394		1.36149			4
2025.06.25	01:03:27.379	1.36143				2
2025.06.25	01:03:27.694	1.36142				2
2025.06.25	01:03:28.306	1.36143				2
2025.06.25	01:03:30.161	1.36141	1.36144			6
2025.06.25	01:03:31.382	1.36140				2
2025.06.25	01:03:34.145	1.36141				2
2025.06.25	01:03:34.762	1.36140				2
2025.06.25	01:03:35.677	1.36139				2
2025.06.25	01:03:37.214	1.36140				2
2025.06.25	01:03:37.529		1.36143			4
2025.06.25	01:03:39.366	1.36141				2
2025.06.25	01:03:41.213	1.36142				2
2025.06.25	01:03:43.058	1.36141				2
2025.06.25	01:03:49.763	1.36142				2
2025.06.25	01:04:00.177	1.36142				2
2025.06.25	01:04:04.451	1.36141				2
2025.06.25	01:04:05.377	1.36142				2
2025.06.25	01:04:06.905	1.36141				2
2025.06.25	01:04:16.698	1.36140	1.36142			6
2025.06.25	01:04:17.922	1.36141				2
2025.06.25	01:04:22.222	1.36140				2
2025.06.25	01:04:22.526	1.36141				2
2025.06.25	01:04:33.544	1.36140				2
2025.06.25	01:04:33.846	1.36141				2
2025.06.25	01:04:35.079	1.36140				2
2025.06.25	01:04:35.990	1.36141				2
2025.06.25	01:04:44.280	1.36140				2
2025.06.25	01:04:47.357	1.36141	1.36144			6
2025.06.25	01:04:47.665	1.36142	1.36145			6
2025.06.25	01:04:48.277	1.36139	1.36147			6
2025.06.25	01:04:49.194	1.36140				2
2025.06.25	01:04:50.123		1.36146			4
2025.06.25	01:04:51.353	1.36141				2
2025.06.25	01:04:52.274		1.36145			4
2025.06.25	01:04:53.191		1.36146			4
2025.06.25	01:04:54.111		1.36145			4
2025.06.25	01:04:54.720		1.36142			4
2025.06.25	01:04:56.258	1.36142	1.36143			6
2025.06.25	01:05:00.240	1.36144	1.36146			6
2025.06.25	01:05:00.541	1.36145				2
2025.06.25	01:05:01.162	1.36140				2
2025.06.25	01:05:01.475	1.36139				2
2025.06.25	01:05:02.390	1.36140				2
2025.06.25	01:05:11.287	1.36141				2
2025.06.25	01:05:12.211	1.36142				2
2025.06.25	01:05:15.271	1.36143				2
2025.06.25	01:05:24.439	1.36144				2
2025.06.25	01:05:25.363	1.36143				2
2025.06.25	01:05:26.274	1.36144				2
2025.06.25	01:05:27.801	1.36143				2
2025.06.25	01:05:44.941	1.36144	1.36147			6
2025.06.25	01:05:58.984	1.36143	1.36146			6
2025.06.25	01:06:00.211	1.36143				2
2025.06.25	01:06:01.439	1.36142	1.36145			6
2025.06.25	01:06:02.358	1.36141	1.36144			6
2025.06.25	01:06:05.408	1.36143	1.36146			6
2025.06.25	01:06:06.329	1.36140	1.36147			6
2025.06.25	01:06:10.311		1.36146			4
2025.06.25	01:06:11.223	1.36141	1.36145			6
2025.06.25	01:06:13.370	1.36142				2
2025.06.25	01:06:40.874	1.36141	1.36144			6
2025.06.25	01:06:41.182	1.36138	1.36147			6
2025.06.25	01:06:42.417		1.36146			4
2025.06.25	01:06:43.342	1.36139	1.36145			6
2025.06.25	01:06:44.254	1.36140				2
2025.06.25	01:06:45.182		1.36144			4
2025.06.25	01:06:47.323	1.36141				2
2025.06.25	01:07:00.155	1.36141				2
2025.06.25	01:07:03.531	1.36140	1.36142			6
2025.06.25	01:07:05.982		1.36143			4
2025.06.25	01:07:08.745	1.36142	1.36145			6
2025.06.25	01:07:09.363	1.36138	1.36147			6
2025.06.25	01:07:13.366	1.36139				2
2025.06.25	01:07:15.218	1.36140	1.36146			6
2025.06.25	01:07:16.133	1.36141				2
2025.06.25	01:07:17.358		1.36145			4
2025.06.25	01:07:18.277	1.36142				2
2025.06.25	01:07:26.841	1.36141	1.36144			6
2025.06.25	01:07:32.359	1.36142	1.36145			6
2025.06.25	01:07:40.906	1.36141	1.36144			6
2025.06.25	01:07:42.128	1.36138	1.36146			6
2025.06.25	01:07:42.740	1.36139				2
2025.06.25	01:07:43.346	1.36140				2
2025.06.25	01:07:44.267	1.36138				2
2025.06.25	01:07:48.255	1.36139				2
2025.06.25	01:07:49.171	1.36140				2
2025.06.25	01:07:50.099	1.36141				2
2025.06.25	01:07:51.333		1.36145			4
2025.06.25	01:07:51.640	1.36142	1.36146			6
2025.06.25	01:07:52.257		1.36145			4
2025.06.25	01:07:52.565	1.36141	1.36144			6
2025.06.25	01:07:53.177	1.36138	1.36146			6
2025.06.25	01:08:00.239	1.36138				2
2025.06.25	01:08:02.411	1.36139				2
2025.06.25	01:08:03.332		1.36145			4
2025.06.25	01:08:05.314	1.36140				2
2025.06.25	01:08:06.243		1.36144			4
2025.06.25	01:08:07.165	1.36141				2
2025.06.25	01:08:12.384	1.36142	1.36145			6
2025.06.25	01:08:12.688	1.36141	1.36144			6
2025.06.25	01:08:14.198	1.36139	1.36145			6
2025.06.25	01:08:15.114	1.36140				2
2025.06.25	01:08:16.347		1.36144			4
2025.06.25	01:08:17.266	1.36141				2
2025.06.25	01:08:27.036	1.36142	1.36145			6
2025.06.25	01:08:28.264	1.36140	1.36146			6
2025.06.25	01:08:29.193	1.36141				2
2025.06.25	01:08:29.497	1.36140	1.36145			6
2025.06.25	01:08:29.804	1.36141	1.36146			6
2025.06.25	01:08:30.120	1.36142				2
2025.06.25	01:08:30.427	1.36141	1.36145			6
2025.06.25	01:08:31.357		1.36146			4
2025.06.25	01:08:32.280		1.36145			4
2025.06.25	01:08:33.203	1.36142				2
2025.06.25	01:08:38.085	1.36143	1.36146			6
2025.06.25	01:08:42.673	1.36141	1.36144			6
2025.06.25	01:08:43.278	1.36142	1.36145			6
2025.06.25	01:08:43.581	1.36141	1.36144			6
2025.06.25	01:08:44.190	1.36140	1.36147			6
2025.06.25	01:08:45.107		1.36146			4
2025.06.25	01:08:46.348	1.36141	1.36145			6
2025.06.25	01:08:47.275	1.36142				2
2025.06.25	01:08:53.396	1.36144	1.36147			6
2025.06.25	01:08:54.306	1.36139				2
2025.06.25	01:08:58.317	1.36140				2
2025.06.25	01:08:59.244	1.36141				2
2025.06.25	01:09:00.168	1.36142				2
2025.06.25	01:09:01.403	1.36143				2
2025.06.25	01:09:02.308	1.36144				2
2025.06.25	01:09:02.612	1.36143	1.36146			6
2025.06.25	01:09:03.225	1.36142	1.36145			6
2025.06.25	01:09:04.147	1.36140	1.36147			6
2025.06.25	01:09:11.265		1.36146			4
2025.06.25	01:09:12.189	1.36141	1.36145			6
2025.06.25	01:09:13.107	1.36142				2
2025.06.25	01:09:24.414	1.36143	1.36146			6
2025.06.25	01:09:29.003	1.36142	1.36145			6
2025.06.25	01:09:37.250	1.36143	1.36146			6
2025.06.25	01:09:54.314	1.36142	1.36145			6
2025.06.25	01:09:57.073	1.36130	1.36133			6
2025.06.25	01:09:57.381	1.36134	1.36137			6
2025.06.25	01:09:58.296	1.36133	1.36140			6
2025.06.25	01:09:58.614	1.36130				2
2025.06.25	01:10:00.156	1.36130				2
2025.06.25	01:10:05.127	1.36131				2
2025.06.25	01:10:06.360	1.36132	1.36139			6
2025.06.25	01:10:07.310		1.36138			4
2025.06.25	01:10:07.614	1.36138	1.36143			6
2025.06.25	01:10:08.237	1.36139				2
2025.06.25	01:10:09.182	1.36136				2
2025.06.25	01:10:10.111	1.36137				2
2025.06.25	01:10:12.274	1.36138				2
2025.06.25	01:10:14.138	1.36139				2
2025.06.25	01:10:18.118	1.36140				2
2025.06.25	01:10:30.598	1.36142	1.36145			6
2025.06.25	01:11:00.252	1.36142				2
2025.06.25	01:11:30.601		1.36145			4
2025.06.25	01:11:43.871	1.36141	1.36144			6
2025.06.25	01:12:00.270	1.36141				2
2025.06.25	01:12:13.872	1.36140	1.36141			6
2025.06.25	01:12:14.173	1.36139				2
2025.06.25	01:12:20.038	1.36131	1.36135			6
2025.06.25	01:12:20.344	1.36130	1.36134			6
2025.06.25	01:12:21.286	1.36128	1.36137			6
2025.06.25	01:12:25.284	1.36127				2
2025.06.25	01:12:27.136	1.36128				2
2025.06.25	01:12:28.379		1.36136			4
2025.06.25	01:12:29.294	1.36129				2
2025.06.25	01:12:30.223		1.36135			4
2025.06.25	01:12:31.154	1.36130				2
2025.06.25	01:12:33.318		1.36134			4
2025.06.25	01:12:35.169	1.36131				2
2025.06.25	01:12:35.476	1.36134	1.36137			6
2025.06.25	01:12:35.777	1.36135	1.36138			6
2025.06.25	01:12:36.395	1.36133	1.36139			6
2025.06.25	01:12:38.255	1.36134				2
2025.06.25	01:12:39.173		1.36138			4
2025.06.25	01:12:42.267	1.36135				2
2025.06.25	01:12:43.189	1.36136	1.36139			6
2025.06.25	01:12:48.352	1.36135	1.36138			6
2025.06.25	01:12:51.399	1.36136	1.36139			6
2025.06.25	01:12:55.352	1.36135	1.36138			6
2025.06.25	01:12:56.267	1.36136	1.36139			6
2025.06.25	01:12:56.880	1.36135	1.36138			6
2025.06.25	01:13:00.241	1.36135				2
2025.06.25	01:13:00.543	1.36134	1.36137			6
2025.06.25	01:13:02.681	1.36135	1.36138			6
2025.06.25	01:13:05.720	1.36131	1.36134			6
2025.06.25	01:13:06.339	1.36130	1.36135			6
2025.06.25	01:13:07.256		1.36134			4
2025.06.25	01:13:09.115	1.36131				2
2025.06.25	01:13:22.835		1.36132			4
2025.06.25	01:13:25.600	1.36130				2
2025.06.25	01:13:26.832	1.36129	1.36130			6
2025.06.25	01:13:28.364	1.36130	1.36133			6
2025.06.25	01:14:00.024	1.36130				2
2025.06.25	01:14:01.881	1.36132	1.36135			6
2025.06.25	01:14:02.185	1.36131	1.36137			6
2025.06.25	01:14:03.119	1.36132				2
2025.06.25	01:14:04.348		1.36136			4
2025.06.25	01:14:07.137	1.36133				2
2025.06.25	01:14:11.469	1.36134	1.36137			6
2025.06.25	01:15:00.251	1.36134				2
2025.06.25	01:15:04.286	1.36135				2
2025.06.25	01:15:04.900	1.36134				2
2025.06.25	01:15:11.684		1.36137			4
2025.06.25	01:15:12.920	1.36135				2
2025.06.25	01:15:13.228	1.36134				2
2025.06.25	01:15:13.543	1.36135				2
2025.06.25	01:15:15.702	1.36134				2
2025.06.25	01:15:16.632	1.36135				2
2025.06.25	01:15:17.860	1.36134				2
2025.06.25	01:15:18.173	1.36133				2
2025.06.25	01:15:19.419	1.36134				2
2025.06.25	01:15:19.725	1.36133				2
2025.06.25	01:15:27.138	1.36134				2
2025.06.25	01:15:40.430		1.36136			4
2025.06.25	01:15:50.748	1.36133				2
2025.06.25	01:16:00.030	1.36133				2
2025.06.25	01:16:14.602	1.36134	1.36137			6
2025.06.25	01:16:17.392	1.36133				2
2025.06.25	01:16:20.482	1.36136				2
2025.06.25	01:16:21.422	1.36135				2
2025.06.25	01:16:23.899	1.36136				2
2025.06.25	01:16:25.758	1.36137	1.36138			6
2025.06.25	01:16:49.384	1.36136	1.36137			6
2025.06.25	01:16:49.687	1.36134				2
2025.06.25	01:16:50.300	1.36131				2
2025.06.25	01:16:53.710		1.36136			4
2025.06.25	01:16:56.197	1.36132				2
2025.06.25	01:16:57.125	1.36133				2
2025.06.25	01:16:58.055	1.36132				2
2025.06.25	01:17:00.216	1.36132				2
2025.06.25	01:17:01.144	1.36133				2
2025.06.25	01:17:03.596	1.36137	1.36138			6
2025.06.25	01:17:04.512	1.36134	1.36137			6
2025.06.25	01:17:05.119		1.36136			4
2025.06.25	01:17:06.038		1.36137			4
2025.06.25	01:17:14.571	1.36137	1.36138			6
2025.06.25	01:17:14.876	1.36136	1.36137			6
2025.06.25	01:17:15.501	1.36137	1.36138			6
2025.06.25	01:17:16.731	1.36138	1.36139			6
2025.06.25	01:17:18.257	1.36139	1.36140			6
