<DATE>	<TIME>	<BID>	<ASK>	<LAST>	<VOLUME>	<FLAGS>
2025.06.19	00:03:31.362	1.34159	1.34323			6
2025.06.19	00:03:35.666		1.34324			4
2025.06.19	00:03:47.040	1.34158				2
2025.06.19	00:03:55.975	1.34159				2
2025.06.19	00:03:56.902	1.34158				2
2025.06.19	00:04:00.268	1.34158				2
2025.06.19	00:04:35.814		1.34324			4
2025.06.19	00:05:00.114	1.34158				2
2025.06.19	00:05:05.068		1.34265			4
2025.06.19	00:05:07.811		1.34262			4
2025.06.19	00:05:08.418		1.34264			4
2025.06.19	00:05:26.100		1.34265			4
2025.06.19	00:05:34.958		1.34266			4
2025.06.19	00:06:00.308	1.34158	1.34267			6
2025.06.19	00:06:42.475		1.34268			4
2025.06.19	00:06:50.467		1.34325			4
2025.06.19	00:06:50.773	1.34164	1.34302			6
2025.06.19	00:06:51.078	1.34167	1.34295			6
2025.06.19	00:06:51.386	1.34166	1.34294			6
2025.06.19	00:06:51.690		1.34293			4
2025.06.19	00:06:52.302	1.34165	1.34292			6
2025.06.19	00:06:53.224	1.34160	1.34286			6
2025.06.19	00:06:53.525		1.34285			4
2025.06.19	00:06:53.831	1.34161	1.34287			6
2025.06.19	00:06:54.143		1.34286			4
2025.06.19	00:06:54.448	1.34160	1.34285			6
2025.06.19	00:06:54.751		1.34284			4
2025.06.19	00:06:55.363	1.34161	1.34286			6
2025.06.19	00:06:55.667	1.34160	1.34283			6
2025.06.19	00:06:55.979	1.34161	1.34285			6
2025.06.19	00:06:56.281	1.34160	1.34283			6
2025.06.19	00:06:56.592	1.34161	1.34284			6
2025.06.19	00:06:56.893	1.34160	1.34283			6
2025.06.19	00:06:57.198	1.34161	1.34285			6
2025.06.19	00:06:58.412		1.34283			4
2025.06.19	00:06:59.644		1.34281			4
2025.06.19	00:06:59.948		1.34284			4
2025.06.19	00:07:00.249	1.34160	1.34279			6
2025.06.19	00:07:05.459	1.34161	1.34280			6
2025.06.19	00:07:09.133		1.34281			4
2025.06.19	00:07:09.439	1.34160	1.34279			6
2025.06.19	00:07:09.750	1.34161	1.34281			6
2025.06.19	00:07:10.054	1.34160	1.34279			6
2025.06.19	00:07:10.359	1.34161	1.34281			6
2025.06.19	00:07:10.972	1.34160	1.34279			6
2025.06.19	00:07:11.279	1.34161	1.34281			6
2025.06.19	00:07:12.501	1.34160	1.34279			6
2025.06.19	00:07:12.810	1.34161	1.34281			6
2025.06.19	00:07:14.336	1.34160	1.34279			6
2025.06.19	00:07:14.641	1.34161	1.34281			6
2025.06.19	00:07:15.252	1.34159	1.34279			6
2025.06.19	00:07:25.346	1.34161	1.34281			6
2025.06.19	00:07:29.628	1.34182	1.34280			6
2025.06.19	00:07:29.935		1.34281			4
2025.06.19	00:07:33.596		1.34280			4
2025.06.19	00:08:00.227	1.34182	1.34281			6
2025.06.19	00:08:03.618		1.34283			4
2025.06.19	00:08:19.938	1.34159	1.34280			6
2025.06.19	00:08:20.245	1.34158	1.34282			6
2025.06.19	00:08:20.858	1.34160	1.34281			6
2025.06.19	00:08:24.550	1.34159	1.34279			6
2025.06.19	00:08:33.491	1.34151	1.34278			6
2025.06.19	00:08:33.798	1.34148				2
2025.06.19	00:08:34.247	1.34152				2
2025.06.19	00:08:34.555	1.34155	1.34297			6
2025.06.19	00:08:36.706	1.34149	1.34298			6
2025.06.19	00:08:39.786	1.34139	1.34280			6
2025.06.19	00:08:41.635		1.34279			4
2025.06.19	00:08:45.634		1.34277			4
2025.06.19	00:08:45.944		1.34275			4
2025.06.19	00:08:46.558		1.34280			4
2025.06.19	00:08:47.791		1.34278			4
2025.06.19	00:08:48.407		1.34272			4
2025.06.19	00:08:48.714		1.34270			4
2025.06.19	00:08:49.634	1.34138				2
2025.06.19	00:08:50.546		1.34272			4
2025.06.19	00:08:51.771		1.34273			4
2025.06.19	00:08:53.604		1.34271			4
2025.06.19	00:08:57.594		1.34270			4
2025.06.19	00:09:00.051	1.34138				2
2025.06.19	00:09:00.359	1.34139				2
2025.06.19	00:09:01.898		1.34273			4
2025.06.19	00:09:04.047		1.34272			4
2025.06.19	00:09:04.358	1.34130	1.34303			6
2025.06.19	00:09:04.663	1.34138	1.34296			6
2025.06.19	00:09:11.087	1.34139				2
2025.06.19	00:09:12.932		1.34297			4
2025.06.19	00:09:20.275		1.34296			4
2025.06.19	00:09:20.897		1.34294			4
2025.06.19	00:09:23.044		1.34295			4
2025.06.19	00:09:31.905		1.34296			4
2025.06.19	00:09:38.639		1.34293			4
2025.06.19	00:09:40.167	1.34138				2
2025.06.19	00:09:41.698		1.34294			4
2025.06.19	00:09:45.977	1.34137				2
2025.06.19	00:09:49.036		1.34292			4
2025.06.19	00:09:51.787	1.34136				2
2025.06.19	00:09:52.707		1.34295			4
2025.06.19	00:09:58.822	1.34135				2
2025.06.19	00:10:00.044	1.34135				2
2025.06.19	00:10:00.348	1.34140	1.34293			6
2025.06.19	00:10:01.576	1.34135	1.34327			6
2025.06.19	00:10:01.885	1.34129	1.34321			6
2025.06.19	00:10:02.193	1.34121	1.34313			6
2025.06.19	00:10:02.499	1.34119	1.34311			6
2025.06.19	00:10:02.803	1.34122	1.34314			6
2025.06.19	00:10:03.117	1.34123	1.34315			6
2025.06.19	00:10:03.418	1.34126	1.34318			6
2025.06.19	00:10:04.027	1.34128	1.34320			6
2025.06.19	00:10:04.337	1.34096	1.34268			6
2025.06.19	00:10:04.638	1.34126				2
2025.06.19	00:10:05.253	1.34129				2
2025.06.19	00:10:05.563	1.34130				2
2025.06.19	00:10:06.175	1.34129				2
2025.06.19	00:10:06.480	1.34128				2
2025.06.19	00:10:06.785	1.34144				2
2025.06.19	00:10:07.090	1.34145				2
2025.06.19	00:10:07.393	1.34128	1.34308			6
2025.06.19	00:10:07.941	1.34130				2
2025.06.19	00:10:08.557	1.34132				2
2025.06.19	00:10:08.858	1.34128	1.34296			6
2025.06.19	00:10:09.172		1.34304			4
2025.06.19	00:10:09.473	1.34130	1.34308			6
2025.06.19	00:10:09.781	1.34128				2
2025.06.19	00:10:10.533	1.34136				2
2025.06.19	00:10:10.838	1.34133				2
2025.06.19	00:10:11.448	1.34140	1.34332			6
2025.06.19	00:10:11.760	1.34136	1.34328			6
2025.06.19	00:10:12.977	1.34104	1.34296			6
2025.06.19	00:10:13.282	1.34128	1.34320			6
2025.06.19	00:10:13.584	1.34131	1.34323			6
2025.06.19	00:10:13.895	1.34130	1.34322			6
2025.06.19	00:10:14.199	1.34141	1.34333			6
2025.06.19	00:10:14.508	1.34130	1.34322			6
2025.06.19	00:10:15.114	1.34134	1.34326			6
2025.06.19	00:10:16.028	1.34136	1.34328			6
2025.06.19	00:10:16.640	1.34138	1.34330			6
2025.06.19	00:10:16.948	1.34142	1.34334			6
2025.06.19	00:10:17.862	1.34139	1.34331			6
2025.06.19	00:10:18.167	1.34138	1.34330			6
2025.06.19	00:10:19.083	1.34137	1.34329			6
2025.06.19	00:10:20.003	1.34114	1.34306			6
2025.06.19	00:10:20.309	1.34128	1.34320			6
2025.06.19	00:10:20.616	1.34136	1.34328			6
2025.06.19	00:10:20.922	1.34138	1.34330			6
2025.06.19	00:10:21.228	1.34133	1.34325			6
2025.06.19	00:10:21.541	1.34130	1.34322			6
2025.06.19	00:10:21.844	1.34143	1.34335			6
2025.06.19	00:10:22.155	1.34144	1.34336			6
2025.06.19	00:10:22.456	1.34149	1.34341			6
2025.06.19	00:10:22.762	1.34154	1.34346			6
2025.06.19	00:10:23.066	1.34155	1.34347			6
2025.06.19	00:10:24.591	1.34154	1.34346			6
2025.06.19	00:10:27.035	1.34155	1.34347			6
2025.06.19	00:10:30.704	1.34154	1.34346			6
2025.06.19	00:10:35.308	1.34155	1.34347			6
2025.06.19	00:10:38.976	1.34154	1.34346			6
2025.06.19	00:10:39.281	1.34155	1.34347			6
2025.06.19	00:10:43.860	1.34154	1.34346			6
2025.06.19	00:10:44.463	1.34152	1.34344			6
2025.06.19	00:10:44.771	1.34154	1.34346			6
2025.06.19	00:10:46.305	1.34155	1.34347			6
2025.06.19	00:10:47.530	1.34154	1.34346			6
2025.06.19	00:10:49.978	1.34155	1.34347			6
2025.06.19	00:10:54.580	1.34154	1.34346			6
2025.06.19	00:11:00.094	1.34154				2
2025.06.19	00:11:03.143	1.34152	1.34344			6
2025.06.19	00:11:03.750	1.34144	1.34275			6
2025.06.19	00:11:04.057	1.34140	1.34304			6
2025.06.19	00:11:04.359		1.34281			4
2025.06.19	00:11:04.660	1.34144	1.34277			6
2025.06.19	00:11:04.972		1.34281			4
2025.06.19	00:11:05.277	1.34146	1.34275			6
2025.06.19	00:11:05.579	1.34144	1.34276			6
2025.06.19	00:11:05.881		1.34275			4
2025.06.19	00:11:06.500	1.34140	1.34262			6
2025.06.19	00:11:06.812	1.34144	1.34336			6
2025.06.19	00:11:07.117	1.34148	1.34340			6
2025.06.19	00:11:07.425	1.34146	1.34338			6
2025.06.19	00:11:07.727	1.34142	1.34267			6
2025.06.19	00:11:08.030	1.34148				2
2025.06.19	00:11:08.338	1.34136	1.34275			6
2025.06.19	00:11:08.639	1.34141				2
2025.06.19	00:11:08.947	1.34147				2
2025.06.19	00:11:09.252	1.34138	1.34280			6
2025.06.19	00:11:09.560		1.34281			4
2025.06.19	00:11:09.863	1.34141	1.34262			6
2025.06.19	00:11:10.167	1.34148	1.34279			6
2025.06.19	00:11:10.470	1.34144				2
2025.06.19	00:11:12.006	1.34148	1.34275			6
2025.06.19	00:11:12.315		1.34340			4
2025.06.19	00:11:12.621		1.34278			4
2025.06.19	00:11:12.924	1.34149	1.34290			6
2025.06.19	00:11:13.232	1.34148				2
2025.06.19	00:11:13.538	1.34147				2
2025.06.19	00:11:13.845		1.34339			4
2025.06.19	00:11:14.153	1.34150	1.34342			6
2025.06.19	00:11:14.461	1.34144	1.34336			6
2025.06.19	00:11:14.763	1.34139	1.34280			6
2025.06.19	00:11:15.067		1.34311			4
2025.06.19	00:11:15.371	1.34152	1.34286			6
2025.06.19	00:11:15.678		1.34278			4
2025.06.19	00:11:15.982		1.34298			4
2025.06.19	00:11:16.292		1.34287			4
2025.06.19	00:11:16.598	1.34148				2
2025.06.19	00:11:16.900	1.34152	1.34307			6
2025.06.19	00:11:17.202	1.34151	1.34266			6
2025.06.19	00:11:17.503	1.34152				2
2025.06.19	00:11:17.805		1.34267			4
2025.06.19	00:11:18.112	1.34128	1.34268			6
2025.06.19	00:11:18.418	1.34144	1.34281			6
2025.06.19	00:11:18.724		1.34275			4
2025.06.19	00:11:19.029		1.34304			4
2025.06.19	00:11:19.336		1.34261			4
2025.06.19	00:11:19.640	1.34140	1.34278			6
2025.06.19	00:11:19.946	1.34150	1.34280			6
2025.06.19	00:11:20.252	1.34142	1.34308			6
2025.06.19	00:11:20.557	1.34141	1.34287			6
2025.06.19	00:11:20.866	1.34143	1.34335			6
2025.06.19	00:11:21.172	1.34150	1.34342			6
2025.06.19	00:11:21.779		1.34307			4
2025.06.19	00:11:22.084	1.34146	1.34275			6
2025.06.19	00:11:22.389	1.34149	1.34290			6
2025.06.19	00:11:22.693	1.34143				2
2025.06.19	00:11:23.005	1.34139				2
2025.06.19	00:11:23.310	1.34140	1.34267			6
2025.06.19	00:11:23.617	1.34144	1.34305			6
2025.06.19	00:11:23.920	1.34141	1.34267			6
2025.06.19	00:11:24.223	1.34128	1.34275			6
2025.06.19	00:11:24.526	1.34139				2
2025.06.19	00:11:24.831	1.34132				2
2025.06.19	00:11:25.137	1.34141				2
2025.06.19	00:11:25.439	1.34144				2
2025.06.19	00:11:25.742	1.34146	1.34279			6
2025.06.19	00:11:26.057	1.34137	1.34267			6
2025.06.19	00:11:26.358	1.34141	1.34275			6
2025.06.19	00:11:26.659	1.34144				2
2025.06.19	00:11:26.971	1.34138				2
2025.06.19	00:11:27.589	1.34150	1.34330			6
2025.06.19	00:11:27.895	1.34138				2
2025.06.19	00:11:28.501	1.34150				2
2025.06.19	00:11:29.723	1.34138	1.34311			6
2025.06.19	00:11:31.243	1.34142				2
2025.06.19	00:11:31.547	1.34143				2
2025.06.19	00:11:31.857	1.34144				2
2025.06.19	00:11:33.989	1.34159	1.34336			6
2025.06.19	00:11:34.296		1.34342			4
2025.06.19	00:11:36.736	1.34160				2
2025.06.19	00:11:38.564		1.34343			4
2025.06.19	00:11:38.870	1.34158				2
2025.06.19	00:11:39.478		1.34342			4
2025.06.19	00:11:40.087		1.34335			4
2025.06.19	00:11:43.444		1.34336			4
2025.06.19	00:11:47.413		1.34338			4
2025.06.19	00:11:48.021		1.34340			4
2025.06.19	00:11:49.245		1.34338			4
2025.06.19	00:11:49.547		1.34340			4
2025.06.19	00:11:50.464		1.34330			4
2025.06.19	00:11:51.080		1.34328			4
2025.06.19	00:11:51.384	1.34159				2
2025.06.19	00:11:52.603	1.34154				2
2025.06.19	00:11:52.910	1.34153	1.34330			6
2025.06.19	00:11:53.526		1.34328			4
2025.06.19	00:11:55.658	1.34152				2
2025.06.19	00:11:58.091	1.34136				2
2025.06.19	00:11:58.395	1.34149				2
2025.06.19	00:11:58.701	1.34136				2
2025.06.19	00:11:59.005	1.34149				2
2025.06.19	00:11:59.311	1.34148				2
2025.06.19	00:11:59.919	1.34136				2
2025.06.19	00:12:00.219	1.34148	1.34327			6
2025.06.19	00:12:00.522	1.34135				2
2025.06.19	00:12:01.143	1.34148				2
2025.06.19	00:12:01.756	1.34135				2
2025.06.19	00:12:02.058	1.34148				2
2025.06.19	00:12:02.363	1.34135				2
2025.06.19	00:12:02.670	1.34138				2
2025.06.19	00:12:02.976	1.34150				2
2025.06.19	00:12:03.891		1.34330			4
2025.06.19	00:12:04.195	1.34149				2
2025.06.19	00:12:04.803		1.34327			4
2025.06.19	00:12:05.414	1.34150				2
2025.06.19	00:12:06.332		1.34332			4
2025.06.19	00:12:06.943	1.34152	1.34330			6
2025.06.19	00:12:08.474		1.34325			4
2025.06.19	00:12:09.081		1.34324			4
2025.06.19	00:12:13.676	1.34154				2
2025.06.19	00:12:13.979	1.34161				2
2025.06.19	00:12:14.910	1.34160				2
2025.06.19	00:12:18.601		1.34323			4
2025.06.19	00:12:20.141		1.34324			4
2025.06.19	00:12:28.443	1.34153	1.34326			6
2025.06.19	00:12:32.442		1.34332			4
2025.06.19	00:12:33.055		1.34326			4
2025.06.19	00:12:34.286	1.34155				2
2025.06.19	00:12:37.063		1.34327			4
2025.06.19	00:12:37.980		1.34326			4
2025.06.19	00:12:38.595		1.34327			4
2025.06.19	00:12:39.520	1.34154				2
2025.06.19	00:12:41.672		1.34326			4
2025.06.19	00:12:47.193	1.34152				2
2025.06.19	00:12:51.190		1.34328			4
2025.06.19	00:12:55.189		1.34326			4
2025.06.19	00:12:55.495		1.34325			4
2025.06.19	00:12:55.800		1.34326			4
2025.06.19	00:13:00.103	1.34152				2
2025.06.19	00:13:01.334	1.34135				2
2025.06.19	00:13:07.798		1.34325			4
2025.06.19	00:13:08.724		1.34323			4
2025.06.19	00:13:09.343		1.34324			4
2025.06.19	00:13:22.899	1.34137	1.34329			6
2025.06.19	00:13:23.206	1.34136	1.34328			6
2025.06.19	00:13:25.972	1.34135	1.34324			6
2025.06.19	00:13:31.810	1.34138	1.34330			6
2025.06.19	00:13:33.964	1.34136	1.34328			6
2025.06.19	00:13:35.186	1.34135	1.34326			6
2025.06.19	00:13:41.334	1.34133	1.34325			6
2025.06.19	00:13:41.950	1.34138	1.34330			6
2025.06.19	00:13:45.021	1.34133	1.34325			6
2025.06.19	00:13:51.784	1.34149	1.34326			6
2025.06.19	00:13:52.087		1.34340			4
2025.06.19	00:13:52.393		1.34334			4
2025.06.19	00:13:53.008		1.34331			4
2025.06.19	00:13:53.625	1.34151				2
2025.06.19	00:13:54.549		1.34330			4
2025.06.19	00:13:55.784		1.34328			4
2025.06.19	00:13:56.398	1.34152				2
2025.06.19	00:13:57.317		1.34332			4
2025.06.19	00:13:58.241		1.34334			4
2025.06.19	00:13:58.859		1.34335			4
2025.06.19	00:14:00.093	1.34152				2
2025.06.19	00:14:01.629	1.34153				2
2025.06.19	00:14:03.166	1.34152	1.34334			6
2025.06.19	00:14:03.473	1.34155				2
2025.06.19	00:14:04.089		1.34332			4
2025.06.19	00:14:04.396		1.34331			4
2025.06.19	00:14:05.317	1.34150				2
2025.06.19	00:14:05.628		1.34330			4
2025.06.19	00:14:06.240		1.34331			4
2025.06.19	00:14:07.775		1.34330			4
2025.06.19	00:14:08.085		1.34329			4
2025.06.19	00:14:09.007		1.34328			4
2025.06.19	00:14:09.625		1.34329			4
2025.06.19	00:14:10.548		1.34328			4
2025.06.19	00:14:17.312		1.34332			4
2025.06.19	00:14:18.236	1.34155				2
2025.06.19	00:14:20.082		1.34331			4
2025.06.19	00:14:20.384		1.34330			4
2025.06.19	00:14:21.000		1.34328			4
2025.06.19	00:14:21.923		1.34330			4
2025.06.19	00:14:22.230	1.34156				2
2025.06.19	00:14:22.541	1.34149				2
2025.06.19	00:14:22.846	1.34148				2
2025.06.19	00:14:24.078	1.34147				2
2025.06.19	00:14:31.764	1.34146				2
2025.06.19	00:14:32.381		1.34321			4
2025.06.19	00:14:37.596	1.34150				2
2025.06.19	00:14:40.343	1.34149				2
2025.06.19	00:14:42.738	1.34150				2
2025.06.19	00:14:47.840	1.34151				2
2025.06.19	00:14:55.040	1.34152				2
2025.06.19	00:15:00.139	1.34153				2
2025.06.19	00:15:00.490	1.34149				2
2025.06.19	00:15:01.398	1.34148	1.34312			6
2025.06.19	00:15:01.788	1.34149	1.34330			6
2025.06.19	00:15:03.332	1.34146				2
2025.06.19	00:15:05.318	1.34147				2
2025.06.19	00:15:17.539	1.34148				2
2025.06.19	00:15:21.486	1.34149				2
2025.06.19	00:15:29.839	1.34150				2
2025.06.19	00:15:32.600	1.34138	1.34259			6
2025.06.19	00:15:32.899	1.34137	1.34275			6
2025.06.19	00:15:33.204	1.34144	1.34257			6
2025.06.19	00:15:33.509	1.34141	1.34253			6
2025.06.19	00:15:33.820	1.34140	1.34275			6
2025.06.19	00:15:34.121	1.34144				2
2025.06.19	00:15:34.729		1.34258			4
2025.06.19	00:15:35.035	1.34142	1.34266			6
2025.06.19	00:15:35.340	1.34140	1.34250			6
2025.06.19	00:15:35.644		1.34288			4
2025.06.19	00:15:35.958	1.34141	1.34275			6
2025.06.19	00:15:36.258	1.34143	1.34248			6
2025.06.19	00:15:36.574		1.34275			4
2025.06.19	00:15:36.878	1.34141	1.34259			6
2025.06.19	00:15:37.413	1.34138	1.34257			6
2025.06.19	00:15:37.719	1.34142	1.34275			6
2025.06.19	00:15:38.023	1.34139	1.34251			6
2025.06.19	00:15:38.343	1.34143	1.34295			6
2025.06.19	00:15:38.653	1.34142	1.34275			6
2025.06.19	00:15:38.957	1.34140	1.34266			6
2025.06.19	00:15:39.260		1.34271			4
2025.06.19	00:15:39.577	1.34143	1.34260			6
2025.06.19	00:15:39.879	1.34142	1.34275			6
2025.06.19	00:15:40.180	1.34143	1.34258			6
2025.06.19	00:15:40.483	1.34141	1.34275			6
2025.06.19	00:15:40.799	1.34144				2
2025.06.19	00:15:41.105	1.34147	1.34272			6
2025.06.19	00:15:41.539	1.34140	1.34273			6
2025.06.19	00:15:41.840	1.34138	1.34275			6
2025.06.19	00:15:42.141	1.34144				2
2025.06.19	00:15:42.442	1.34138	1.34292			6
2025.06.19	00:15:42.752	1.34136	1.34276			6
2025.06.19	00:15:43.057		1.34258			4
2025.06.19	00:15:43.358	1.34139	1.34257			6
2025.06.19	00:15:43.660	1.34138	1.34295			6
2025.06.19	00:15:43.962		1.34275			4
2025.06.19	00:15:44.271	1.34137				2
2025.06.19	00:15:44.578	1.34134	1.34261			6
2025.06.19	00:15:44.886	1.34141	1.34259			6
2025.06.19	00:15:45.196	1.34138	1.34275			6
2025.06.19	00:15:45.499	1.34139	1.34261			6
2025.06.19	00:15:45.806	1.34136	1.34296			6
2025.06.19	00:15:46.117	1.34138	1.34275			6
2025.06.19	00:15:46.722	1.34136				2
2025.06.19	00:15:47.026	1.34132	1.34324			6
2025.06.19	00:15:59.642	1.34134				2
2025.06.19	00:16:00.258	1.34134				2
2025.06.19	00:16:00.871	1.34139				2
2025.06.19	00:16:03.937	1.34134				2
2025.06.19	00:16:04.857	1.34138				2
2025.06.19	00:16:05.161	1.34134				2
2025.06.19	00:16:05.775	1.34132				2
2025.06.19	00:16:06.398		1.34312			4
2025.06.19	00:16:06.704		1.34311			4
2025.06.19	00:16:07.324		1.34287			4
2025.06.19	00:16:14.106	1.34134	1.34317			6
2025.06.19	00:16:15.342		1.34311			4
2025.06.19	00:16:27.646		1.34326			4
2025.06.19	00:16:35.950		1.34313			4
2025.06.19	00:16:46.701		1.34275			4
2025.06.19	00:16:47.007	1.34140	1.34260			6
2025.06.19	00:16:47.323	1.34134	1.34311			6
2025.06.19	00:16:50.700		1.34312			4
2025.06.19	00:16:51.622		1.34275			4
2025.06.19	00:16:51.928	1.34138	1.34317			6
2025.06.19	00:16:56.819	1.34134	1.34319			6
2025.06.19	00:17:00.208	1.34134				2
2025.06.19	00:17:04.200		1.34312			4
2025.06.19	00:17:04.514		1.34318			4
2025.06.19	00:17:04.818		1.34316			4
2025.06.19	00:17:06.349	1.34138	1.34284			6
2025.06.19	00:17:06.659	1.34134	1.34304			6
2025.06.19	00:17:10.661		1.34270			4
2025.06.19	00:17:10.970		1.34315			4
2025.06.19	00:17:18.029		1.34290			4
2025.06.19	00:17:18.335		1.34311			4
2025.06.19	00:17:18.644		1.34315			4
2025.06.19	00:17:18.956		1.34290			4
2025.06.19	00:17:19.258		1.34316			4
2025.06.19	00:17:19.563		1.34312			4
2025.06.19	00:17:19.871	1.34150	1.34288			6
2025.06.19	00:17:20.179	1.34144	1.34277			6
2025.06.19	00:17:20.513	1.34150	1.34266			6
2025.06.19	00:17:20.818	1.34134	1.34307			6
2025.06.19	00:17:22.978	1.34142	1.34267			6
2025.06.19	00:17:23.281	1.34134	1.34302			6
2025.06.19	00:17:23.590	1.34136	1.34269			6
2025.06.19	00:17:24.026	1.34142	1.34291			6
2025.06.19	00:17:24.328	1.34134	1.34316			6
2025.06.19	00:17:25.255	1.34150	1.34273			6
2025.06.19	00:17:25.802	1.34142	1.34265			6
2025.06.19	00:17:26.115	1.34145				2
2025.06.19	00:17:26.428		1.34259			4
2025.06.19	00:17:32.556	1.34134	1.34265			6
2025.06.19	00:17:32.866		1.34263			4
2025.06.19	00:17:43.938		1.34269			4
2025.06.19	00:18:00.225	1.34134				2
2025.06.19	00:18:14.977		1.34306			4
2025.06.19	00:19:00.158	1.34134				2
2025.06.19	00:19:15.229		1.34306			4
2025.06.19	00:20:00.092	1.34134				2
2025.06.19	00:20:15.441		1.34306			4
2025.06.19	00:21:00.283	1.34134				2
2025.06.19	00:21:12.899		1.34311			4
2025.06.19	00:21:48.542		1.34326			4
2025.06.19	00:21:49.157		1.34308			4
2025.06.19	00:22:00.608	1.34154	1.34325			6
2025.06.19	00:22:03.139	1.34153				2
2025.06.19	00:22:28.816	1.34183	1.34358			6
2025.06.19	00:22:29.119		1.34320			4
2025.06.19	00:22:29.725		1.34317			4
2025.06.19	00:22:30.330		1.34311			4
2025.06.19	00:22:31.251		1.34310			4
2025.06.19	00:22:32.472		1.34305			4
2025.06.19	00:22:33.683		1.34303			4
2025.06.19	00:22:34.593		1.34300			4
2025.06.19	00:22:36.140		1.34293			4
2025.06.19	00:22:36.451		1.34294			4
2025.06.19	00:22:36.755		1.34279			4
2025.06.19	00:22:37.359		1.34278			4
2025.06.19	00:22:37.664		1.34279			4
2025.06.19	00:22:37.974		1.34283			4
2025.06.19	00:22:38.275		1.34275			4
2025.06.19	00:22:38.892		1.34276			4
2025.06.19	00:22:40.126		1.34277			4
2025.06.19	00:22:41.032		1.34278			4
2025.06.19	00:22:41.948		1.34282			4
2025.06.19	00:22:43.474		1.34289			4
2025.06.19	00:22:43.781		1.34282			4
2025.06.19	00:22:44.083		1.34280			4
2025.06.19	00:22:46.521		1.34266			4
2025.06.19	00:22:46.823		1.34265			4
2025.06.19	00:22:47.129		1.34266			4
2025.06.19	00:22:47.431		1.34264			4
2025.06.19	00:22:47.732		1.34263			4
2025.06.19	00:22:49.569		1.34265			4
2025.06.19	00:22:50.799		1.34266			4
2025.06.19	00:22:51.102		1.34298			4
2025.06.19	00:22:54.769		1.34295			4
2025.06.19	00:22:55.070		1.34296			4
2025.06.19	00:22:55.980		1.34293			4
2025.06.19	00:22:58.431		1.34291			4
2025.06.19	00:22:59.661		1.34292			4
2025.06.19	00:23:00.267	1.34183				2
2025.06.19	00:23:06.706		1.34291			4
2025.06.19	00:23:09.466		1.34296			4
2025.06.19	00:23:11.904		1.34293			4
2025.06.19	00:23:12.220		1.34295			4
2025.06.19	00:23:12.523		1.34293			4
2025.06.19	00:23:15.271		1.34294			4
2025.06.19	00:23:17.719		1.34296			4
2025.06.19	00:23:18.329		1.34295			4
2025.06.19	00:23:18.633		1.34294			4
2025.06.19	00:23:18.935		1.34334			4
2025.06.19	00:23:19.544		1.34325			4
2025.06.19	00:23:19.855		1.34294			4
2025.06.19	00:23:21.077		1.34295			4
2025.06.19	00:23:21.992		1.34296			4
2025.06.19	00:23:22.600		1.34288			4
2025.06.19	00:23:23.511		1.34300			4
2025.06.19	00:23:28.366		1.34298			4
2025.06.19	00:23:28.979		1.34303			4
2025.06.19	00:23:32.634		1.34300			4
2025.06.19	00:23:32.935		1.34301			4
2025.06.19	00:23:33.239		1.34300			4
2025.06.19	00:23:33.544		1.34298			4
2025.06.19	00:23:34.772		1.34299			4
2025.06.19	00:23:35.983		1.34298			4
2025.06.19	00:23:36.587		1.34296			4
2025.06.19	00:23:36.889		1.34297			4
2025.06.19	00:23:37.805		1.34295			4
2025.06.19	00:23:39.332		1.34293			4
2025.06.19	00:23:42.070		1.34294			4
2025.06.19	00:23:42.372		1.34289			4
2025.06.19	00:23:46.045		1.34290			4
2025.06.19	00:23:46.953		1.34291			4
2025.06.19	00:23:48.771		1.34290			4
2025.06.19	00:23:50.000		1.34289			4
2025.06.19	00:23:50.909		1.34291			4
2025.06.19	00:23:52.424		1.34290			4
2025.06.19	00:23:53.341		1.34292			4
2025.06.19	00:23:55.772		1.34293			4
2025.06.19	00:23:56.388		1.34249			4
2025.06.19	00:24:00.314	1.34183				2
2025.06.19	00:24:04.007	1.34172	1.34251			6
2025.06.19	00:24:08.238	1.34100	1.34219			6
2025.06.19	00:24:08.542	1.34090	1.34217			6
2025.06.19	00:24:09.160	1.34089				2
2025.06.19	00:24:09.460		1.34211			4
2025.06.19	00:24:10.073		1.34210			4
2025.06.19	00:24:10.379	1.34090				2
2025.06.19	00:24:10.984	1.34087				2
2025.06.19	00:24:11.298	1.34089				2
2025.06.19	00:24:11.601	1.34090				2
2025.06.19	00:24:11.904	1.34087				2
2025.06.19	00:24:12.511	1.34090				2
2025.06.19	00:24:12.820	1.34087				2
2025.06.19	00:24:13.125	1.34090				2
2025.06.19	00:24:13.442	1.34087				2
2025.06.19	00:24:13.747	1.34090				2
2025.06.19	00:24:14.059	1.34087				2
2025.06.19	00:24:14.360	1.34090				2
2025.06.19	00:24:14.668	1.34087				2
2025.06.19	00:24:14.980	1.34090				2
2025.06.19	00:24:15.286	1.34087				2
2025.06.19	00:24:15.600	1.34090				2
2025.06.19	00:24:15.901	1.34087				2
2025.06.19	00:24:16.827	1.34090				2
2025.06.19	00:24:17.440	1.34087				2
2025.06.19	00:24:17.740	1.34091				2
2025.06.19	00:24:18.361	1.34090				2
2025.06.19	00:24:18.663	1.34093				2
2025.06.19	00:24:19.883	1.34094				2
2025.06.19	00:24:22.939	1.34097				2
2025.06.19	00:24:24.458	1.34100				2
2025.06.19	00:24:27.825	1.34102				2
2025.06.19	00:24:32.730	1.34101				2
2025.06.19	00:24:40.381	1.34103				2
2025.06.19	00:24:52.298		1.34213			4
2025.06.19	00:24:58.419	1.34104				2
2025.06.19	00:24:59.033	1.34097				2
2025.06.19	00:24:59.341	1.34098	1.34215			6
2025.06.19	00:25:00.258	1.34098				2
2025.06.19	00:25:03.327	1.34104				2
2025.06.19	00:25:04.241	1.34100				2
2025.06.19	00:25:05.774	1.34094				2
2025.06.19	00:25:08.983	1.34093	1.34210			6
2025.06.19	00:25:20.707	1.34083	1.34204			6
2025.06.19	00:25:29.344		1.34200			4
2025.06.19	00:25:52.354		1.34197			4
2025.06.19	00:25:55.432		1.34195			4
2025.06.19	00:25:56.354	1.34090				2
2025.06.19	00:25:57.278		1.34199			4
2025.06.19	00:26:00.054	1.34090				2
2025.06.19	00:26:06.506		1.34200			4
2025.06.19	00:26:07.437		1.34198			4
2025.06.19	00:26:44.007	1.34080	1.34242			6
2025.06.19	00:26:45.199	1.34082				2
2025.06.19	00:26:49.055	1.34087				2
2025.06.19	00:26:57.695	1.34079				2
2025.06.19	00:26:59.543		1.34216			4
2025.06.19	00:27:00.155	1.34079				2
2025.06.19	00:27:00.768		1.34243			4
2025.06.19	00:27:02.615		1.34216			4
2025.06.19	00:27:03.228		1.34217			4
2025.06.19	00:27:03.846		1.34243			4
2025.06.19	00:27:11.780	1.34080				2
2025.06.19	00:27:19.123	1.34079				2
2025.06.19	00:27:28.888	1.34080				2
2025.06.19	00:27:31.954	1.34079				2
2025.06.19	00:27:44.264	1.34080				2
2025.06.19	00:27:57.171	1.34082				2
2025.06.19	00:28:00.245	1.34082				2
2025.06.19	00:28:03.933		1.34243			4
2025.06.19	00:28:10.074	1.34080				2
2025.06.19	00:28:39.292	1.34078				2
2025.06.19	00:28:39.600	1.34080				2
2025.06.19	00:28:47.596	1.34079				2
2025.06.19	00:28:48.830	1.34077				2
2025.06.19	00:28:49.138	1.34076				2
2025.06.19	00:28:49.445	1.34080				2
2025.06.19	00:29:00.164	1.34080				2
2025.06.19	00:29:02.618	1.34081				2
2025.06.19	00:29:03.232		1.34244			4
2025.06.19	00:29:03.547	1.34080				2
2025.06.19	00:29:06.300	1.34078				2
2025.06.19	00:29:06.928	1.34080				2
2025.06.19	00:29:07.231	1.34078				2
2025.06.19	00:29:09.077	1.34079	1.34260			6
2025.06.19	00:29:09.388	1.34080				2
2025.06.19	00:29:09.998	1.34086				2
2025.06.19	00:29:10.614		1.34262			4
2025.06.19	00:29:11.229		1.34250			4
2025.06.19	00:30:00.072	1.34086				2
2025.06.19	00:30:00.387	1.34087	1.34249			6
2025.06.19	00:30:00.698	1.34089				2
2025.06.19	00:30:03.140	1.34090				2
2025.06.19	00:30:11.698		1.34242			4
2025.06.19	00:30:13.226		1.34243			4
2025.06.19	00:30:13.532		1.34242			4
2025.06.19	00:30:13.839		1.34244			4
2025.06.19	00:30:14.448	1.34091				2
2025.06.19	00:30:15.366	1.34092				2
2025.06.19	00:30:23.321	1.34090				2
2025.06.19	00:30:23.626		1.34245			4
2025.06.19	00:30:43.523	1.34096	1.34244			6
2025.06.19	00:30:57.912	1.34092				2
2025.06.19	00:31:00.050	1.34092				2
2025.06.19	00:31:03.729	1.34093				2
2025.06.19	00:31:04.035	1.34094				2
2025.06.19	00:31:06.191	1.34095				2
2025.06.19	00:31:08.345	1.34096				2
2025.06.19	00:31:12.964	1.34097				2
2025.06.19	00:31:17.885	1.34098				2
2025.06.19	00:31:30.175	1.34097				2
2025.06.19	00:31:42.767	1.34098				2
2025.06.19	00:31:43.682		1.34244			4
2025.06.19	00:31:47.677	1.34097				2
2025.06.19	00:31:49.211	1.34098				2
2025.06.19	00:31:49.511	1.34097				2
2025.06.19	00:31:51.972	1.34098				2
2025.06.19	00:32:00.283	1.34098				2
2025.06.19	00:32:04.880	1.34100				2
2025.06.19	00:32:07.031	1.34114	1.34246			6
2025.06.19	00:32:07.376	1.34122	1.34247			6
2025.06.19	00:32:13.338		1.34251			4
2025.06.19	00:32:20.952	1.34123				2
2025.06.19	00:32:25.543	1.34124				2
2025.06.19	00:32:30.118	1.34125				2
2025.06.19	00:32:31.027		1.34246			4
2025.06.19	00:32:40.498	1.34126				2
2025.06.19	00:32:42.328	1.34128				2
2025.06.19	00:32:43.842	1.34127				2
2025.06.19	00:32:45.961	1.34128				2
2025.06.19	00:32:49.009	1.34126				2
2025.06.19	00:32:49.309	1.34124				2
2025.06.19	00:32:49.616	1.34128				2
2025.06.19	00:32:50.846	1.34125				2
2025.06.19	00:32:51.158	1.34127				2
2025.06.19	00:32:52.379	1.34126				2
2025.06.19	00:32:56.373	1.34125				2
2025.06.19	00:33:00.054	1.34125				2
2025.06.19	00:33:04.957	1.34126				2
2025.06.19	00:33:07.411	1.34123				2
2025.06.19	00:33:12.021	1.34126				2
2025.06.19	00:33:17.271	1.34125				2
2025.06.19	00:33:17.880	1.34116				2
2025.06.19	00:33:19.127		1.34254			4
2025.06.19	00:34:02.355	1.34116				2
2025.06.19	00:34:20.289		1.34254			4
2025.06.19	00:35:00.146	1.34116				2
2025.06.19	00:35:17.123	1.34118	1.34246			6
2025.06.19	00:35:17.734		1.34254			4
2025.06.19	00:35:18.344		1.34246			4
2025.06.19	00:35:18.958	1.34117	1.34254			6
2025.06.19	00:35:20.779	1.34118				2
2025.06.19	00:35:22.018	1.34116				2
2025.06.19	00:35:22.318	1.34117	1.34246			6
2025.06.19	00:35:22.634		1.34254			4
2025.06.19	00:35:22.935		1.34246			4
2025.06.19	00:35:23.239		1.34254			4
2025.06.19	00:35:23.846		1.34246			4
2025.06.19	00:35:24.155		1.34254			4
2025.06.19	00:35:24.458	1.34116				2
2025.06.19	00:35:24.759		1.34246			4
2025.06.19	00:35:25.681		1.34254			4
2025.06.19	00:35:26.307		1.34246			4
2025.06.19	00:35:26.608		1.34254			4
2025.06.19	00:35:26.920		1.34246			4
2025.06.19	00:35:27.244	1.34117	1.34254			6
2025.06.19	00:35:28.175		1.34246			4
2025.06.19	00:35:28.787		1.34254			4
2025.06.19	00:35:29.096	1.34120				2
2025.06.19	00:35:29.398	1.34116				2
2025.06.19	00:35:29.714	1.34117				2
2025.06.19	00:35:31.862	1.34119				2
2025.06.19	00:35:32.173		1.34246			4
2025.06.19	00:35:32.487		1.34254			4
2025.06.19	00:35:32.788	1.34117				2
2025.06.19	00:35:35.254	1.34124				2
2025.06.19	00:35:36.482	1.34131				2
2025.06.19	00:35:38.598	1.34132				2
2025.06.19	00:35:42.237	1.34133				2
2025.06.19	00:35:42.844	1.34123				2
2025.06.19	00:35:43.153	1.34129	1.34249			6
2025.06.19	00:35:43.467		1.34248			4
2025.06.19	00:35:47.093		1.34246			4
2025.06.19	00:35:47.397	1.34126	1.34253			6
2025.06.19	00:35:47.700	1.34130	1.34247			6
2025.06.19	00:35:48.308	1.34131	1.34248			6
2025.06.19	00:35:49.233		1.34246			4
2025.06.19	00:35:52.281		1.34244			4
2025.06.19	00:35:53.200	1.34137	1.34242			6
2025.06.19	00:35:56.269		1.34240			4
2025.06.19	00:35:56.570	1.34136	1.34239			6
2025.06.19	00:35:56.874	1.34127	1.34249			6
2025.06.19	00:35:57.186	1.34132	1.34243			6
2025.06.19	00:35:57.491	1.34119	1.34254			6
2025.06.19	00:35:57.800	1.34137	1.34244			6
2025.06.19	00:35:58.409	1.34136	1.34243			6
2025.06.19	00:35:59.019	1.34135	1.34245			6
2025.06.19	00:35:59.631	1.34134	1.34246			6
2025.06.19	00:35:59.934	1.34136	1.34244			6
2025.06.19	00:36:00.244	1.34136				2
2025.06.19	00:36:01.161	1.34135	1.34245			6
2025.06.19	00:36:01.467	1.34134	1.34242			6
2025.06.19	00:36:04.192	1.34136	1.34244			6
2025.06.19	00:36:05.102		1.34243			4
2025.06.19	00:36:10.299	1.34133	1.34244			6
2025.06.19	00:36:10.600	1.34135	1.34242			6
2025.06.19	00:36:11.214	1.34125	1.34253			6
2025.06.19	00:36:11.519	1.34136	1.34243			6
2025.06.19	00:36:11.824	1.34137	1.34246			6
2025.06.19	00:36:12.131	1.34140	1.34242			6
2025.06.19	00:36:12.743	1.34132	1.34254			6
2025.06.19	00:36:13.056	1.34133	1.34253			6
2025.06.19	00:36:13.360	1.34132	1.34251			6
2025.06.19	00:36:16.421	1.34131	1.34249			6
2025.06.19	00:36:17.951	1.34118	1.34244			6
2025.06.19	00:36:18.258	1.34125	1.34236			6
2025.06.19	00:36:19.779	1.34120	1.34252			6
2025.06.19	00:36:20.088	1.34123	1.34246			6
2025.06.19	00:36:20.396		1.34242			4
2025.06.19	00:36:20.700	1.34128	1.34233			6
2025.06.19	00:36:22.529	1.34120				2
2025.06.19	00:36:23.142	1.34122	1.34246			6
2025.06.19	00:36:26.567		1.34244			4
2025.06.19	00:36:29.012	1.34123				2
2025.06.19	00:36:29.616	1.34122				2
2025.06.19	00:36:30.225		1.34243			4
2025.06.19	00:36:30.839	1.34121				2
2025.06.19	00:36:31.153	1.34122				2
2025.06.19	00:36:32.068	1.34123				2
2025.06.19	00:36:33.285		1.34246			4
2025.06.19	00:36:35.542	1.34122				2
2025.06.19	00:36:36.738	1.34123				2
2025.06.19	00:36:38.240	1.34124				2
2025.06.19	00:36:41.844	1.34123				2
2025.06.19	00:36:43.322	1.34124				2
2025.06.19	00:36:43.683	1.34153				2
2025.06.19	00:36:44.285	1.34154				2
2025.06.19	00:36:44.891	1.34153				2
2025.06.19	00:36:47.622	1.34148				2
2025.06.19	00:36:48.842	1.34144	1.34254			6
2025.06.19	00:36:49.144	1.34142				2
2025.06.19	00:36:50.365	1.34140				2
2025.06.19	00:36:50.979	1.34158				2
2025.06.19	00:36:51.281	1.34154				2
2025.06.19	00:36:54.333	1.34148	1.34246			6
2025.06.19	00:36:55.549	1.34147				2
2025.06.19	00:36:55.854		1.34254			4
2025.06.19	00:36:56.467	1.34125				2
2025.06.19	00:36:56.774	1.34126				2
2025.06.19	00:36:57.078	1.34127				2
2025.06.19	00:37:00.135	1.34127				2
2025.06.19	00:37:05.340	1.34129				2
2025.06.19	00:37:06.876	1.34130				2
2025.06.19	00:37:12.081	1.34123				2
2025.06.19	00:37:12.387	1.34121				2
2025.06.19	00:37:15.461	1.34123				2
2025.06.19	00:37:21.884	1.34122				2
2025.06.19	00:37:22.799	1.34123				2
2025.06.19	00:37:28.312	1.34120				2
2025.06.19	00:37:29.534	1.34119				2
2025.06.19	00:37:29.839	1.34117				2
2025.06.19	00:37:30.147	1.34116				2
2025.06.19	00:37:31.926		1.34251			4
2025.06.19	00:37:34.066		1.34250			4
2025.06.19	00:37:34.369		1.34249			4
2025.06.19	00:37:36.819		1.34252			4
2025.06.19	00:37:37.120		1.34254			4
2025.06.19	00:37:38.732	1.34117				2
2025.06.19	00:37:39.040	1.34116	1.34246			6
2025.06.19	00:37:39.652		1.34252			4
2025.06.19	00:37:39.956		1.34247			4
2025.06.19	00:37:40.261	1.34118	1.34251			6
2025.06.19	00:37:41.793	1.34116	1.34254			6
2025.06.19	00:37:43.042	1.34118	1.34251			6
2025.06.19	00:37:43.346	1.34119				2
2025.06.19	00:37:44.580	1.34116	1.34254			6
2025.06.19	00:37:45.048	1.34119	1.34251			6
2025.06.19	00:37:45.668	1.34116	1.34254			6
2025.06.19	00:37:46.123	1.34121	1.34252			6
2025.06.19	00:37:46.423		1.34251			4
2025.06.19	00:37:49.197		1.34249			4
2025.06.19	00:37:49.810	1.34118	1.34245			6
2025.06.19	00:37:50.434	1.34116	1.34253			6
2025.06.19	00:37:50.742		1.34254			4
2025.06.19	00:37:51.550		1.34248			4
2025.06.19	00:37:52.481		1.34254			4
2025.06.19	00:37:52.971		1.34252			4
2025.06.19	00:37:53.897		1.34251			4
2025.06.19	00:37:55.128		1.34250			4
2025.06.19	00:37:55.745		1.34249			4
2025.06.19	00:37:56.364		1.34248			4
2025.06.19	00:37:57.596	1.34124	1.34246			6
2025.06.19	00:37:59.138	1.34117	1.34254			6
2025.06.19	00:37:59.754	1.34125	1.34248			6
2025.06.19	00:38:00.067	1.34117	1.34254			6
2025.06.19	00:38:00.676	1.34125	1.34248			6
2025.06.19	00:38:00.991	1.34124	1.34245			6
2025.06.19	00:38:02.529		1.34244			4
2025.06.19	00:38:04.378	1.34117	1.34252			6
2025.06.19	00:38:04.683	1.34124	1.34244			6
2025.06.19	00:38:04.990	1.34116	1.34250			6
2025.06.19	00:38:05.298	1.34118	1.34251			6
2025.06.19	00:38:05.914	1.34125	1.34244			6
2025.06.19	00:38:06.228		1.34243			4
2025.06.19	00:38:07.153	1.34124	1.34242			6
2025.06.19	00:38:08.999	1.34125	1.34244			6
2025.06.19	00:38:09.926	1.34116	1.34252			6
2025.06.19	00:38:10.537	1.34122	1.34245			6
2025.06.19	00:38:10.841	1.34121				2
2025.06.19	00:38:11.154	1.34116	1.34252			6
2025.06.19	00:38:11.768	1.34121	1.34244			6
2025.06.19	00:38:12.073	1.34125	1.34241			6
2025.06.19	00:38:12.999		1.34239			4
2025.06.19	00:38:13.306		1.34238			4
2025.06.19	00:38:13.616	1.34126	1.34239			6
2025.06.19	00:38:13.917		1.34240			4
2025.06.19	00:38:14.537		1.34239			4
2025.06.19	00:38:15.768		1.34238			4
2025.06.19	00:38:17.596		1.34237			4
2025.06.19	00:38:18.526	1.34118	1.34246			6
2025.06.19	00:38:18.828	1.34126	1.34238			6
2025.06.19	00:38:20.365	1.34127	1.34237			6
2025.06.19	00:38:20.672	1.34118	1.34240			6
2025.06.19	00:38:20.979	1.34116	1.34244			6
2025.06.19	00:38:21.598	1.34121	1.34239			6
2025.06.19	00:38:22.830	1.34120	1.34236			6
2025.06.19	00:38:23.137	1.34116	1.34243			6
2025.06.19	00:38:23.442	1.34120	1.34240			6
2025.06.19	00:38:24.370	1.34119	1.34239			6
2025.06.19	00:38:25.289	1.34116	1.34249			6
2025.06.19	00:38:25.598	1.34123	1.34239			6
2025.06.19	00:38:25.905	1.34122	1.34238			6
2025.06.19	00:38:26.212	1.34121	1.34241			6
2025.06.19	00:38:26.514	1.34124	1.34234			6
2025.06.19	00:38:28.646		1.34232			4
2025.06.19	00:38:31.372		1.34231			4
2025.06.19	00:38:38.083	1.34125	1.34235			6
2025.06.19	00:38:38.399	1.34122	1.34227			6
2025.06.19	00:38:39.022	1.34123	1.34229			6
2025.06.19	00:38:40.238	1.34101	1.34235			6
2025.06.19	00:38:40.540	1.34104	1.34221			6
2025.06.19	00:38:40.846	1.34117	1.34209			6
2025.06.19	00:38:43.894	1.34112	1.34232			6
2025.06.19	00:38:44.197	1.34124	1.34216			6
2025.06.19	00:38:45.118	1.34113	1.34231			6
2025.06.19	00:38:45.421	1.34117	1.34219			6
2025.06.19	00:38:46.958	1.34104	1.34239			6
2025.06.19	00:38:47.272	1.34114	1.34233			6
2025.06.19	00:38:47.579	1.34106	1.34236			6
2025.06.19	00:38:47.882	1.34123	1.34222			6
2025.06.19	00:38:48.498	1.34097	1.34250			6
2025.06.19	00:38:48.803	1.34105	1.34245			6
2025.06.19	00:38:49.116	1.34101				2
2025.06.19	00:38:49.421	1.34103				2
2025.06.19	00:38:49.728	1.34108				2
2025.06.19	00:38:50.343	1.34109				2
2025.06.19	00:38:51.576	1.34105				2
2025.06.19	00:38:51.887	1.34108	1.34243			6
2025.06.19	00:38:52.191		1.34245			4
2025.06.19	00:38:55.557	1.34114	1.34235			6
2025.06.19	00:38:56.173	1.34107	1.34242			6
2025.06.19	00:38:56.790	1.34114	1.34234			6
2025.06.19	00:38:58.645		1.34233			4
2025.06.19	00:38:58.957	1.34120	1.34239			6
2025.06.19	00:38:59.263	1.34119	1.34231			6
2025.06.19	00:38:59.573	1.34122	1.34234			6
2025.06.19	00:39:00.196	1.34122				2
2025.06.19	00:39:01.117	1.34113	1.34240			6
2025.06.19	00:39:02.035	1.34121	1.34232			6
2025.06.19	00:39:02.653	1.34112	1.34242			6
2025.06.19	00:39:02.962	1.34120	1.34233			6
2025.06.19	00:39:03.265	1.34121	1.34228			6
2025.06.19	00:39:04.187	1.34114	1.34237			6
2025.06.19	00:39:04.493	1.34121	1.34236			6
2025.06.19	00:39:04.801	1.34122	1.34235			6
2025.06.19	00:39:05.734	1.34123	1.34234			6
2025.06.19	00:39:06.034	1.34110	1.34238			6
2025.06.19	00:39:06.345	1.34121	1.34231			6
2025.06.19	00:39:06.965	1.34112	1.34239			6
2025.06.19	00:39:07.276	1.34107	1.34244			6
2025.06.19	00:39:08.195	1.34106				2
2025.06.19	00:39:08.510	1.34105	1.34242			6
2025.06.19	00:39:09.740	1.34102	1.34245			6
2025.06.19	00:39:10.050	1.34099				2
2025.06.19	00:39:10.352	1.34114	1.34235			6
2025.06.19	00:39:10.976	1.34108	1.34242			6
2025.06.19	00:39:11.282	1.34107	1.34241			6
2025.06.19	00:39:11.598	1.34108	1.34244			6
2025.06.19	00:39:11.901	1.34114	1.34231			6
2025.06.19	00:39:12.518	1.34115	1.34235			6
2025.06.19	00:39:12.825	1.34107	1.34243			6
2025.06.19	00:39:13.135	1.34115	1.34234			6
2025.06.19	00:39:13.441	1.34120	1.34231			6
2025.06.19	00:39:14.673	1.34110	1.34239			6
2025.06.19	00:39:14.982	1.34129	1.34219			6
2025.06.19	00:39:15.284	1.34124	1.34224			6
2025.06.19	00:39:15.590	1.34130	1.34220			6
2025.06.19	00:39:15.890	1.34120	1.34235			6
2025.06.19	00:39:16.198	1.34118	1.34232			6
2025.06.19	00:39:16.506	1.34117	1.34229			6
2025.06.19	00:39:16.818	1.34116	1.34230			6
2025.06.19	00:39:17.427	1.34108	1.34242			6
2025.06.19	00:39:18.040	1.34117	1.34233			6
2025.06.19	00:39:19.890	1.34106	1.34241			6
2025.06.19	00:39:20.813	1.34116	1.34231			6
2025.06.19	00:39:22.659		1.34230			4
2025.06.19	00:39:23.278	1.34118	1.34231			6
2025.06.19	00:39:24.194	1.34108	1.34245			6
2025.06.19	00:39:24.508	1.34127	1.34217			6
2025.06.19	00:39:24.816	1.34114	1.34239			6
2025.06.19	00:39:25.123	1.34129	1.34219			6
2025.06.19	00:39:25.425	1.34130	1.34222			6
2025.06.19	00:39:25.732		1.34220			4
2025.06.19	00:39:27.884	1.34127	1.34225			6
2025.06.19	00:39:28.190	1.34132	1.34222			6
2025.06.19	00:39:29.113	1.34131	1.34221			6
2025.06.19	00:39:30.934	1.34132	1.34222			6
2025.06.19	00:39:31.237	1.34133	1.34223			6
2025.06.19	00:39:31.544	1.34121	1.34231			6
2025.06.19	00:39:31.849	1.34113	1.34239			6
2025.06.19	00:39:32.154	1.34123	1.34229			6
2025.06.19	00:39:32.457	1.34130	1.34220			6
2025.06.19	00:39:33.370	1.34121	1.34232			6
2025.06.19	00:39:33.681	1.34127	1.34225			6
2025.06.19	00:39:33.984	1.34132	1.34222			6
2025.06.19	00:39:34.285	1.34131	1.34221			6
2025.06.19	00:39:34.888	1.34122	1.34229			6
2025.06.19	00:39:35.191	1.34128	1.34226			6
2025.06.19	00:39:35.498	1.34131	1.34221			6
2025.06.19	00:39:35.800	1.34126	1.34227			6
2025.06.19	00:39:36.103	1.34131	1.34221			6
2025.06.19	00:39:38.846	1.34120	1.34229			6
2025.06.19	00:39:39.156	1.34125	1.34223			6
2025.06.19	00:39:39.463	1.34130	1.34220			6
2025.06.19	00:39:40.082	1.34131	1.34221			6
2025.06.19	00:39:41.923	1.34121	1.34233			6
2025.06.19	00:39:42.231	1.34119	1.34230			6
2025.06.19	00:39:42.533	1.34124	1.34224			6
2025.06.19	00:39:47.774	1.34106	1.34242			6
2025.06.19	00:39:48.087	1.34116	1.34228			6
2025.06.19	00:39:48.396	1.34128	1.34218			6
2025.06.19	00:39:49.316	1.34117	1.34229			6
2025.06.19	00:39:49.623	1.34129	1.34219			6
2025.06.19	00:39:50.538	1.34128	1.34218			6
2025.06.19	00:39:51.155	1.34116	1.34231			6
2025.06.19	00:39:51.772	1.34111	1.34234			6
2025.06.19	00:39:52.081	1.34113				2
2025.06.19	00:39:52.393	1.34101	1.34245			6
2025.06.19	00:39:52.700	1.34113	1.34232			6
2025.06.19	00:39:55.782		1.34235			4
2025.06.19	00:39:58.863	1.34117	1.34232			6
2025.06.19	00:39:59.172	1.34128	1.34218			6
2025.06.19	00:39:59.484	1.34124	1.34223			6
2025.06.19	00:40:00.095	1.34125	1.34222			6
2025.06.19	00:40:01.017	1.34113	1.34232			6
2025.06.19	00:40:01.322		1.34233			4
2025.06.19	00:40:01.939	1.34109	1.34237			6
2025.06.19	00:40:02.251	1.34112	1.34234			6
2025.06.19	00:40:02.864	1.34113				2
2025.06.19	00:40:03.172	1.34102	1.34245			6
2025.06.19	00:40:03.518	1.34123	1.34225			6
2025.06.19	00:40:05.060	1.34122				2
2025.06.19	00:40:05.365	1.34128	1.34218			6
2025.06.19	00:40:05.673	1.34124	1.34224			6
2025.06.19	00:40:05.987	1.34129	1.34219			6
2025.06.19	00:40:06.297	1.34127	1.34217			6
2025.06.19	00:40:06.606	1.34123	1.34223			6
2025.06.19	00:40:07.839		1.34224			4
2025.06.19	00:40:08.772	1.34128	1.34219			6
2025.06.19	00:40:09.383	1.34117	1.34230			6
2025.06.19	00:40:10.306	1.34114	1.34231			6
2025.06.19	00:40:10.616	1.34111	1.34232			6
2025.06.19	00:40:10.924	1.34115	1.34227			6
2025.06.19	00:40:11.844	1.34114	1.34230			6
2025.06.19	00:40:13.385	1.34113	1.34227			6
2025.06.19	00:40:14.307	1.34120	1.34226			6
2025.06.19	00:40:14.613	1.34117	1.34230			6
2025.06.19	00:40:15.850	1.34106	1.34241			6
2025.06.19	00:40:16.156	1.34126	1.34216			6
2025.06.19	00:40:16.777	1.34127	1.34217			6
2025.06.19	00:40:17.991	1.34121	1.34224			6
2025.06.19	00:40:18.910	1.34127	1.34217			6
2025.06.19	00:40:19.525	1.34123	1.34223			6
2025.06.19	00:40:19.838	1.34127	1.34217			6
2025.06.19	00:40:21.364	1.34122	1.34225			6
2025.06.19	00:40:21.672	1.34126	1.34216			6
2025.06.19	00:40:24.414	1.34128	1.34218			6
2025.06.19	00:40:24.717	1.34117	1.34226			6
2025.06.19	00:40:25.020	1.34127	1.34217			6
2025.06.19	00:40:31.117	1.34128	1.34218			6
2025.06.19	00:40:31.424	1.34129	1.34219			6
2025.06.19	00:40:32.949	1.34127	1.34217			6
2025.06.19	00:40:33.559	1.34128	1.34218			6
2025.06.19	00:40:34.786	1.34127	1.34217			6
2025.06.19	00:40:36.316		1.34220			4
2025.06.19	00:40:36.621	1.34126	1.34216			6
2025.06.19	00:40:37.225	1.34128	1.34218			6
2025.06.19	00:40:38.458	1.34121	1.34226			6
2025.06.19	00:40:38.760	1.34124	1.34224			6
2025.06.19	00:40:39.065	1.34126	1.34216			6
2025.06.19	00:40:39.366	1.34117	1.34231			6
2025.06.19	00:40:39.675	1.34120	1.34228			6
2025.06.19	00:40:39.978	1.34133	1.34223			6
2025.06.19	00:40:40.283	1.34134	1.34225			6
2025.06.19	00:40:40.590	1.34118	1.34236			6
2025.06.19	00:40:40.903	1.34128	1.34218			6
2025.06.19	00:40:41.210	1.34112	1.34235			6
2025.06.19	00:40:41.518	1.34131	1.34221			6
2025.06.19	00:40:41.826	1.34132	1.34222			6
2025.06.19	00:40:42.436	1.34118	1.34232			6
2025.06.19	00:40:42.747	1.34132	1.34222			6
2025.06.19	00:40:43.050	1.34127	1.34217			6
2025.06.19	00:40:43.363	1.34114	1.34236			6
2025.06.19	00:40:43.677	1.34130	1.34220			6
2025.06.19	00:40:43.989	1.34127	1.34217			6
2025.06.19	00:40:44.300	1.34131	1.34221			6
2025.06.19	00:40:44.601	1.34126	1.34216			6
2025.06.19	00:40:45.814	1.34125	1.34215			6
2025.06.19	00:40:46.116		1.34226			4
2025.06.19	00:40:46.417	1.34122	1.34242			6
2025.06.19	00:40:46.733	1.34113	1.34233			6
2025.06.19	00:40:47.041	1.34122				2
2025.06.19	00:40:47.653	1.34131	1.34221			6
2025.06.19	00:40:49.169	1.34125	1.34233			6
2025.06.19	00:40:50.398	1.34131	1.34221			6
2025.06.19	00:40:50.699	1.34125	1.34227			6
2025.06.19	00:40:51.016	1.34130	1.34220			6
2025.06.19	00:40:51.323	1.34131	1.34221			6
2025.06.19	00:40:51.626	1.34130	1.34220			6
2025.06.19	00:40:53.150	1.34131	1.34221			6
2025.06.19	00:40:59.269	1.34120	1.34239			6
2025.06.19	00:40:59.580	1.34130	1.34220			6
2025.06.19	00:41:00.194	1.34130				2
2025.06.19	00:41:00.501	1.34104	1.34245			6
2025.06.19	00:41:00.938	1.34111	1.34237			6
2025.06.19	00:41:01.242	1.34115	1.34240			6
2025.06.19	00:41:02.784	1.34117	1.34238			6
2025.06.19	00:41:03.089	1.34131	1.34221			6
2025.06.19	00:41:03.393	1.34114	1.34235			6
2025.06.19	00:41:03.698	1.34126	1.34226			6
2025.06.19	00:41:03.998	1.34104	1.34245			6
2025.06.19	00:41:04.303	1.34108				2
2025.06.19	00:41:05.222	1.34106	1.34244			6
2025.06.19	00:41:06.143		1.34245			4
2025.06.19	00:41:06.444	1.34105				2
2025.06.19	00:41:07.378	1.34112	1.34243			6
2025.06.19	00:41:07.989	1.34104	1.34245			6
2025.06.19	00:41:09.844	1.34109	1.34237			6
2025.06.19	00:41:10.149	1.34126	1.34216			6
2025.06.19	00:41:10.454	1.34113	1.34237			6
2025.06.19	00:41:10.763	1.34129	1.34219			6
2025.06.19	00:41:11.071	1.34124	1.34230			6
2025.06.19	00:41:11.377	1.34131	1.34221			6
2025.06.19	00:41:14.427	1.34111	1.34240			6
2025.06.19	00:41:14.732	1.34117	1.34237			6
2025.06.19	00:41:17.189		1.34234			4
2025.06.19	00:41:18.419	1.34118	1.34236			6
2025.06.19	00:41:19.030	1.34107	1.34239			6
2025.06.19	00:41:19.344	1.34128	1.34236			6
2025.06.19	00:41:19.953	1.34137	1.34227			6
2025.06.19	00:41:22.087	1.34105	1.34245			6
2025.06.19	00:41:23.307	1.34108				2
2025.06.19	00:41:23.923	1.34111	1.34239			6
2025.06.19	00:41:25.447	1.34112	1.34237			6
2025.06.19	00:41:26.677	1.34114	1.34242			6
2025.06.19	00:41:26.978	1.34134	1.34225			6
2025.06.19	00:41:27.283		1.34224			4
2025.06.19	00:41:28.203	1.34131	1.34221			6
2025.06.19	00:41:28.512	1.34130	1.34220			6
2025.06.19	00:41:30.040	1.34132	1.34222			6
2025.06.19	00:41:31.580	1.34122	1.34235			6
2025.06.19	00:41:31.900	1.34134	1.34224			6
2025.06.19	00:41:32.205	1.34133	1.34223			6
2025.06.19	00:41:32.515	1.34132	1.34222			6
2025.06.19	00:41:33.737	1.34133	1.34223			6
2025.06.19	00:41:35.891	1.34132	1.34222			6
2025.06.19	00:41:36.196	1.34123	1.34231			6
2025.06.19	00:41:36.508	1.34125	1.34229			6
2025.06.19	00:41:36.813	1.34130	1.34220			6
2025.06.19	00:41:37.125	1.34131	1.34221			6
2025.06.19	00:41:38.345	1.34129	1.34219			6
2025.06.19	00:41:39.571	1.34118	1.34234			6
2025.06.19	00:41:39.882	1.34121	1.34233			6
2025.06.19	00:41:40.493		1.34232			4
2025.06.19	00:41:41.725	1.34108	1.34243			6
2025.06.19	00:41:42.030	1.34130	1.34220			6
2025.06.19	00:41:42.342	1.34121	1.34232			6
2025.06.19	00:41:42.643	1.34126	1.34216			6
2025.06.19	00:41:43.864	1.34125	1.34215			6
2025.06.19	00:41:47.822	1.34123	1.34224			6
2025.06.19	00:41:48.125	1.34129	1.34220			6
2025.06.19	00:41:48.429	1.34128	1.34218			6
2025.06.19	00:41:49.036	1.34130	1.34220			6
2025.06.19	00:41:49.338	1.34128	1.34218			6
2025.06.19	00:41:50.247	1.34129	1.34219			6
2025.06.19	00:41:51.784	1.34117	1.34233			6
2025.06.19	00:41:52.086	1.34116	1.34232			6
2025.06.19	00:41:52.696	1.34115	1.34234			6
2025.06.19	00:41:54.532	1.34116	1.34233			6
2025.06.19	00:41:56.672	1.34119	1.34234			6
2025.06.19	00:41:56.973	1.34120	1.34235			6
2025.06.19	00:41:57.586	1.34127	1.34230			6
2025.06.19	00:41:57.893	1.34135	1.34225			6
2025.06.19	00:41:58.200	1.34118	1.34234			6
2025.06.19	00:41:58.516	1.34130	1.34220			6
2025.06.19	00:42:00.056	1.34130				2
2025.06.19	00:42:01.280	1.34110	1.34238			6
2025.06.19	00:42:01.583	1.34118	1.34235			6
2025.06.19	00:42:01.889		1.34233			4
2025.06.19	00:42:03.410	1.34119				2
2025.06.19	00:42:04.938	1.34120	1.34234			6
2025.06.19	00:42:05.857	1.34125	1.34235			6
2025.06.19	00:42:06.767		1.34237			4
2025.06.19	00:42:07.069	1.34131	1.34221			6
2025.06.19	00:42:07.990	1.34124	1.34227			6
2025.06.19	00:42:08.299	1.34130	1.34220			6
2025.06.19	00:42:08.910	1.34121	1.34211			6
2025.06.19	00:42:09.214	1.34124	1.34214			6
2025.06.19	00:42:10.128	1.34122	1.34212			6
2025.06.19	00:42:10.735	1.34132	1.34222			6
2025.06.19	00:42:11.652	1.34133	1.34223			6
2025.06.19	00:42:12.572	1.34132	1.34222			6
2025.06.19	00:42:13.485	1.34133	1.34223			6
2025.06.19	00:42:15.624	1.34134	1.34224			6
2025.06.19	00:42:15.928	1.34133	1.34223			6
2025.06.19	00:42:17.765	1.34134	1.34224			6
2025.06.19	00:42:22.062	1.34126	1.34216			6
2025.06.19	00:42:23.600	1.34107	1.34245			6
2025.06.19	00:42:23.907	1.34106				2
2025.06.19	00:42:24.208	1.34104				2
2025.06.19	00:42:25.438	1.34101				2
2025.06.19	00:42:25.741	1.34100				2
2025.06.19	00:42:26.046	1.34112	1.34237			6
2025.06.19	00:42:26.352		1.34236			4
2025.06.19	00:42:26.659	1.34130	1.34220			6
2025.06.19	00:42:28.186	1.34129	1.34219			6
2025.06.19	00:42:30.009	1.34128	1.34218			6
2025.06.19	00:42:30.921	1.34132	1.34222			6
2025.06.19	00:42:31.843	1.34115	1.34245			6
2025.06.19	00:42:32.151	1.34112				2
2025.06.19	00:42:32.457	1.34107				2
2025.06.19	00:42:33.999	1.34104				2
2025.06.19	00:42:34.921	1.34103				2
2025.06.19	00:42:35.225	1.34114	1.34235			6
2025.06.19	00:42:36.770	1.34127	1.34217			6
2025.06.19	00:42:38.295	1.34130	1.34220			6
2025.06.19	00:42:38.596	1.34125	1.34228			6
2025.06.19	00:42:38.900	1.34126	1.34216			6
2025.06.19	00:42:39.211	1.34121	1.34226			6
2025.06.19	00:42:39.526	1.34115	1.34238			6
2025.06.19	00:42:39.845	1.34125	1.34228			6
2025.06.19	00:42:40.456	1.34132	1.34222			6
2025.06.19	00:42:41.988	1.34133	1.34223			6
2025.06.19	00:42:42.897	1.34132	1.34222			6
2025.06.19	00:42:43.503	1.34130	1.34225			6
2025.06.19	00:42:43.808	1.34132	1.34222			6
2025.06.19	00:42:44.114	1.34129	1.34226			6
2025.06.19	00:42:44.438		1.34219			4
2025.06.19	00:42:45.049		1.34227			4
2025.06.19	00:42:45.970	1.34133	1.34223			6
2025.06.19	00:42:46.574	1.34132	1.34222			6
2025.06.19	00:42:46.880	1.34125	1.34231			6
2025.06.19	00:42:47.182	1.34133	1.34223			6
2025.06.19	00:42:49.038	1.34121	1.34235			6
2025.06.19	00:42:49.340	1.34131	1.34221			6
2025.06.19	00:42:49.654	1.34133	1.34223			6
2025.06.19	00:42:50.576	1.34132	1.34222			6
2025.06.19	00:42:52.112	1.34133	1.34223			6
2025.06.19	00:42:52.427	1.34124	1.34230			6
2025.06.19	00:42:52.730		1.34233			4
2025.06.19	00:42:53.651	1.34117	1.34245			6
2025.06.19	00:42:53.953	1.34125	1.34238			6
2025.06.19	00:42:55.187	1.34103	1.34245			6
2025.06.19	00:42:56.409	1.34104				2
2025.06.19	00:42:56.716	1.34109				2
2025.06.19	00:42:57.021	1.34107				2
2025.06.19	00:42:58.252	1.34106				2
2025.06.19	00:42:58.557	1.34118				2
2025.06.19	00:42:58.872	1.34137	1.34227			6
2025.06.19	00:43:00.095	1.34116	1.34245			6
2025.06.19	00:43:00.397	1.34121	1.34237			6
2025.06.19	00:43:00.705	1.34130	1.34233			6
2025.06.19	00:43:01.012	1.34127	1.34236			6
2025.06.19	00:43:01.321	1.34125	1.34233			6
2025.06.19	00:43:01.625	1.34135	1.34225			6
2025.06.19	00:43:01.930	1.34134	1.34224			6
2025.06.19	00:43:02.237	1.34132	1.34222			6
2025.06.19	00:43:03.145	1.34102	1.34245			6
2025.06.19	00:43:03.447	1.34101				2
2025.06.19	00:43:11.119	1.34102				2
2025.06.19	00:43:13.863	1.34103				2
2025.06.19	00:43:14.485	1.34102				2
2025.06.19	00:43:16.024	1.34103				2
2025.06.19	00:43:17.243	1.34107				2
2025.06.19	00:43:18.792	1.34108				2
2025.06.19	00:43:19.098	1.34111				2
2025.06.19	00:43:21.855	1.34112				2
2025.06.19	00:43:24.598	1.34111				2
2025.06.19	00:43:29.818	1.34108				2
2025.06.19	00:43:31.964	1.34107				2
2025.06.19	00:43:32.892	1.34106				2
2025.06.19	00:43:40.842	1.34107				2
2025.06.19	00:43:42.059	1.34109				2
2025.06.19	00:43:42.964	1.34094	1.34248			6
2025.06.19	00:43:43.277	1.34090	1.34265			6
2025.06.19	00:43:45.117	1.34089				2
2025.06.19	00:43:45.732	1.34085				2
2025.06.19	00:43:48.791	1.34087				2
2025.06.19	00:43:49.099	1.34088				2
2025.06.19	00:43:49.411	1.34089				2
2025.06.19	00:43:52.780	1.34091				2
2025.06.19	00:43:56.471	1.34092				2
2025.06.19	00:44:00.143	1.34092				2
2025.06.19	00:44:03.811	1.34091				2
2025.06.19	00:44:04.728	1.34092				2
2025.06.19	00:44:11.763	1.34091				2
2025.06.19	00:44:12.068	1.34094				2
2025.06.19	00:44:13.592	1.34093				2
2025.06.19	00:44:13.900	1.34094				2
2025.06.19	00:44:16.642	1.34093				2
2025.06.19	00:44:16.944	1.34094				2
2025.06.19	00:44:21.211	1.34093				2
2025.06.19	00:44:23.040	1.34092				2
2025.06.19	00:44:27.621	1.34083				2
2025.06.19	00:44:29.458	1.34090				2
2025.06.19	00:44:30.998	1.34089				2
2025.06.19	00:44:31.306	1.34090				2
2025.06.19	00:44:31.912	1.34093				2
2025.06.19	00:44:36.804	1.34094				2
2025.06.19	00:44:40.173	1.34092				2
2025.06.19	00:44:42.021	1.34094				2
2025.06.19	00:44:42.638		1.34269			4
2025.06.19	00:44:42.943	1.34093				2
2025.06.19	00:44:43.259	1.34094				2
2025.06.19	00:44:44.173	1.34093				2
2025.06.19	00:44:45.406	1.34094				2
2025.06.19	00:44:45.708	1.34092				2
2025.06.19	00:44:46.936	1.34094				2
2025.06.19	00:44:47.240	1.34100	1.34292			6
2025.06.19	00:44:47.554	1.34101	1.34293			6
2025.06.19	00:44:47.858	1.34103	1.34295			6
2025.06.19	00:44:48.166	1.34104				2
2025.06.19	00:44:48.475	1.34095	1.34286			6
2025.06.19	00:44:49.091		1.34287			4
2025.06.19	00:44:49.708	1.34096	1.34288			6
2025.06.19	00:44:50.934	1.34102	1.34294			6
2025.06.19	00:44:51.548	1.34103	1.34295			6
2025.06.19	00:44:53.086	1.34104				2
2025.06.19	00:44:53.394	1.34101	1.34293			6
2025.06.19	00:44:53.697	1.34099	1.34291			6
2025.06.19	00:44:54.002	1.34098	1.34290			6
2025.06.19	00:44:54.930	1.34096	1.34288			6
2025.06.19	00:44:56.157	1.34095	1.34286			6
2025.06.19	00:44:59.201		1.34284			4
2025.06.19	00:45:00.123	1.34095				2
2025.06.19	00:45:01.978	1.34092				2
2025.06.19	00:45:02.586	1.34089	1.34281			6
2025.06.19	00:45:02.893	1.34090	1.34282			6
2025.06.19	00:45:03.201	1.34094	1.34286			6
2025.06.19	00:45:04.430	1.34095				2
2025.06.19	00:45:09.013	1.34111	1.34266			6
2025.06.19	00:45:12.646	1.34112	1.34272			6
2025.06.19	00:45:16.637	1.34111	1.34266			6
2025.06.19	00:45:20.927		1.34265			4
2025.06.19	00:45:21.859		1.34264			4
2025.06.19	00:45:24.001		1.34270			4
2025.06.19	00:45:31.982		1.34265			4
2025.06.19	00:45:34.411		1.34266			4
2025.06.19	00:45:35.326		1.34269			4
2025.06.19	00:45:38.999		1.34262			4
2025.06.19	00:45:39.299		1.34263			4
2025.06.19	00:45:42.075		1.34264			4
2025.06.19	00:45:42.990		1.34266			4
2025.06.19	00:45:47.273		1.34269			4
2025.06.19	00:45:48.495		1.34268			4
2025.06.19	00:45:51.883		1.34260			4
2025.06.19	00:45:52.187		1.34262			4
2025.06.19	00:45:54.024		1.34260			4
2025.06.19	00:45:54.332		1.34259			4
2025.06.19	00:45:54.956		1.34260			4
2025.06.19	00:45:57.417		1.34259			4
2025.06.19	00:46:00.163	1.34111				2
2025.06.19	00:46:02.000		1.34262			4
2025.06.19	00:46:02.924		1.34264			4
2025.06.19	00:46:04.448		1.34260			4
2025.06.19	00:46:07.210		1.34269			4
2025.06.19	00:46:10.875		1.34262			4
2025.06.19	00:46:11.180		1.34261			4
2025.06.19	00:46:17.286		1.34260			4
2025.06.19	00:46:17.587		1.34262			4
2025.06.19	00:46:17.896		1.34261			4
2025.06.19	00:46:21.862		1.34260			4
2025.06.19	00:46:22.166		1.34256			4
2025.06.19	00:46:22.473		1.34264			4
2025.06.19	00:46:24.001		1.34265			4
2025.06.19	00:46:31.943		1.34260			4
2025.06.19	00:46:34.081		1.34258			4
2025.06.19	00:46:34.389		1.34260			4
2025.06.19	00:46:40.190		1.34262			4
2025.06.19	00:46:40.493		1.34266			4
2025.06.19	00:46:41.414		1.34267			4
2025.06.19	00:46:43.564		1.34266			4
2025.06.19	00:46:44.484		1.34267			4
2025.06.19	00:46:45.092		1.34268			4
2025.06.19	00:46:49.378		1.34269			4
2025.06.19	00:46:50.599		1.34268			4
2025.06.19	00:46:53.029		1.34267			4
2025.06.19	00:46:53.963		1.34265			4
2025.06.19	00:46:54.886		1.34266			4
2025.06.19	00:46:56.416		1.34270			4
2025.06.19	00:46:56.725	1.34117	1.34277			6
2025.06.19	00:46:57.027	1.34114	1.34274			6
2025.06.19	00:46:57.337	1.34118	1.34278			6
2025.06.19	00:46:57.638	1.34111	1.34271			6
2025.06.19	00:46:57.940		1.34267			4
2025.06.19	00:46:58.244		1.34268			4
2025.06.19	00:46:58.546	1.34114	1.34274			6
2025.06.19	00:46:59.176	1.34111	1.34270			6
2025.06.19	00:47:00.091	1.34111				2
2025.06.19	00:47:02.237	1.34110				2
2025.06.19	00:47:12.697	1.34108	1.34268			6
2025.06.19	00:47:13.617	1.34114	1.34274			6
2025.06.19	00:47:16.076	1.34106	1.34266			6
2025.06.19	00:47:16.384	1.34114	1.34274			6
2025.06.19	00:47:16.686	1.34109	1.34269			6
2025.06.19	00:47:17.000	1.34110	1.34270			6
2025.06.19	00:47:17.304	1.34111	1.34271			6
2025.06.19	00:47:17.610	1.34121	1.34281			6
2025.06.19	00:47:17.911	1.34120	1.34280			6
2025.06.19	00:47:18.230	1.34125	1.34285			6
2025.06.19	00:47:18.838	1.34122	1.34282			6
2025.06.19	00:47:19.448	1.34123	1.34283			6
2025.06.19	00:47:19.759	1.34122	1.34282			6
2025.06.19	00:47:20.987	1.34124	1.34284			6
2025.06.19	00:47:21.603	1.34114	1.34274			6
2025.06.19	00:47:21.908	1.34126	1.34286			6
2025.06.19	00:47:22.838	1.34120	1.34280			6
2025.06.19	00:47:25.294	1.34116	1.34276			6
2025.06.19	00:47:28.672	1.34118	1.34278			6
2025.06.19	00:47:28.979		1.34254			4
2025.06.19	00:47:29.280	1.34112	1.34272			6
2025.06.19	00:47:29.586	1.34120	1.34280			6
2025.06.19	00:47:29.889	1.34131	1.34291			6
2025.06.19	00:47:30.514	1.34128	1.34288			6
2025.06.19	00:47:30.821	1.34122	1.34282			6
2025.06.19	00:47:31.750	1.34120	1.34280			6
2025.06.19	00:47:35.121	1.34124	1.34284			6
2025.06.19	00:47:36.964	1.34122	1.34282			6
2025.06.19	00:47:37.884	1.34141	1.34280			6
2025.06.19	00:47:38.185		1.34286			4
2025.06.19	00:47:39.101		1.34282			4
2025.06.19	00:47:43.078		1.34280			4
2025.06.19	00:47:43.378		1.34285			4
2025.06.19	00:47:43.679		1.34284			4
2025.06.19	00:47:43.985	1.34115	1.34275			6
2025.06.19	00:47:44.301	1.34119	1.34279			6
2025.06.19	00:47:44.605	1.34126				2
2025.06.19	00:47:44.915	1.34117	1.34277			6
2025.06.19	00:47:45.221	1.34124	1.34279			6
2025.06.19	00:47:45.522	1.34118	1.34278			6
2025.06.19	00:47:45.826	1.34120	1.34279			6
2025.06.19	00:47:50.110	1.34118	1.34278			6
2025.06.19	00:47:52.860	1.34113	1.34273			6
2025.06.19	00:47:53.165	1.34119	1.34279			6
2025.06.19	00:47:53.473	1.34130				2
2025.06.19	00:47:54.084	1.34125				2
2025.06.19	00:47:54.388	1.34194	1.34254			6
2025.06.19	00:48:00.209	1.34194				2
2025.06.19	00:48:13.309		1.34253			4
2025.06.19	00:48:14.219		1.34251			4
2025.06.19	00:48:17.262		1.34252			4
2025.06.19	00:48:18.485		1.34251			4
2025.06.19	00:48:20.324		1.34250			4
2025.06.19	00:48:21.843		1.34249			4
2025.06.19	00:48:23.073		1.34245			4
2025.06.19	00:48:23.680		1.34248			4
2025.06.19	00:48:25.201		1.34247			4
2025.06.19	00:48:26.728		1.34249			4
2025.06.19	00:48:27.032		1.34253			4
2025.06.19	00:48:28.862		1.34254			4
2025.06.19	00:48:29.785		1.34253			4
2025.06.19	00:48:33.445		1.34252			4
2025.06.19	00:48:34.363		1.34250			4
2025.06.19	00:48:35.577		1.34247			4
2025.06.19	00:48:35.888		1.34251			4
2025.06.19	00:48:36.807		1.34252			4
2025.06.19	00:48:38.338		1.34251			4
2025.06.19	00:48:38.945	1.34197	1.34254			6
2025.06.19	00:48:40.485	1.34196				2
2025.06.19	00:48:42.922	1.34194				2
2025.06.19	00:48:43.826		1.34252			4
2025.06.19	00:48:44.738		1.34248			4
2025.06.19	00:48:45.039		1.34249			4
2025.06.19	00:48:45.352		1.34250			4
2025.06.19	00:48:45.663		1.34252			4
2025.06.19	00:48:46.583		1.34251			4
2025.06.19	00:48:48.118	1.34193				2
2025.06.19	00:48:48.421		1.34256			4
2025.06.19	00:48:49.635		1.34255			4
2025.06.19	00:48:50.239	1.34195	1.34256			6
2025.06.19	00:48:50.539	1.34197				2
2025.06.19	00:48:51.152	1.34196				2
2025.06.19	00:48:52.060		1.34254			4
2025.06.19	00:48:52.981	1.34194	1.34252			6
2025.06.19	00:48:53.898	1.34195	1.34253			6
2025.06.19	00:48:54.506	1.34194	1.34252			6
2025.06.19	00:48:54.810		1.34253			4
2025.06.19	00:48:56.646	1.34193	1.34256			6
2025.06.19	00:48:58.470		1.34257			4
2025.06.19	00:48:59.084		1.34258			4
2025.06.19	00:48:59.387	1.34194	1.34256			6
2025.06.19	00:49:00.295	1.34194				2
2025.06.19	00:49:00.597	1.34195	1.34255			6
2025.06.19	00:49:00.903	1.34196				2
2025.06.19	00:49:01.830	1.34197				2
2025.06.19	00:49:02.140	1.34196	1.34254			6
2025.06.19	00:49:03.671	1.34197	1.34255			6
2025.06.19	00:49:03.977	1.34195	1.34253			6
2025.06.19	00:49:04.596	1.34197	1.34255			6
2025.06.19	00:49:05.822	1.34196	1.34254			6
2025.06.19	00:49:07.354	1.34198	1.34256			6
2025.06.19	00:49:07.664	1.34196	1.34254			6
2025.06.19	00:49:08.877	1.34197	1.34255			6
2025.06.19	00:49:09.179	1.34198	1.34256			6
2025.06.19	00:49:09.485	1.34196	1.34254			6
2025.06.19	00:49:11.017	1.34197	1.34255			6
2025.06.19	00:49:13.460	1.34196	1.34254			6
2025.06.19	00:49:14.993	1.34197	1.34255			6
2025.06.19	00:49:16.204	1.34198	1.34256			6
2025.06.19	00:49:16.508	1.34197	1.34255			6
2025.06.19	00:49:16.808	1.34199	1.34257			6
2025.06.19	00:49:18.637	1.34198	1.34256			6
2025.06.19	00:49:19.853	1.34197	1.34255			6
2025.06.19	00:49:20.157	1.34198	1.34256			6
2025.06.19	00:49:21.375	1.34197	1.34255			6
2025.06.19	00:49:21.986	1.34206	1.34264			6
2025.06.19	00:49:22.292	1.34203	1.34261			6
2025.06.19	00:49:22.599	1.34202	1.34260			6
2025.06.19	00:49:22.908	1.34203	1.34261			6
2025.06.19	00:49:24.728	1.34201	1.34259			6
2025.06.19	00:49:28.078	1.34202	1.34260			6
2025.06.19	00:49:28.381	1.34204	1.34262			6
2025.06.19	00:49:28.687	1.34203	1.34261			6
2025.06.19	00:49:34.193	1.34199	1.34257			6
2025.06.19	00:49:34.797	1.34200	1.34258			6
2025.06.19	00:49:36.619	1.34201	1.34259			6
2025.06.19	00:49:37.830	1.34200	1.34258			6
2025.06.19	00:49:40.255	1.34199	1.34257			6
2025.06.19	00:49:40.562	1.34198	1.34256			6
2025.06.19	00:49:41.169	1.34199	1.34257			6
2025.06.19	00:49:43.917	1.34196	1.34254			6
2025.06.19	00:49:47.874	1.34193	1.34273			6
2025.06.19	00:49:48.180		1.34274			4
2025.06.19	00:49:50.649		1.34272			4
2025.06.19	00:49:52.189	1.34198	1.34276			6
2025.06.19	00:49:54.349		1.34277			4
2025.06.19	00:49:55.264	1.34197	1.34275			6
2025.06.19	00:49:56.799		1.34274			4
2025.06.19	00:50:00.185	1.34197				2
2025.06.19	00:50:01.729		1.34273			4
2025.06.19	00:50:02.032	1.34193	1.34279			6
2025.06.19	00:50:02.656		1.34282			4
2025.06.19	00:50:02.962		1.34271			4
2025.06.19	00:50:04.193		1.34272			4
2025.06.19	00:50:07.266		1.34279			4
2025.06.19	00:50:09.113	1.34196				2
2025.06.19	00:50:10.953		1.34278			4
2025.06.19	00:50:12.183		1.34280			4
2025.06.19	00:50:15.881	1.34190				2
2025.06.19	00:50:17.429	1.34191	1.34281			6
2025.06.19	00:50:18.965	1.34190	1.34279			6
2025.06.19	00:50:19.279	1.34210	1.34280			6
2025.06.19	00:50:24.497		1.34278			4
2025.06.19	00:50:26.347		1.34281			4
2025.06.19	00:50:28.490		1.34271			4
2025.06.19	00:50:28.797		1.34272			4
2025.06.19	00:50:29.720		1.34270			4
2025.06.19	00:50:31.575		1.34279			4
2025.06.19	00:50:33.106		1.34281			4
2025.06.19	00:50:35.881		1.34280			4
2025.06.19	00:50:38.963		1.34279			4
2025.06.19	00:50:39.272		1.34278			4
2025.06.19	00:50:39.881		1.34276			4
2025.06.19	00:50:40.805		1.34270			4
2025.06.19	00:50:42.035		1.34273			4
2025.06.19	00:50:43.879		1.34261			4
2025.06.19	00:50:44.179		1.34265			4
2025.06.19	00:50:44.795		1.34266			4
2025.06.19	00:50:45.102		1.34282			4
2025.06.19	00:50:46.030		1.34280			4
2025.06.19	00:50:47.878	1.34222				2
2025.06.19	00:50:48.186	1.34210				2
2025.06.19	00:50:50.335	1.34194	1.34296			6
2025.06.19	00:50:50.636	1.34186	1.34277			6
2025.06.19	00:50:54.960	1.34221				2
2025.06.19	00:50:55.881	1.34186				2
2025.06.19	00:51:00.198	1.34186				2
2025.06.19	00:51:02.346	1.34222				2
2025.06.19	00:51:05.990	1.34221	1.34285			6
2025.06.19	00:51:06.295	1.34227				2
2025.06.19	00:51:12.720	1.34226	1.34284			6
2025.06.19	00:51:13.025	1.34227	1.34285			6
2025.06.19	00:51:18.826	1.34217	1.34275			6
2025.06.19	00:51:19.130	1.34224	1.34282			6
2025.06.19	00:51:26.435	1.34226	1.34284			6
2025.06.19	00:51:26.744	1.34221	1.34279			6
2025.06.19	00:51:28.891	1.34220	1.34278			6
2025.06.19	00:51:29.192	1.34222	1.34280			6
2025.06.19	00:51:29.498	1.34223	1.34281			6
2025.06.19	00:51:31.328	1.34218	1.34276			6
2025.06.19	00:51:31.631	1.34209	1.34267			6
2025.06.19	00:51:32.550	1.34203	1.34246			6
2025.06.19	00:51:32.855	1.34201				2
2025.06.19	00:51:35.600	1.34181	1.34245			6
2025.06.19	00:51:53.150	1.34178	1.34243			6
2025.06.19	00:52:00.229	1.34178				2
2025.06.19	00:52:43.972		1.34242			4
2025.06.19	00:52:48.284		1.34241			4
2025.06.19	00:52:50.444		1.34242			4
2025.06.19	00:52:50.755		1.34241			4
2025.06.19	00:52:51.674		1.34242			4
2025.06.19	00:52:52.920	1.34177				2
2025.06.19	00:53:00.004	1.34177				2
2025.06.19	00:53:39.966		1.34241			4
2025.06.19	00:53:41.805		1.34244			4
2025.06.19	00:53:53.128	1.34179				2
2025.06.19	00:54:00.159	1.34179				2
2025.06.19	00:54:27.716	1.34182				2
2025.06.19	00:54:28.327		1.34240			4
2025.06.19	00:54:31.703		1.34239			4
2025.06.19	00:54:38.136		1.34241			4
2025.06.19	00:54:38.751		1.34240			4
2025.06.19	00:54:43.028		1.34239			4
2025.06.19	00:54:43.949		1.34238			4
2025.06.19	00:54:50.094		1.34237			4
2025.06.19	00:54:53.175		1.34238			4
2025.06.19	00:54:59.031		1.34231			4
2025.06.19	00:54:59.335		1.34230			4
2025.06.19	00:55:00.256	1.34182	1.34231			6
2025.06.19	00:55:02.724		1.34228			4
2025.06.19	00:55:06.725		1.34229			4
2025.06.19	00:55:07.965		1.34234			4
2025.06.19	00:55:08.576		1.34233			4
2025.06.19	00:55:12.880		1.34235			4
2025.06.19	00:55:15.329		1.34234			4
2025.06.19	00:55:22.676		1.34232			4
2025.06.19	00:55:24.511		1.34231			4
2025.06.19	00:55:24.818		1.34230			4
2025.06.19	00:55:32.173		1.34239			4
2025.06.19	00:55:33.095		1.34240			4
2025.06.19	00:55:33.402		1.34233			4
2025.06.19	00:55:34.330		1.34234			4
2025.06.19	00:55:35.871		1.34229			4
2025.06.19	00:55:36.180		1.34230			4
2025.06.19	00:55:38.334		1.34239			4
2025.06.19	00:55:40.799		1.34242			4
2025.06.19	00:55:47.510		1.34239			4
2025.06.19	00:55:47.813		1.34240			4
2025.06.19	00:55:55.148		1.34241			4
2025.06.19	00:56:00.033	1.34182				2
2025.06.19	00:56:22.327	1.34184				2
2025.06.19	00:56:32.454	1.34180				2
2025.06.19	00:56:33.988	1.34179				2
2025.06.19	00:56:38.904	1.34183				2
2025.06.19	00:56:39.214	1.34184				2
2025.06.19	00:56:42.297		1.34240			4
2025.06.19	00:56:54.581	1.34180				2
2025.06.19	00:56:54.899	1.34156				2
2025.06.19	00:57:00.129	1.34156				2
2025.06.19	00:57:05.372	1.34155	1.34246			6
2025.06.19	00:57:05.673	1.34157				2
2025.06.19	00:57:08.752	1.34155				2
2025.06.19	00:57:11.820		1.34244			4
2025.06.19	00:57:16.441		1.34246			4
2025.06.19	00:57:17.681	1.34160	1.34242			6
2025.06.19	00:57:17.981		1.34237			4
2025.06.19	00:57:18.601		1.34242			4
2025.06.19	00:57:31.201	1.34162	1.34236			6
2025.06.19	00:57:33.353	1.34160				2
2025.06.19	00:57:37.345	1.34172	1.34221			6
2025.06.19	00:57:37.646		1.34220			4
2025.06.19	00:57:49.214	1.34160	1.34239			6
2025.06.19	00:57:49.523		1.34241			4
2025.06.19	00:57:49.838		1.34242			4
2025.06.19	00:58:00.315	1.34160				2
2025.06.19	00:58:09.552		1.34234			4
2025.06.19	00:58:23.122	1.34155	1.34245			6
2025.06.19	00:58:24.039		1.34249			4
2025.06.19	00:58:24.344	1.34157				2
2025.06.19	00:58:26.805	1.34131	1.34289			6
2025.06.19	00:58:27.106	1.34147	1.34287			6
2025.06.19	00:58:27.422	1.34133	1.34282			6
2025.06.19	00:58:30.804		1.34283			4
2025.06.19	00:58:32.345	1.34134	1.34294			6
2025.06.19	00:58:33.589	1.34133	1.34289			6
2025.06.19	00:58:34.200		1.34282			4
2025.06.19	00:58:37.581	1.34135	1.34294			6
2025.06.19	00:58:38.812	1.34133	1.34280			6
2025.06.19	00:58:46.829	1.34138				2
2025.06.19	00:58:49.910	1.34137				2
2025.06.19	00:58:50.840	1.34145				2
2025.06.19	00:58:51.461	1.34141				2
2025.06.19	00:58:51.770	1.34145				2
2025.06.19	00:58:52.080	1.34142				2
2025.06.19	00:58:53.620	1.34145				2
2025.06.19	00:58:53.924	1.34142				2
2025.06.19	00:58:54.545	1.34141				2
2025.06.19	00:58:55.466	1.34144				2
2025.06.19	00:58:56.078	1.34141				2
2025.06.19	00:58:59.473	1.34140				2
2025.06.19	00:58:59.776	1.34145				2
2025.06.19	00:59:00.078	1.34141				2
2025.06.19	00:59:01.936	1.34140				2
2025.06.19	00:59:05.019	1.34141				2
2025.06.19	00:59:09.625	1.34140				2
2025.06.19	00:59:09.928	1.34143				2
2025.06.19	00:59:10.248	1.34145				2
2025.06.19	00:59:11.478	1.34142				2
2025.06.19	00:59:13.327	1.34141				2
2025.06.19	00:59:15.472	1.34140				2
2025.06.19	00:59:19.784		1.34266			4
2025.06.19	00:59:20.090	1.34138	1.34289			6
2025.06.19	00:59:20.397	1.34139				2
2025.06.19	00:59:20.699	1.34144	1.34261			6
2025.06.19	00:59:21.000	1.34136	1.34287			6
2025.06.19	00:59:21.609		1.34260			4
2025.06.19	00:59:21.922	1.34137				2
2025.06.19	00:59:22.846	1.34133				2
2025.06.19	00:59:23.763	1.34134				2
2025.06.19	00:59:24.072	1.34136				2
2025.06.19	00:59:24.379	1.34134				2
2025.06.19	00:59:24.999	1.34137				2
2025.06.19	00:59:28.662	1.34139	1.34261			6
2025.06.19	00:59:32.664	1.34137				2
2025.06.19	00:59:33.591		1.34263			4
2025.06.19	00:59:34.203	1.34141				2
2025.06.19	00:59:36.668	1.34206	1.34267			6
2025.06.19	00:59:37.292		1.34265			4
2025.06.19	00:59:39.735	1.34222	1.34304			6
2025.06.19	00:59:54.182	1.34241	1.34305			6
2025.06.19	00:59:57.587	1.34220				2
2025.06.19	01:00:00.048	1.34220				2
2025.06.19	01:00:00.350		1.34309			4
2025.06.19	01:00:00.659		1.34285			4
2025.06.19	01:00:00.964		1.34282			4
2025.06.19	01:00:01.271		1.34270			4
2025.06.19	01:00:01.574	1.34219	1.34265			6
2025.06.19	01:00:01.875	1.34227	1.34269			6
2025.06.19	01:00:02.484	1.34198	1.34283			6
2025.06.19	01:00:02.791	1.34192	1.34293			6
2025.06.19	01:00:03.095	1.34196	1.34291			6
2025.06.19	01:00:03.406	1.34195	1.34289			6
2025.06.19	01:00:04.020	1.34191	1.34295			6
2025.06.19	01:00:04.324	1.34188	1.34298			6
2025.06.19	01:00:04.626	1.34186	1.34296			6
2025.06.19	01:00:04.932	1.34220				2
2025.06.19	01:00:05.234	1.34187	1.34297			6
2025.06.19	01:00:05.843	1.34188	1.34298			6
2025.06.19	01:00:06.767		1.34278			4
2025.06.19	01:00:07.079	1.34186	1.34288			6
2025.06.19	01:00:07.380	1.34188				2
2025.06.19	01:00:07.687	1.34187	1.34291			6
2025.06.19	01:00:07.988	1.34191	1.34294			6
2025.06.19	01:00:08.299	1.34190	1.34295			6
2025.06.19	01:00:08.605	1.34192	1.34294			6
2025.06.19	01:00:08.906	1.34196	1.34290			6
2025.06.19	01:00:09.218	1.34195	1.34289			6
2025.06.19	01:00:09.521	1.34196	1.34290			6
2025.06.19	01:00:09.822	1.34199	1.34286			6
2025.06.19	01:00:10.126	1.34191	1.34294			6
2025.06.19	01:00:10.430	1.34193	1.34292			6
2025.06.19	01:00:11.054	1.34196	1.34252			6
2025.06.19	01:00:11.354	1.34197				2
2025.06.19	01:00:11.660	1.34194	1.34282			6
2025.06.19	01:00:11.965	1.34188	1.34249			6
2025.06.19	01:00:12.272	1.34186				2
2025.06.19	01:00:12.576	1.34191				2
2025.06.19	01:00:12.886	1.34186				2
2025.06.19	01:00:13.198	1.34188				2
2025.06.19	01:00:13.501	1.34187				2
2025.06.19	01:00:13.810	1.34186	1.34245			6
2025.06.19	01:00:14.111	1.34187				2
2025.06.19	01:00:14.415		1.34246			4
2025.06.19	01:00:14.719	1.34186	1.34245			6
2025.06.19	01:00:15.021	1.34189				2
2025.06.19	01:00:15.936	1.34188				2
2025.06.19	01:00:16.238	1.34203				2
2025.06.19	01:00:16.848	1.34201	1.34246			6
2025.06.19	01:00:17.149		1.34245			4
2025.06.19	01:00:18.667		1.34242			4
2025.06.19	01:00:19.574		1.34241			4
2025.06.19	01:00:20.185	1.34184	1.34242			6
2025.06.19	01:00:20.493	1.34187				2
2025.06.19	01:00:20.801	1.34188				2
2025.06.19	01:00:22.335	1.34191				2
2025.06.19	01:00:22.636	1.34201	1.34241			6
2025.06.19	01:00:23.546		1.34242			4
2025.06.19	01:00:26.883	1.34209	1.34254			6
2025.06.19	01:00:29.032	1.34210	1.34274			6
2025.06.19	01:00:29.660		1.34267			4
2025.06.19	01:00:30.267	1.34209	1.34263			6
2025.06.19	01:00:31.183	1.34210	1.34265			6
2025.06.19	01:00:31.494	1.34209	1.34262			6
2025.06.19	01:00:33.337	1.34208	1.34256			6
2025.06.19	01:00:34.254	1.34209	1.34253			6
2025.06.19	01:00:36.381	1.34200	1.34243			6
2025.06.19	01:00:36.685		1.34241			4
2025.06.19	01:00:40.357	1.34202				2
2025.06.19	01:00:40.976	1.34203				2
2025.06.19	01:00:43.417	1.34208	1.34237			6
2025.06.19	01:00:43.723	1.34214	1.34236			6
2025.06.19	01:00:44.025	1.34208				2
2025.06.19	01:00:44.334	1.34211				2
2025.06.19	01:00:44.641	1.34209				2
2025.06.19	01:00:44.950	1.34210				2
2025.06.19	01:00:45.256	1.34211				2
2025.06.19	01:00:45.558	1.34210				2
2025.06.19	01:00:46.784	1.34211				2
2025.06.19	01:00:49.836	1.34213	1.34235			6
2025.06.19	01:00:50.138	1.34212	1.34234			6
2025.06.19	01:00:50.440	1.34214				2
2025.06.19	01:00:50.748	1.34213				2
2025.06.19	01:00:51.052	1.34210				2
2025.06.19	01:00:52.592	1.34211				2
2025.06.19	01:00:54.119	1.34212				2
2025.06.19	01:00:56.265		1.34235			4
2025.06.19	01:00:56.887	1.34206	1.34231			6
2025.06.19	01:00:57.193	1.34207				2
2025.06.19	01:00:58.109	1.34216				2
2025.06.19	01:00:58.414	1.34211				2
2025.06.19	01:00:59.331		1.34225			4
2025.06.19	01:00:59.639	1.34210				2
2025.06.19	01:01:00.246	1.34210				2
2025.06.19	01:01:00.549	1.34223				2
2025.06.19	01:01:01.152	1.34222				2
2025.06.19	01:01:01.458	1.34223	1.34226			6
2025.06.19	01:01:02.363	1.34229	1.34231			6
2025.06.19	01:01:02.675	1.34211				2
2025.06.19	01:01:03.290	1.34209				2
2025.06.19	01:01:03.897	1.34211				2
2025.06.19	01:01:04.500	1.34210				2
2025.06.19	01:01:05.411	1.34211				2
2025.06.19	01:01:06.318	1.34210	1.34237			6
2025.06.19	01:01:06.618	1.34211				2
2025.06.19	01:01:07.529	1.34212				2
2025.06.19	01:01:08.440	1.34214	1.34245			6
2025.06.19	01:01:08.741	1.34212				2
2025.06.19	01:01:09.043	1.34213				2
2025.06.19	01:01:09.349	1.34214				2
2025.06.19	01:01:11.499	1.34230	1.34233			6
2025.06.19	01:01:11.807	1.34213	1.34245			6
2025.06.19	01:01:12.107	1.34210				2
2025.06.19	01:01:12.711	1.34212				2
2025.06.19	01:01:13.332	1.34213	1.34240			6
2025.06.19	01:01:13.640	1.34230	1.34233			6
2025.06.19	01:01:13.943	1.34231	1.34234			6
2025.06.19	01:01:14.253	1.34213	1.34240			6
2025.06.19	01:01:16.384	1.34211	1.34241			6
2025.06.19	01:01:16.986	1.34219	1.34255			6
2025.06.19	01:01:17.293		1.34249			4
2025.06.19	01:01:17.596	1.34220	1.34241			6
2025.06.19	01:01:18.211	1.34219				2
2025.06.19	01:01:18.822	1.34220				2
2025.06.19	01:01:19.427	1.34240				2
2025.06.19	01:01:19.730	1.34222				2
2025.06.19	01:01:20.032	1.34221				2
2025.06.19	01:01:20.340	1.34216				2
2025.06.19	01:01:20.645	1.34218				2
2025.06.19	01:01:21.270	1.34236	1.34239			6
2025.06.19	01:01:21.887	1.34218	1.34242			6
2025.06.19	01:01:22.189	1.34236	1.34239			6
2025.06.19	01:01:29.210	1.34237	1.34240			6
2025.06.19	01:01:30.129	1.34236	1.34239			6
2025.06.19	01:01:32.879	1.34233	1.34234			6
2025.06.19	01:01:33.489	1.34237	1.34240			6
2025.06.19	01:01:33.796	1.34233	1.34234			6
2025.06.19	01:01:36.249	1.34235	1.34236			6
2025.06.19	01:01:36.553	1.34218	1.34221			6
2025.06.19	01:01:36.858	1.34220	1.34223			6
2025.06.19	01:01:37.160	1.34214	1.34224			6
2025.06.19	01:01:38.381	1.34215				2
2025.06.19	01:01:41.134	1.34216				2
2025.06.19	01:01:42.359	1.34217				2
2025.06.19	01:01:42.664	1.34218				2
2025.06.19	01:01:42.965	1.34219				2
2025.06.19	01:01:44.175	1.34220				2
2025.06.19	01:01:47.241	1.34221				2
2025.06.19	01:01:50.914	1.34220	1.34223			6
2025.06.19	01:01:51.835	1.34219	1.34222			6
2025.06.19	01:01:52.446	1.34218	1.34221			6
2025.06.19	01:01:53.363	1.34219	1.34222			6
2025.06.19	01:01:53.978	1.34218	1.34221			6
2025.06.19	01:01:56.118	1.34217	1.34220			6
2025.06.19	01:01:56.420	1.34219	1.34222			6
2025.06.19	01:01:58.570	1.34220	1.34223			6
2025.06.19	01:01:59.485	1.34219	1.34222			6
2025.06.19	01:02:00.103	1.34219				2
2025.06.19	01:02:01.635	1.34220	1.34223			6
2025.06.19	01:02:02.250	1.34221	1.34224			6
2025.06.19	01:02:02.555	1.34220	1.34223			6
2025.06.19	01:02:05.300	1.34221	1.34224			6
2025.06.19	01:02:05.608	1.34222	1.34225			6
2025.06.19	01:02:12.018	1.34223	1.34226			6
2025.06.19	01:02:21.814	1.34222	1.34225			6
2025.06.19	01:02:22.117	1.34223	1.34226			6
2025.06.19	01:02:32.824	1.34222	1.34225			6
2025.06.19	01:02:35.275	1.34223	1.34226			6
2025.06.19	01:02:49.973		1.34225			4
2025.06.19	01:02:50.281		1.34226			4
2025.06.19	01:02:51.800		1.34225			4
2025.06.19	01:02:52.720		1.34226			4
2025.06.19	01:02:56.395		1.34225			4
2025.06.19	01:03:00.045	1.34223				2
2025.06.19	01:03:00.954		1.34224			4
2025.06.19	01:03:03.102	1.34224	1.34227			6
2025.06.19	01:03:03.406	1.34226	1.34229			6
2025.06.19	01:03:04.331	1.34225				2
2025.06.19	01:03:10.145	1.34226				2
2025.06.19	01:03:12.000	1.34225	1.34228			6
2025.06.19	01:03:12.303	1.34224	1.34227			6
2025.06.19	01:03:13.835	1.34225	1.34228			6
2025.06.19	01:03:18.093	1.34226	1.34229			6
2025.06.19	01:03:30.918	1.34225	1.34228			6
2025.06.19	01:03:31.830	1.34226	1.34229			6
2025.06.19	01:03:35.502	1.34225	1.34228			6
2025.06.19	01:03:35.804	1.34226	1.34229			6
2025.06.19	01:03:41.938	1.34225	1.34228			6
2025.06.19	01:03:52.389	1.34226	1.34229			6
2025.06.19	01:03:54.855	1.34225	1.34228			6
2025.06.19	01:04:00.040	1.34225				2
2025.06.19	01:04:01.878	1.34226	1.34229			6
2025.06.19	01:04:11.933	1.34225	1.34228			6
2025.06.19	01:04:13.146	1.34229	1.34232			6
2025.06.19	01:04:13.756	1.34232	1.34235			6
2025.06.19	01:04:14.060	1.34233	1.34236			6
2025.06.19	01:04:14.361	1.34231	1.34240			6
2025.06.19	01:04:14.973	1.34234				2
2025.06.19	01:04:15.278		1.34239			4
2025.06.19	01:04:15.886		1.34238			4
2025.06.19	01:04:19.549		1.34240			4
2025.06.19	01:04:20.158		1.34239			4
2025.06.19	01:04:22.603		1.34238			4
2025.06.19	01:04:23.223		1.34236			4
2025.06.19	01:04:25.362		1.34235			4
2025.06.19	01:04:26.898		1.34236			4
2025.06.19	01:04:28.114		1.34235			4
2025.06.19	01:04:32.680	1.34235	1.34238			6
2025.06.19	01:04:33.291	1.34234				2
2025.06.19	01:04:33.598		1.34237			4
2025.06.19	01:04:34.212		1.34235			4
2025.06.19	01:04:34.517		1.34236			4
2025.06.19	01:04:35.131		1.34237			4
2025.06.19	01:04:38.164	1.34235	1.34238			6
2025.06.19	01:04:38.469	1.34236	1.34239			6
2025.06.19	01:04:42.427	1.34235	1.34238			6
2025.06.19	01:04:44.252	1.34234	1.34237			6
2025.06.19	01:04:45.484	1.34235	1.34238			6
2025.06.19	01:04:48.859	1.34237	1.34240			6
2025.06.19	01:04:50.681	1.34235	1.34238			6
2025.06.19	01:04:51.592	1.34236	1.34239			6
2025.06.19	01:04:52.198	1.34237	1.34240			6
2025.06.19	01:04:54.037		1.34239			4
2025.06.19	01:04:57.381	1.34236				2
2025.06.19	01:05:00.122	1.34236				2
2025.06.19	01:05:05.320	1.34237	1.34240			6
2025.06.19	01:05:05.932	1.34238	1.34241			6
2025.06.19	01:05:06.238	1.34237	1.34240			6
2025.06.19	01:05:07.154	1.34239	1.34242			6
2025.06.19	01:05:07.460	1.34240	1.34241			6
2025.06.19	01:05:08.068	1.34238				2
2025.06.19	01:05:08.372	1.34239	1.34242			6
2025.06.19	01:05:08.994	1.34240	1.34243			6
2025.06.19	01:05:09.297	1.34241	1.34242			6
2025.06.19	01:05:11.117	1.34239				2
2025.06.19	01:05:11.724	1.34241				2
2025.06.19	01:05:12.038	1.34238	1.34240			6
2025.06.19	01:05:19.081	1.34239				2
2025.06.19	01:05:21.808	1.34238	1.34241			6
2025.06.19	01:05:26.055	1.34237	1.34240			6
2025.06.19	01:05:27.272	1.34238	1.34241			6
2025.06.19	01:05:28.787	1.34239	1.34242			6
2025.06.19	01:05:29.089	1.34238	1.34241			6
2025.06.19	01:05:29.694	1.34239	1.34242			6
2025.06.19	01:05:34.264		1.34246			4
2025.06.19	01:05:34.876	1.34241				2
2025.06.19	01:05:40.999	1.34242	1.34249			6
2025.06.19	01:05:41.312	1.34243	1.34246			6
2025.06.19	01:05:42.225	1.34244				2
2025.06.19	01:05:42.843	1.34243				2
2025.06.19	01:05:43.765	1.34242				2
2025.06.19	01:05:44.071	1.34243				2
2025.06.19	01:05:44.372		1.34247			4
2025.06.19	01:05:45.289	1.34244				2
2025.06.19	01:05:45.592	1.34241	1.34243			6
2025.06.19	01:05:45.899		1.34244			4
2025.06.19	01:05:46.200		1.34245			4
2025.06.19	01:05:47.724		1.34243			4
2025.06.19	01:05:48.331		1.34242			4
2025.06.19	01:05:52.622	1.34245	1.34246			6
2025.06.19	01:05:53.235	1.34241				2
2025.06.19	01:05:59.943	1.34242				2
2025.06.19	01:06:00.246	1.34243				2
2025.06.19	01:06:01.157	1.34242				2
2025.06.19	01:06:02.385	1.34243				2
2025.06.19	01:06:03.603	1.34244				2
2025.06.19	01:06:03.906	1.34243				2
2025.06.19	01:06:04.213	1.34244				2
2025.06.19	01:06:05.428	1.34243				2
2025.06.19	01:06:06.645	1.34244				2
2025.06.19	01:06:09.698	1.34245				2
2025.06.19	01:06:10.009	1.34244				2
2025.06.19	01:06:10.323		1.34247			4
2025.06.19	01:06:11.864	1.34245	1.34248			6
2025.06.19	01:06:16.151		1.34246			4
2025.06.19	01:06:20.278	1.34244				2
2025.06.19	01:06:23.933	1.34245	1.34248			6
2025.06.19	01:06:25.149	1.34244	1.34247			6
2025.06.19	01:06:27.915	1.34243	1.34246			6
2025.06.19	01:06:28.225	1.34244	1.34247			6
2025.06.19	01:06:29.457		1.34246			4
2025.06.19	01:06:31.901	1.34243				2
2025.06.19	01:06:52.049	1.34242	1.34245			6
2025.06.19	01:06:58.490		1.34244			4
2025.06.19	01:06:59.094		1.34245			4
2025.06.19	01:07:00.020	1.34242				2
2025.06.19	01:07:02.159	1.34243	1.34246			6
2025.06.19	01:07:10.431	1.34242	1.34245			6
2025.06.19	01:07:11.037	1.34243	1.34246			6
2025.06.19	01:07:22.045	1.34242	1.34245			6
2025.06.19	01:07:31.871	1.34243	1.34246			6
2025.06.19	01:07:33.415	1.34242				2
2025.06.19	01:07:38.334	1.34243				2
2025.06.19	01:07:41.115	1.34244	1.34247			6
2025.06.19	01:07:41.425	1.34243	1.34246			6
2025.06.19	01:07:48.215	1.34242	1.34245			6
2025.06.19	01:07:48.522	1.34243	1.34246			6
2025.06.19	01:07:49.141	1.34244	1.34247			6
2025.06.19	01:07:49.761	1.34243	1.34246			6
2025.06.19	01:07:50.381	1.34244	1.34247			6
2025.06.19	01:07:58.399	1.34242	1.34245			6
2025.06.19	01:07:59.325		1.34247			4
2025.06.19	01:07:59.629		1.34248			4
2025.06.19	01:08:00.241	1.34242	1.34247			6
2025.06.19	01:08:01.169		1.34248			4
2025.06.19	01:08:04.254		1.34247			4
2025.06.19	01:08:06.105		1.34246			4
2025.06.19	01:08:08.264	1.34243				2
2025.06.19	01:08:09.172	1.34242	1.34245			6
2025.06.19	01:08:09.478	1.34243	1.34246			6
2025.06.19	01:08:11.914	1.34244	1.34247			6
2025.06.19	01:08:16.171	1.34242	1.34245			6
2025.06.19	01:08:17.104		1.34248			4
2025.06.19	01:08:22.357		1.34251			4
2025.06.19	01:08:22.665	1.34245				2
2025.06.19	01:08:22.966		1.34250			4
2025.06.19	01:08:23.275		1.34251			4
2025.06.19	01:08:25.126	1.34246				2
2025.06.19	01:08:31.289		1.34250			4
2025.06.19	01:08:33.137		1.34249			4
2025.06.19	01:08:36.195	1.34247	1.34250			6
2025.06.19	01:08:36.499	1.34246	1.34249			6
2025.06.19	01:08:44.121		1.34248			4
2025.06.19	01:08:45.035		1.34247			4
2025.06.19	01:08:45.658		1.34248			4
2025.06.19	01:08:52.054		1.34249			4
2025.06.19	01:08:52.362		1.34248			4
2025.06.19	01:08:53.581	1.34254	1.34257			6
2025.06.19	01:08:53.889	1.34253	1.34256			6
2025.06.19	01:08:54.200	1.34247	1.34258			6
2025.06.19	01:08:55.124	1.34248				2
2025.06.19	01:08:59.131	1.34250				2
2025.06.19	01:09:00.057	1.34250				2
2025.06.19	01:09:01.286	1.34251				2
2025.06.19	01:09:01.599	1.34253	1.34262			6
2025.06.19	01:09:02.210	1.34254	1.34261			6
2025.06.19	01:09:02.517	1.34255				2
2025.06.19	01:09:04.366		1.34260			4
2025.06.19	01:09:05.598	1.34257				2
2025.06.19	01:09:06.210		1.34259			4
2025.06.19	01:09:06.826	1.34259	1.34260			6
2025.06.19	01:09:10.161	1.34260	1.34261			6
2025.06.19	01:09:17.784		1.34263			4
2025.06.19	01:09:23.916	1.34261	1.34264			6
2025.06.19	01:09:24.826	1.34260	1.34263			6
2025.06.19	01:09:26.054	1.34261	1.34264			6
2025.06.19	01:09:32.470	1.34262	1.34265			6
2025.06.19	01:09:34.905	1.34263	1.34266			6
2025.06.19	01:09:35.216	1.34267	1.34270			6
2025.06.19	01:09:35.517	1.34269	1.34272			6
2025.06.19	01:09:36.123	1.34266	1.34276			6
2025.06.19	01:09:37.356	1.34271				2
2025.06.19	01:09:39.198		1.34275			4
2025.06.19	01:09:40.123		1.34274			4
2025.06.19	01:09:40.425	1.34266	1.34270			6
2025.06.19	01:09:41.350		1.34271			4
2025.06.19	01:09:44.417	1.34263	1.34269			6
2025.06.19	01:09:45.646	1.34266	1.34268			6
2025.06.19	01:09:45.954		1.34267			4
2025.06.19	01:09:46.873		1.34268			4
2025.06.19	01:09:47.483		1.34271			4
2025.06.19	01:09:54.227		1.34270			4
2025.06.19	01:09:55.146	1.34269	1.34271			6
2025.06.19	01:09:56.052	1.34268				2
2025.06.19	01:09:56.973	1.34269				2
2025.06.19	01:10:00.005	1.34269				2
2025.06.19	01:10:00.309	1.34267	1.34270			6
2025.06.19	01:10:00.613	1.34268	1.34271			6
2025.06.19	01:10:01.227	1.34264	1.34267			6
2025.06.19	01:10:02.165	1.34263				2
2025.06.19	01:10:02.471	1.34264	1.34268			6
2025.06.19	01:10:03.386	1.34265				2
2025.06.19	01:10:03.695	1.34264	1.34267			6
2025.06.19	01:10:04.299	1.34265	1.34268			6
2025.06.19	01:10:06.439	1.34266	1.34269			6
2025.06.19	01:10:08.266	1.34267				2
2025.06.19	01:10:09.791	1.34268				2
2025.06.19	01:10:13.148	1.34267				2
2025.06.19	01:10:14.062	1.34265	1.34268			6
2025.06.19	01:10:14.667	1.34264	1.34267			6
2025.06.19	01:10:14.976	1.34265	1.34268			6
2025.06.19	01:10:15.894	1.34266	1.34269			6
2025.06.19	01:10:16.206	1.34265	1.34270			6
2025.06.19	01:10:17.122		1.34269			4
2025.06.19	01:10:18.352	1.34266				2
2025.06.19	01:10:19.273	1.34267	1.34270			6
2025.06.19	01:10:19.881	1.34268	1.34271			6
2025.06.19	01:10:20.486		1.34269			4
2025.06.19	01:10:25.654	1.34269	1.34270			6
2025.06.19	01:10:27.168	1.34268	1.34269			6
2025.06.19	01:10:34.161	1.34267	1.34268			6
2025.06.19	01:10:35.388	1.34268	1.34269			6
2025.06.19	01:10:41.809	1.34269	1.34272			6
2025.06.19	01:10:42.416	1.34270	1.34273			6
2025.06.19	01:10:53.371	1.34275	1.34278			6
2025.06.19	01:10:53.676	1.34271	1.34274			6
2025.06.19	01:10:53.977	1.34270	1.34273			6
2025.06.19	01:10:54.281	1.34269	1.34272			6
2025.06.19	01:11:00.118	1.34268	1.34271			6
2025.06.19	01:11:00.429	1.34269	1.34272			6
2025.06.19	01:11:01.347	1.34271	1.34273			6
2025.06.19	01:11:01.657	1.34272				2
2025.06.19	01:11:01.969	1.34271	1.34272			6
2025.06.19	01:11:03.193	1.34269				2
2025.06.19	01:11:03.499	1.34270				2
2025.06.19	01:11:03.802	1.34271				2
2025.06.19	01:11:21.889	1.34270				2
2025.06.19	01:11:22.192	1.34271				2
2025.06.19	01:11:23.121	1.34270				2
2025.06.19	01:11:23.434	1.34271				2
2025.06.19	01:11:39.456	1.34270				2
2025.06.19	01:11:42.543	1.34271				2
2025.06.19	01:11:43.157	1.34270				2
2025.06.19	01:11:43.470	1.34271	1.34273			6
2025.06.19	01:11:44.084	1.34270				2
2025.06.19	01:11:56.395		1.34272			4
2025.06.19	01:11:57.328	1.34268	1.34271			6
2025.06.19	01:11:57.643	1.34269	1.34272			6
2025.06.19	01:11:59.186	1.34267	1.34271			6
2025.06.19	01:12:00.113	1.34268				2
2025.06.19	01:12:03.496	1.34269	1.34272			6
2025.06.19	01:12:05.348	1.34267				2
2025.06.19	01:12:06.278	1.34268				2
2025.06.19	01:12:12.130	1.34269				2
2025.06.19	01:12:13.984	1.34268	1.34271			6
2025.06.19	01:12:14.287	1.34270	1.34272			6
2025.06.19	01:12:15.210	1.34268				2
2025.06.19	01:12:16.437	1.34269				2
2025.06.19	01:12:18.911	1.34268				2
2025.06.19	01:12:23.233	1.34269				2
2025.06.19	01:12:23.849	1.34268	1.34271			6
2025.06.19	01:12:28.159	1.34267	1.34270			6
2025.06.19	01:12:29.398	1.34266	1.34271			6
2025.06.19	01:12:30.324	1.34265				2
2025.06.19	01:12:31.242	1.34266	1.34270			6
2025.06.19	01:12:33.401	1.34268	1.34271			6
2025.06.19	01:12:33.714	1.34267	1.34270			6
2025.06.19	01:12:34.326	1.34266	1.34271			6
2025.06.19	01:12:35.249	1.34264	1.34272			6
2025.06.19	01:12:36.178	1.34265	1.34271			6
2025.06.19	01:12:36.481	1.34266	1.34272			6
2025.06.19	01:12:37.405	1.34267				2
2025.06.19	01:12:38.326	1.34266				2
2025.06.19	01:12:39.251	1.34267				2
2025.06.19	01:12:40.177		1.34271			4
2025.06.19	01:12:41.103	1.34268				2
2025.06.19	01:12:49.032	1.34267	1.34270			6
2025.06.19	01:12:49.337	1.34268	1.34271			6
2025.06.19	01:12:52.117	1.34267	1.34270			6
2025.06.19	01:12:52.421	1.34268	1.34271			6
2025.06.19	01:12:57.356	1.34267	1.34270			6
2025.06.19	01:12:59.826	1.34268	1.34271			6
2025.06.19	01:13:00.127	1.34268				2
2025.06.19	01:13:01.357	1.34267	1.34270			6
2025.06.19	01:13:02.285		1.34272			4
2025.06.19	01:13:03.208	1.34266	1.34271			6
2025.06.19	01:13:04.445	1.34267	1.34272			6
2025.06.19	01:13:06.292		1.34271			4
2025.06.19	01:13:07.211	1.34268				2
2025.06.19	01:13:15.544	1.34267	1.34270			6
2025.06.19	01:13:17.400	1.34268	1.34271			6
2025.06.19	01:13:25.707	1.34267	1.34270			6
2025.06.19	01:13:26.017	1.34266	1.34269			6
2025.06.19	01:13:26.328	1.34267	1.34270			6
2025.06.19	01:13:26.637	1.34268	1.34271			6
2025.06.19	01:13:43.556	1.34267	1.34270			6
2025.06.19	01:13:43.859	1.34268	1.34271			6
2025.06.19	01:13:44.163	1.34267	1.34270			6
2025.06.19	01:13:44.482	1.34268	1.34271			6
2025.06.19	01:13:45.105	1.34267				2
2025.06.19	01:13:46.332	1.34268				2
2025.06.19	01:13:47.565	1.34267	1.34270			6
2025.06.19	01:13:57.696	1.34268	1.34271			6
2025.06.19	01:14:00.173	1.34268				2
2025.06.19	01:14:00.479	1.34267	1.34270			6
2025.06.19	01:14:05.106	1.34268	1.34271			6
2025.06.19	01:14:05.411	1.34267	1.34270			6
2025.06.19	01:14:09.729	1.34268	1.34271			6
2025.06.19	01:14:10.340	1.34265	1.34272			6
2025.06.19	01:14:11.270	1.34266				2
2025.06.19	01:14:12.193	1.34267				2
2025.06.19	01:14:13.118		1.34271			4
2025.06.19	01:14:15.272	1.34268				2
2025.06.19	01:14:21.434	1.34256	1.34259			6
2025.06.19	01:14:21.742		1.34258			4
2025.06.19	01:14:22.354	1.34252	1.34259			6
2025.06.19	01:14:28.220	1.34253				2
2025.06.19	01:14:29.448	1.34254				2
2025.06.19	01:14:30.373	1.34255				2
2025.06.19	01:14:30.981	1.34254				2
2025.06.19	01:14:31.909	1.34255	1.34260			6
2025.06.19	01:14:32.214	1.34256				2
2025.06.19	01:14:34.058	1.34255				2
2025.06.19	01:14:34.365		1.34259			4
2025.06.19	01:14:36.208	1.34256				2
2025.06.19	01:14:36.512	1.34248	1.34251			6
2025.06.19	01:14:36.819	1.34249	1.34250			6
2025.06.19	01:14:38.056	1.34251	1.34252			6
2025.06.19	01:14:42.033		1.34255			4
2025.06.19	01:14:42.338	1.34249	1.34254			6
2025.06.19	01:14:42.947	1.34248	1.34249			6
2025.06.19	01:14:43.568	1.34250	1.34251			6
2025.06.19	01:14:44.184	1.34249	1.34253			6
2025.06.19	01:14:44.493	1.34248	1.34252			6
2025.06.19	01:14:45.114	1.34249	1.34250			6
2025.06.19	01:14:54.617	1.34248	1.34251			6
2025.06.19	01:14:55.539	1.34249	1.34252			6
2025.06.19	01:14:55.846	1.34248	1.34251			6
2025.06.19	01:14:56.464	1.34249	1.34252			6
2025.06.19	01:14:58.884	1.34248	1.34251			6
2025.06.19	01:15:00.093	1.34248				2
2025.06.19	01:15:00.396	1.34246	1.34249			6
2025.06.19	01:15:00.703	1.34245	1.34248			6
2025.06.19	01:15:01.012	1.34246	1.34249			6
2025.06.19	01:15:01.922	1.34244	1.34247			6
2025.06.19	01:15:02.233	1.34246	1.34249			6
2025.06.19	01:15:02.540	1.34245	1.34246			6
2025.06.19	01:15:03.161	1.34246	1.34249			6
2025.06.19	01:15:03.474	1.34247	1.34250			6
2025.06.19	01:15:03.778	1.34246	1.34247			6
2025.06.19	01:15:04.696	1.34247	1.34250			6
2025.06.19	01:15:05.009	1.34253	1.34256			6
2025.06.19	01:15:05.318	1.34250	1.34258			6
2025.06.19	01:15:05.631	1.34251	1.34252			6
2025.06.19	01:15:06.868	1.34252	1.34259			6
2025.06.19	01:15:07.176	1.34251	1.34257			6
2025.06.19	01:15:07.491	1.34250	1.34251			6
2025.06.19	01:15:08.111	1.34251	1.34252			6
2025.06.19	01:15:09.042	1.34249	1.34250			6
2025.06.19	01:15:09.347	1.34251	1.34252			6
2025.06.19	01:15:11.189	1.34252	1.34253			6
2025.06.19	01:15:11.490	1.34253	1.34256			6
2025.06.19	01:15:12.107	1.34254	1.34257			6
2025.06.19	01:15:12.410	1.34251	1.34252			6
2025.06.19	01:15:13.018	1.34252	1.34253			6
2025.06.19	01:15:13.319	1.34251	1.34252			6
2025.06.19	01:15:13.622	1.34252	1.34253			6
2025.06.19	01:15:13.925	1.34251	1.34252			6
2025.06.19	01:15:14.852	1.34252	1.34253			6
2025.06.19	01:15:15.155	1.34251	1.34252			6
2025.06.19	01:15:15.455	1.34252	1.34253			6
2025.06.19	01:15:16.078	1.34251	1.34252			6
2025.06.19	01:15:16.383	1.34252	1.34253			6
2025.06.19	01:15:16.685	1.34251	1.34252			6
2025.06.19	01:15:17.293	1.34252	1.34253			6
2025.06.19	01:15:17.601	1.34251	1.34252			6
2025.06.19	01:15:17.906	1.34252	1.34253			6
2025.06.19	01:15:18.526	1.34251	1.34252			6
2025.06.19	01:15:18.830	1.34252	1.34253			6
2025.06.19	01:15:19.143	1.34251	1.34252			6
2025.06.19	01:15:19.445	1.34252	1.34253			6
2025.06.19	01:15:19.748	1.34251	1.34252			6
2025.06.19	01:15:20.052	1.34254	1.34257			6
2025.06.19	01:15:20.362	1.34253	1.34256			6
2025.06.19	01:15:20.975	1.34252	1.34253			6
2025.06.19	01:15:21.280	1.34251	1.34252			6
2025.06.19	01:15:21.588	1.34252	1.34253			6
2025.06.19	01:15:22.203	1.34251	1.34252			6
2025.06.19	01:15:22.508	1.34252	1.34253			6
2025.06.19	01:15:22.810	1.34251	1.34252			6
2025.06.19	01:15:23.429	1.34252	1.34253			6
2025.06.19	01:15:23.739	1.34251	1.34252			6
2025.06.19	01:15:24.656	1.34252	1.34253			6
2025.06.19	01:15:35.671	1.34253	1.34256			6
2025.06.19	01:15:36.279	1.34251	1.34252			6
2025.06.19	01:15:44.262	1.34252	1.34253			6
2025.06.19	01:15:44.575	1.34251	1.34252			6
2025.06.19	01:15:44.882	1.34252	1.34253			6
2025.06.19	01:15:45.188	1.34251	1.34252			6
2025.06.19	01:15:45.805	1.34252	1.34253			6
2025.06.19	01:15:46.111	1.34251	1.34252			6
2025.06.19	01:15:48.574	1.34252	1.34253			6
2025.06.19	01:15:48.879	1.34251	1.34252			6
2025.06.19	01:15:49.493	1.34252	1.34253			6
2025.06.19	01:15:49.797	1.34251	1.34252			6
2025.06.19	01:15:50.403	1.34252	1.34253			6
2025.06.19	01:15:55.961	1.34253	1.34256			6
2025.06.19	01:15:56.889	1.34251	1.34252			6
2025.06.19	01:16:00.284	1.34251				2
2025.06.19	01:16:16.006	1.34250	1.34251			6
2025.06.19	01:16:16.627	1.34251	1.34252			6
2025.06.19	01:16:16.937	1.34252	1.34253			6
2025.06.19	01:16:27.717	1.34253	1.34254			6
2025.06.19	01:16:28.022	1.34252	1.34253			6
2025.06.19	01:16:32.941	1.34253	1.34254			6
2025.06.19	01:16:33.249	1.34252	1.34253			6
2025.06.19	01:16:36.027	1.34253	1.34254			6
2025.06.19	01:16:36.644	1.34252	1.34253			6
2025.06.19	01:16:36.955	1.34253	1.34254			6
2025.06.19	01:16:37.564	1.34252	1.34253			6
2025.06.19	01:16:37.874	1.34253	1.34254			6
2025.06.19	01:16:38.180	1.34252	1.34253			6
2025.06.19	01:16:38.489	1.34253	1.34254			6
2025.06.19	01:16:38.799	1.34252	1.34253			6
2025.06.19	01:16:39.111	1.34253	1.34254			6
2025.06.19	01:16:40.956	1.34252	1.34253			6
2025.06.19	01:16:56.346	1.34254	1.34255			6
2025.06.19	01:16:58.185	1.34252	1.34253			6
2025.06.19	01:16:59.119	1.34254	1.34255			6
2025.06.19	01:16:59.419	1.34252	1.34253			6
2025.06.19	01:17:00.037	1.34252				2
2025.06.19	01:17:00.345	1.34255	1.34258			6
2025.06.19	01:17:00.959	1.34254				2
2025.06.19	01:17:01.267	1.34258	1.34262			6
2025.06.19	01:17:01.578	1.34257				2
2025.06.19	01:17:01.888	1.34258				2
2025.06.19	01:17:02.192	1.34255				2
2025.06.19	01:17:02.500	1.34256				2
2025.06.19	01:17:02.806	1.34255				2
2025.06.19	01:17:03.119	1.34256				2
2025.06.19	01:17:03.424		1.34261			4
2025.06.19	01:17:03.730	1.34254	1.34260			6
2025.06.19	01:17:04.037	1.34256				2
2025.06.19	01:17:04.349	1.34255	1.34264			6
2025.06.19	01:17:04.963	1.34257				2
2025.06.19	01:17:06.196	1.34258				2
2025.06.19	01:17:08.051		1.34268			4
2025.06.19	01:17:08.358	1.34259				2
2025.06.19	01:17:09.277		1.34267			4
2025.06.19	01:17:10.197	1.34260				2
2025.06.19	01:17:11.120		1.34266			4
2025.06.19	01:17:12.357	1.34264	1.34269			6
2025.06.19	01:17:13.285		1.34268			4
2025.06.19	01:17:14.208		1.34269			4
2025.06.19	01:17:14.830	1.34265				2
2025.06.19	01:17:15.138	1.34264	1.34268			6
2025.06.19	01:17:16.991	1.34265				2
2025.06.19	01:17:33.458	1.34261	1.34264			6
2025.06.19	01:17:33.767	1.34262	1.34265			6
2025.06.19	01:17:34.071	1.34261	1.34264			6
2025.06.19	01:17:34.993	1.34262	1.34265			6
2025.06.19	01:17:35.294	1.34260	1.34266			6
2025.06.19	01:17:37.140	1.34261				2
2025.06.19	01:17:37.444	1.34262	1.34267			6
2025.06.19	01:17:37.750	1.34261	1.34266			6
2025.06.19	01:17:38.061	1.34262	1.34267			6
2025.06.19	01:17:38.365	1.34261	1.34266			6
2025.06.19	01:17:38.675	1.34262	1.34267			6
2025.06.19	01:17:38.988	1.34263	1.34268			6
2025.06.19	01:17:39.297		1.34267			4
2025.06.19	01:17:39.908	1.34262	1.34266			6
2025.06.19	01:17:40.221	1.34261	1.34265			6
2025.06.19	01:17:40.827	1.34262	1.34266			6
2025.06.19	01:17:41.142	1.34261	1.34267			6
2025.06.19	01:17:42.381	1.34262				2
2025.06.19	01:17:43.310		1.34266			4
2025.06.19	01:17:43.617	1.34261	1.34265			6
2025.06.19	01:17:43.928	1.34262	1.34266			6
2025.06.19	01:17:45.155	1.34263				2
2025.06.19	01:17:47.290	1.34262	1.34265			6
2025.06.19	01:17:47.598	1.34263	1.34266			6
2025.06.19	01:17:51.271	1.34262	1.34265			6
2025.06.19	01:17:51.572	1.34263	1.34266			6
2025.06.19	01:17:54.618	1.34262	1.34265			6
2025.06.19	01:17:54.929	1.34263	1.34266			6
2025.06.19	01:17:56.752	1.34262	1.34265			6
2025.06.19	01:17:57.061	1.34263	1.34266			6
2025.06.19	01:18:00.097	1.34262	1.34265			6
2025.06.19	01:18:01.016	1.34263	1.34266			6
2025.06.19	01:18:03.769	1.34259	1.34262			6
2025.06.19	01:18:04.073	1.34258	1.34261			6
2025.06.19	01:18:04.380	1.34257	1.34260			6
2025.06.19	01:18:05.307	1.34253	1.34263			6
2025.06.19	01:18:06.223	1.34254				2
2025.06.19	01:18:13.308	1.34255	1.34262			6
2025.06.19	01:18:14.233		1.34261			4
2025.06.19	01:18:15.157	1.34258	1.34262			6
2025.06.19	01:18:15.462	1.34262	1.34266			6
2025.06.19	01:18:16.394	1.34257	1.34269			6
2025.06.19	01:18:16.698	1.34258				2
2025.06.19	01:18:18.244	1.34259	1.34270			6
2025.06.19	01:18:18.545	1.34260	1.34271			6
2025.06.19	01:18:19.175	1.34259	1.34269			6
2025.06.19	01:18:19.479	1.34260	1.34270			6
2025.06.19	01:18:20.407		1.34269			4
2025.06.19	01:18:21.334	1.34261				2
2025.06.19	01:18:21.646	1.34259	1.34267			6
2025.06.19	01:18:21.953	1.34260	1.34268			6
2025.06.19	01:18:22.255		1.34266			4
2025.06.19	01:18:22.572	1.34261	1.34267			6
2025.06.19	01:18:23.188	1.34263	1.34268			6
2025.06.19	01:18:24.113		1.34267			4
2025.06.19	01:18:26.253	1.34264				2
2025.06.19	01:18:30.882	1.34267	1.34270			6
2025.06.19	01:18:32.413	1.34266	1.34269			6
2025.06.19	01:18:36.392		1.34268			4
2025.06.19	01:18:36.697		1.34269			4
2025.06.19	01:18:37.096		1.34268			4
2025.06.19	01:18:37.494		1.34269			4
2025.06.19	01:18:53.824	1.34257	1.34268			6
2025.06.19	01:18:54.147		1.34270			4
2025.06.19	01:18:55.686		1.34271			4
2025.06.19	01:18:58.948		1.34270			4
2025.06.19	01:18:59.532	1.34263	1.34266			6
2025.06.19	01:19:00.156	1.34264	1.34267			6
2025.06.19	01:19:00.487	1.34263	1.34266			6
2025.06.19	01:19:01.108	1.34264	1.34267			6
2025.06.19	01:19:01.411	1.34263	1.34266			6
2025.06.19	01:19:02.019	1.34264	1.34267			6
2025.06.19	01:19:02.633	1.34263	1.34266			6
2025.06.19	01:19:02.939	1.34264	1.34267			6
2025.06.19	01:19:04.159	1.34265	1.34268			6
2025.06.19	01:19:05.988	1.34264	1.34267			6
2025.06.19	01:19:06.289	1.34265	1.34268			6
2025.06.19	01:19:08.727	1.34264	1.34266			6
2025.06.19	01:19:09.030	1.34262	1.34265			6
2025.06.19	01:19:10.857	1.34261	1.34264			6
2025.06.19	01:19:11.160	1.34262	1.34265			6
2025.06.19	01:19:11.462	1.34261	1.34264			6
2025.06.19	01:19:11.763	1.34262	1.34265			6
2025.06.19	01:19:23.698	1.34263	1.34266			6
2025.06.19	01:19:24.001	1.34262	1.34265			6
2025.06.19	01:19:24.919	1.34263	1.34266			6
2025.06.19	01:19:26.442	1.34264	1.34267			6
2025.06.19	01:19:28.267	1.34263	1.34266			6
2025.06.19	01:19:29.495	1.34264	1.34267			6
2025.06.19	01:19:30.112	1.34263	1.34266			6
