<DATE>	<TIME>	<BID>	<ASK>	<LAST>	<VOLUME>	<FLAGS>
2025.02.12	00:00:00.227	1.24417	1.24507			6
2025.02.12	00:00:01.162	1.24322	1.24514			6
2025.02.12	00:01:00.096	1.24322				2
2025.02.12	00:01:01.332		1.24514			4
2025.02.12	00:02:00.095	1.24322				2
2025.02.12	00:02:01.639		1.24514			4
2025.02.12	00:02:24.989	1.24318	1.24510			6
2025.02.12	00:03:00.292	1.24318				2
2025.02.12	00:03:24.839	1.24317	1.24509			6
2025.02.12	00:04:00.051	1.24317				2
2025.02.12	00:04:16.237	1.24319	1.24511			6
2025.02.12	00:05:00.128	1.24319				2
2025.02.12	00:05:04.730	1.24306	1.24498			6
2025.02.12	00:05:09.599	1.24340	1.24521			6
2025.02.12	00:05:12.038	1.24339				2
2025.02.12	00:05:29.399		1.24502			4
2025.02.12	00:05:29.712		1.24474			4
2025.02.12	00:05:30.018	1.24349				2
2025.02.12	00:05:30.936	1.24331				2
2025.02.12	00:05:40.419	1.24318	1.24492			6
2025.02.12	00:05:41.338	1.24316				2
2025.02.12	00:06:00.271	1.24317				2
2025.02.12	00:06:01.490	1.24298	1.24490			6
2025.02.12	00:06:05.767	1.24303	1.24492			6
2025.02.12	00:06:06.378	1.24302				2
2025.02.12	00:06:06.683	1.24300				2
2025.02.12	00:06:07.297	1.24303				2
2025.02.12	00:06:11.572		1.24491			4
2025.02.12	00:06:14.013		1.24492			4
2025.02.12	00:06:14.935		1.24493			4
2025.02.12	00:06:16.153		1.24494			4
2025.02.12	00:06:16.760	1.24306	1.24498			6
2025.02.12	00:06:30.518	1.24302	1.24494			6
2025.02.12	00:06:34.800	1.24300	1.24492			6
2025.02.12	00:06:35.107	1.24302	1.24494			6
2025.02.12	00:06:38.780	1.24305	1.24497			6
2025.02.12	00:06:39.701		1.24492			4
2025.02.12	00:06:40.309	1.24304				2
2025.02.12	00:06:52.251	1.24302	1.24494			6
2025.02.12	00:06:57.463		1.24486			4
2025.02.12	00:07:00.222	1.24302	1.24489			6
2025.02.12	00:07:00.840	1.24300	1.24486			6
2025.02.12	00:07:02.675	1.24309	1.24492			6
2025.02.12	00:07:03.896	1.24308				2
2025.02.12	00:07:06.012	1.24329				2
2025.02.12	00:07:18.529	1.24313				2
2025.02.12	00:07:51.660	1.24297	1.24489			6
2025.02.12	00:07:57.497	1.24314	1.24492			6
2025.02.12	00:08:00.269	1.24314				2
2025.02.12	00:08:03.337	1.24297	1.24489			6
2025.02.12	00:08:40.832	1.24313	1.24492			6
2025.02.12	00:08:43.903	1.24314				2
2025.02.12	00:09:00.196	1.24299	1.24491			6
2025.02.12	00:09:02.033	1.24335	1.24492			6
2025.02.12	00:09:02.370	1.24333				2
2025.02.12	00:09:08.196	1.24335				2
2025.02.12	00:09:09.443	1.24339				2
2025.02.12	00:09:10.121	1.24341				2
2025.02.12	00:09:11.239	1.24344				2
2025.02.12	00:09:12.375	1.24360				2
2025.02.12	00:09:13.381	1.24355				2
2025.02.12	00:09:35.937		1.24491			4
2025.02.12	00:09:37.798	1.24358				2
2025.02.12	00:09:38.406		1.24492			4
2025.02.12	00:09:40.395	1.24360				2
2025.02.12	00:09:47.753	1.24373	1.24495			6
2025.02.12	00:09:59.681	1.24379	1.24486			6
2025.02.12	00:10:00.296	1.24379				2
2025.02.12	00:10:02.131	1.24380				2
2025.02.12	00:10:05.159	1.24381				2
2025.02.12	00:10:08.203	1.24382				2
2025.02.12	00:10:12.156	1.24365				2
2025.02.12	00:10:14.274	1.24366				2
2025.02.12	00:10:18.227	1.24367				2
2025.02.12	00:10:20.945	1.24369				2
2025.02.12	00:10:24.575	1.24370				2
2025.02.12	00:10:26.710	1.24371				2
2025.02.12	00:10:27.332	1.24372				2
2025.02.12	00:10:29.151	1.24380	1.24485			6
2025.02.12	00:10:29.776	1.24381				2
2025.02.12	00:10:30.686	1.24382				2
2025.02.12	00:10:31.598	1.24383				2
2025.02.12	00:10:32.820	1.24384				2
2025.02.12	00:10:33.123	1.24385				2
2025.02.12	00:10:34.332	1.24384				2
2025.02.12	00:10:34.636	1.24385				2
2025.02.12	00:10:35.844	1.24386				2
2025.02.12	00:10:36.451	1.24387				2
2025.02.12	00:10:40.389	1.24389				2
2025.02.12	00:10:40.703	1.24388				2
2025.02.12	00:10:49.828	1.24385				2
2025.02.12	00:10:52.275	1.24386				2
2025.02.12	00:11:00.162	1.24386				2
2025.02.12	00:11:00.465	1.24387				2
2025.02.12	00:11:01.698	1.24388	1.24483			6
2025.02.12	00:11:03.982	1.24391	1.24481			6
2025.02.12	00:11:08.845	1.24394	1.24479			6
2025.02.12	00:11:10.665	1.24390	1.24480			6
2025.02.12	00:11:10.974	1.24391	1.24481			6
2025.02.12	00:11:11.590	1.24400	1.24479			6
2025.02.12	00:11:23.213	1.24409				2
2025.02.12	00:11:32.319	1.24399				2
2025.02.12	00:11:43.395	1.24394				2
2025.02.12	00:12:00.203	1.24397				2
2025.02.12	00:12:06.641	1.24394				2
2025.02.12	00:12:08.169	1.24392				2
2025.02.12	00:12:08.776	1.24396	1.24478			6
2025.02.12	00:12:09.091		1.24479			4
2025.02.12	00:12:09.400	1.24395				2
2025.02.12	00:12:09.703	1.24394				2
2025.02.12	00:12:10.006	1.24395				2
2025.02.12	00:12:13.707	1.24394				2
2025.02.12	00:12:18.934	1.24395				2
2025.02.12	00:12:19.240		1.24478			4
2025.02.12	00:12:27.551	1.24394				2
2025.02.12	00:12:30.043	1.24395				2
2025.02.12	00:12:34.961	1.24393				2
2025.02.12	00:12:38.030	1.24396				2
2025.02.12	00:12:38.340	1.24395				2
2025.02.12	00:12:51.576	1.24396				2
2025.02.12	00:13:00.179	1.24396				2
2025.02.12	00:13:06.642	1.24394				2
2025.02.12	00:13:07.466	1.24395				2
2025.02.12	00:13:08.695		1.24479			4
2025.02.12	00:13:09.919	1.24394				2
2025.02.12	00:13:34.016	1.24409				2
2025.02.12	00:14:00.000	1.24409				2
2025.02.12	00:14:09.299		1.24479			4
2025.02.12	00:15:00.242	1.24409				2
2025.02.12	00:15:09.597		1.24479			4
2025.02.12	00:15:23.249	1.24402	1.24474			6
2025.02.12	00:15:29.327		1.24473			4
2025.02.12	00:15:31.200		1.24472			4
2025.02.12	00:15:31.880		1.24468			4
2025.02.12	00:15:42.396		1.24467			4
2025.02.12	00:15:44.963	1.24410	1.24483			6
2025.02.12	00:15:45.288		1.24491			4
2025.02.12	00:15:46.025		1.24492			4
2025.02.12	00:15:54.398		1.24491			4
2025.02.12	00:15:55.041		1.24492			4
2025.02.12	00:15:56.348		1.24491			4
2025.02.12	00:15:57.405		1.24490			4
2025.02.12	00:15:59.403		1.24489			4
2025.02.12	00:16:00.181	1.24416	1.24490			6
2025.02.12	00:16:01.240	1.24412	1.24489			6
2025.02.12	00:16:03.399		1.24488			4
2025.02.12	00:16:05.237		1.24487			4
2025.02.12	00:16:08.317		1.24486			4
2025.02.12	00:16:12.319		1.24485			4
2025.02.12	00:16:19.384	1.24410	1.24484			6
2025.02.12	00:16:24.188		1.24485			4
2025.02.12	00:16:24.771		1.24484			4
2025.02.12	00:16:47.303	1.24413				2
2025.02.12	00:16:48.303	1.24410				2
2025.02.12	00:17:01.244	1.24410				2
2025.02.12	00:17:12.816		1.24486			4
2025.02.12	00:17:17.823		1.24484			4
2025.02.12	00:17:51.903	1.24412	1.24488			6
2025.02.12	00:17:52.304	1.24413				2
2025.02.12	00:17:57.070		1.24484			4
2025.02.12	00:18:00.516	1.24413				2
2025.02.12	00:18:24.302	1.24410				2
2025.02.12	00:18:59.885		1.24484			4
2025.02.12	00:19:00.249	1.24410	1.24483			6
2025.02.12	00:19:34.126	1.24415				2
2025.02.12	00:19:35.304	1.24410				2
2025.02.12	00:20:00.170	1.24415	1.24484			6
2025.02.12	00:20:01.307	1.24410				2
2025.02.12	00:20:02.095	1.24415				2
2025.02.12	00:20:04.971		1.24486			4
2025.02.12	00:20:05.979		1.24484			4
2025.02.12	00:20:26.994		1.24486			4
2025.02.12	00:20:33.004		1.24484			4
2025.02.12	00:20:34.122	1.24416				2
2025.02.12	00:20:44.557	1.24415				2
2025.02.12	00:21:01.249	1.24415				2
2025.02.12	00:21:03.024	1.24417				2
2025.02.12	00:21:25.938	1.24415				2
2025.02.12	00:21:29.904		1.24483			4
2025.02.12	00:21:36.305	1.24411				2
2025.02.12	00:21:41.078	1.24412	1.24484			6
2025.02.12	00:21:43.529	1.24415				2
2025.02.12	00:21:51.597	1.24416				2
2025.02.12	00:21:59.178	1.24420				2
2025.02.12	00:22:01.241	1.24420				2
2025.02.12	00:22:07.577	1.24417	1.24488			6
2025.02.12	00:22:11.341	1.24419	1.24487			6
2025.02.12	00:22:16.953		1.24484			4
2025.02.12	00:22:20.098		1.24487			4
2025.02.12	00:22:21.082		1.24484			4
2025.02.12	00:22:23.426	1.24422				2
2025.02.12	00:22:25.629		1.24487			4
2025.02.12	00:22:32.397	1.24413				2
2025.02.12	00:22:35.440	1.24419	1.24491			6
2025.02.12	00:22:35.875		1.24493			4
2025.02.12	00:22:37.216	1.24415				2
2025.02.12	00:22:37.582	1.24413	1.24483			6
2025.02.12	00:22:37.983	1.24412				2
2025.02.12	00:22:38.349		1.24484			4
2025.02.12	00:22:41.424	1.24409				2
2025.02.12	00:22:44.372	1.24408				2
2025.02.12	00:22:50.324	1.24414				2
2025.02.12	00:22:57.428		1.24483			4
2025.02.12	00:23:00.266	1.24414	1.24481			6
2025.02.12	00:23:57.196		1.24484			4
2025.02.12	00:24:00.003	1.24414				2
2025.02.12	00:24:22.346		1.24482			4
2025.02.12	00:24:33.214		1.24481			4
2025.02.12	00:24:50.731		1.24482			4
2025.02.12	00:24:51.650	1.24408				2
2025.02.12	00:24:57.271	1.24414				2
2025.02.12	00:24:59.888	1.24403	1.24476			6
2025.02.12	00:25:00.367	1.24403				2
2025.02.12	00:25:02.789		1.24480			4
2025.02.12	00:25:13.333		1.24475			4
2025.02.12	00:25:53.946	1.24395				2
2025.02.12	00:25:59.776	1.24399				2
2025.02.12	00:26:00.577	1.24399				2
2025.02.12	00:26:02.521		1.24470			4
2025.02.12	00:26:11.560		1.24466			4
2025.02.12	00:26:15.432	1.24389	1.24479			6
2025.02.12	00:26:17.261	1.24399	1.24466			6
2025.02.12	00:26:25.880	1.24402				2
2025.02.12	00:27:00.040	1.24402				2
2025.02.12	00:27:07.994		1.24469			4
2025.02.12	00:27:59.899	1.24404	1.24472			6
2025.02.12	00:28:00.206	1.24404				2
2025.02.12	00:28:04.710	1.24402	1.24468			6
2025.02.12	00:28:14.645		1.24469			4
2025.02.12	00:28:24.182		1.24468			4
2025.02.12	00:29:01.250	1.24402				2
2025.02.12	00:29:11.246		1.24467			4
2025.02.12	00:30:00.192	1.24402				2
2025.02.12	00:30:12.325		1.24467			4
2025.02.12	00:30:23.111		1.24466			4
2025.02.12	00:31:00.038	1.24402				2
2025.02.12	00:31:23.210		1.24467			4
2025.02.12	00:31:39.662	1.24413	1.24478			6
2025.02.12	00:31:39.960		1.24479			4
2025.02.12	00:31:40.262	1.24405	1.24478			6
2025.02.12	00:31:40.582		1.24479			4
2025.02.12	00:31:41.196	1.24406				2
2025.02.12	00:31:42.111	1.24403				2
2025.02.12	00:31:42.428	1.24404				2
2025.02.12	00:31:43.961		1.24483			4
2025.02.12	00:31:44.300	1.24411				2
2025.02.12	00:31:48.181	1.24407				2
2025.02.12	00:31:49.459	1.24408				2
2025.02.12	00:31:50.217	1.24412				2
2025.02.12	00:31:51.466	1.24413				2
2025.02.12	00:31:54.383	1.24414				2
2025.02.12	00:31:57.461	1.24415				2
2025.02.12	00:32:00.171	1.24415				2
2025.02.12	00:32:02.460	1.24416				2
2025.02.12	00:32:04.991		1.24489			4
2025.02.12	00:32:15.768		1.24490			4
2025.02.12	00:32:23.751		1.24491			4
2025.02.12	00:32:25.285		1.24490			4
2025.02.12	00:32:28.665	1.24411				2
2025.02.12	00:32:32.040		1.24486			4
2025.02.12	00:32:35.420		1.24485			4
2025.02.12	00:32:35.723		1.24484			4
2025.02.12	00:32:48.005	1.24412	1.24486			6
2025.02.12	00:32:53.538	1.24413	1.24487			6
2025.02.12	00:32:55.992	1.24411	1.24486			6
2025.02.12	00:32:56.304		1.24485			4
2025.02.12	00:32:58.457		1.24486			4
2025.02.12	00:33:00.297	1.24411				2
2025.02.12	00:33:05.543		1.24485			4
2025.02.12	00:33:09.221		1.24484			4
2025.02.12	00:33:17.525		1.24486			4
2025.02.12	00:33:20.906		1.24485			4
2025.02.12	00:33:21.830		1.24486			4
2025.02.12	00:33:30.423	1.24418	1.24487			6
2025.02.12	00:34:00.492	1.24418				2
2025.02.12	00:34:30.643		1.24487			4
2025.02.12	00:35:00.248	1.24418				2
2025.02.12	00:35:41.240		1.24487			4
2025.02.12	00:36:00.173	1.24418				2
2025.02.12	00:36:00.592	1.24421				2
2025.02.12	00:36:31.061	1.24418				2
2025.02.12	00:36:35.639		1.24485			4
2025.02.12	00:37:00.300	1.24418				2
2025.02.12	00:37:35.700		1.24485			4
2025.02.12	00:38:00.631	1.24418				2
2025.02.12	00:38:05.581		1.24484			4
2025.02.12	00:38:05.898		1.24485			4
2025.02.12	00:38:09.715		1.24482			4
2025.02.12	00:38:10.018	1.24416				2
2025.02.12	00:38:10.603	1.24411				2
2025.02.12	00:39:00.303	1.24411				2
2025.02.12	00:39:10.027	1.24416	1.24482			6
2025.02.12	00:39:22.171	1.24410	1.24481			6
2025.02.12	00:39:23.997		1.24480			4
2025.02.12	00:39:50.938		1.24481			4
2025.02.12	00:39:51.901		1.24480			4
2025.02.12	00:39:58.801	1.24407	1.24478			6
2025.02.12	00:40:00.287	1.24411				2
2025.02.12	00:40:00.660	1.24407				2
2025.02.12	00:40:06.939	1.24406	1.24477			6
2025.02.12	00:40:50.934		1.24476			4
2025.02.12	00:40:51.598		1.24477			4
2025.02.12	00:40:53.437		1.24476			4
2025.02.12	00:41:00.600	1.24408				2
2025.02.12	00:41:39.754		1.24475			4
2025.02.12	00:41:40.206		1.24476			4
2025.02.12	00:42:01.360	1.24408	1.24475			6
2025.02.12	00:42:54.671	1.24400	1.24464			6
2025.02.12	00:42:54.982	1.24396	1.24462			6
2025.02.12	00:42:55.282	1.24390	1.24459			6
2025.02.12	00:42:55.583		1.24465			4
2025.02.12	00:42:55.885	1.24396	1.24464			6
2025.02.12	00:42:56.201	1.24391	1.24462			6
2025.02.12	00:42:56.502	1.24396	1.24464			6
2025.02.12	00:42:56.803	1.24393				2
2025.02.12	00:42:57.110	1.24396	1.24465			6
2025.02.12	00:42:57.421	1.24397	1.24464			6
2025.02.12	00:42:57.723	1.24391	1.24460			6
2025.02.12	00:42:58.330		1.24461			4
2025.02.12	00:42:58.638	1.24396	1.24464			6
2025.02.12	00:42:58.941	1.24395	1.24466			6
2025.02.12	00:42:59.246		1.24464			4
2025.02.12	00:43:00.177	1.24393				2
2025.02.12	00:43:00.480	1.24394	1.24466			6
2025.02.12	00:43:00.787	1.24395	1.24464			6
2025.02.12	00:43:02.017	1.24388	1.24454			6
2025.02.12	00:43:02.324	1.24395	1.24464			6
2025.02.12	00:43:03.860	1.24388	1.24454			6
2025.02.12	00:43:04.169	1.24389				2
2025.02.12	00:43:04.485	1.24388				2
2025.02.12	00:43:04.785	1.24394	1.24464			6
2025.02.12	00:43:05.093	1.24396	1.24468			6
2025.02.12	00:43:05.401	1.24391	1.24457			6
2025.02.12	00:43:05.701	1.24395	1.24464			6
2025.02.12	00:43:06.002		1.24465			4
2025.02.12	00:43:06.307	1.24394	1.24464			6
2025.02.12	00:43:07.234	1.24388	1.24454			6
2025.02.12	00:43:07.545	1.24394	1.24464			6
2025.02.12	00:43:07.849	1.24395				2
2025.02.12	00:43:08.157		1.24465			4
2025.02.12	00:43:08.461	1.24394	1.24464			6
2025.02.12	00:43:08.762	1.24389	1.24457			6
2025.02.12	00:43:09.071	1.24394	1.24465			6
2025.02.12	00:43:09.382	1.24395				2
2025.02.12	00:43:10.161	1.24391	1.24460			6
2025.02.12	00:43:10.462		1.24462			4
2025.02.12	00:43:10.764	1.24395	1.24465			6
2025.02.12	00:43:11.066		1.24449			4
2025.02.12	00:43:11.376	1.24385				2
2025.02.12	00:43:11.694	1.24392	1.24455			6
2025.02.12	00:43:12.001	1.24395				2
2025.02.12	00:43:12.303	1.24385	1.24454			6
2025.02.12	00:43:12.612	1.24392	1.24455			6
2025.02.12	00:43:12.917	1.24389				2
2025.02.12	00:43:13.224	1.24396	1.24454			6
2025.02.12	00:43:13.541		1.24455			4
2025.02.12	00:43:13.859	1.24394	1.24454			6
2025.02.12	00:43:14.186	1.24396	1.24455			6
2025.02.12	00:43:14.499	1.24394	1.24454			6
2025.02.12	00:43:15.044	1.24388	1.24457			6
2025.02.12	00:43:15.357	1.24387	1.24454			6
2025.02.12	00:43:17.040	1.24390	1.24456			6
2025.02.12	00:43:18.883	1.24389				2
2025.02.12	00:43:19.187	1.24392	1.24457			6
2025.02.12	00:43:19.497	1.24390				2
2025.02.12	00:43:19.801	1.24391				2
2025.02.12	00:43:20.111	1.24390	1.24456			6
2025.02.12	00:43:20.419	1.24391	1.24457			6
2025.02.12	00:43:20.727		1.24456			4
2025.02.12	00:43:21.040	1.24390				2
2025.02.12	00:43:32.125	1.24389				2
2025.02.12	00:43:37.669		1.24455			4
2025.02.12	00:43:39.513	1.24388	1.24454			6
2025.02.12	00:43:39.823	1.24390	1.24456			6
2025.02.12	00:43:40.126	1.24389	1.24454			6
2025.02.12	00:43:40.435	1.24387				2
2025.02.12	00:43:40.741	1.24388				2
2025.02.12	00:43:41.059	1.24390				2
2025.02.12	00:43:41.361	1.24388				2
2025.02.12	00:43:41.979	1.24387				2
2025.02.12	00:43:42.285	1.24390				2
2025.02.12	00:43:42.599	1.24387				2
2025.02.12	00:43:42.900	1.24389				2
2025.02.12	00:43:43.212	1.24386				2
2025.02.12	00:43:43.520	1.24388				2
2025.02.12	00:43:43.829	1.24387				2
2025.02.12	00:43:44.130	1.24388				2
2025.02.12	00:43:44.437	1.24387				2
2025.02.12	00:43:44.743		1.24453			4
2025.02.12	00:43:45.052	1.24388	1.24455			6
2025.02.12	00:43:45.355	1.24389	1.24456			6
2025.02.12	00:43:46.589		1.24455			4
2025.02.12	00:43:47.512		1.24454			4
2025.02.12	00:43:48.133	1.24388				2
2025.02.12	00:43:48.439	1.24387				2
2025.02.12	00:43:49.671		1.24455			4
2025.02.12	00:43:49.978	1.24388	1.24456			6
2025.02.12	00:43:50.280	1.24389				2
2025.02.12	00:43:50.597	1.24388	1.24455			6
2025.02.12	00:43:50.905	1.24390	1.24456			6
2025.02.12	00:43:51.214	1.24388	1.24455			6
2025.02.12	00:43:51.521	1.24389	1.24456			6
2025.02.12	00:43:52.133	1.24388	1.24455			6
2025.02.12	00:43:52.441	1.24389	1.24456			6
2025.02.12	00:43:52.755	1.24390				2
2025.02.12	00:43:53.677	1.24389				2
2025.02.12	00:43:54.601		1.24455			4
2025.02.12	00:43:55.210	1.24388				2
2025.02.12	00:43:55.519	1.24387				2
2025.02.12	00:43:59.210	1.24388				2
2025.02.12	00:44:00.135	1.24389				2
2025.02.12	00:44:00.442	1.24390	1.24456			6
2025.02.12	00:44:01.356	1.24389	1.24458			6
2025.02.12	00:44:01.662		1.24457			4
2025.02.12	00:44:01.966	1.24390				2
2025.02.12	00:44:02.274	1.24389				2
2025.02.12	00:44:02.592		1.24456			4
2025.02.12	00:44:02.905	1.24390	1.24457			6
2025.02.12	00:44:03.212	1.24389				2
2025.02.12	00:44:03.527		1.24456			4
2025.02.12	00:44:03.835		1.24458			4
2025.02.12	00:44:04.139	1.24388	1.24456			6
2025.02.12	00:44:04.445	1.24390	1.24457			6
2025.02.12	00:44:04.753	1.24389				2
2025.02.12	00:44:05.981	1.24388				2
2025.02.12	00:44:06.283	1.24390				2
2025.02.12	00:44:07.522	1.24389				2
2025.02.12	00:44:08.132	1.24390	1.24456			6
2025.02.12	00:44:09.052	1.24388				2
2025.02.12	00:44:11.206	1.24387				2
2025.02.12	00:44:13.263	1.24384	1.24453			6
2025.02.12	00:44:13.566	1.24386				2
2025.02.12	00:44:13.873	1.24387				2
2025.02.12	00:44:14.174		1.24452			4
2025.02.12	00:44:14.484	1.24384	1.24453			6
2025.02.12	00:44:14.788		1.24452			4
2025.02.12	00:44:15.111	1.24385	1.24453			6
2025.02.12	00:44:15.413	1.24386	1.24454			6
2025.02.12	00:44:15.726		1.24453			4
2025.02.12	00:44:16.638	1.24385	1.24452			6
2025.02.12	00:44:16.948	1.24389	1.24453			6
2025.02.12	00:44:20.339		1.24454			4
2025.02.12	00:44:22.805	1.24388				2
2025.02.12	00:44:25.263		1.24455			4
2025.02.12	00:44:25.879	1.24389				2
2025.02.12	00:44:27.112	1.24386				2
2025.02.12	00:44:27.417	1.24385				2
2025.02.12	00:44:28.341	1.24387				2
2025.02.12	00:44:29.888	1.24386				2
2025.02.12	00:44:31.429	1.24384				2
2025.02.12	00:44:33.983	1.24383	1.24454			6
2025.02.12	00:44:36.858		1.24455			4
2025.02.12	00:44:42.822	1.24384				2
2025.02.12	00:44:44.807	1.24383				2
2025.02.12	00:44:54.722	1.24391	1.24458			6
2025.02.12	00:44:55.023	1.24394	1.24460			6
2025.02.12	00:45:00.305	1.24394				2
2025.02.12	00:45:00.667		1.24457			4
2025.02.12	00:45:02.122	1.24378	1.24468			6
2025.02.12	00:45:03.043	1.24376	1.24466			6
2025.02.12	00:45:03.962	1.24394	1.24457			6
2025.02.12	00:45:05.704	1.24395				2
2025.02.12	00:45:07.965	1.24411	1.24441			6
2025.02.12	00:45:08.861		1.24442			4
2025.02.12	00:45:15.325	1.24412				2
2025.02.12	00:45:19.025	1.24411				2
2025.02.12	00:45:25.175		1.24450			4
2025.02.12	00:45:25.486	1.24406	1.24439			6
2025.02.12	00:45:52.566		1.24438			4
2025.02.12	00:46:00.258	1.24406				2
2025.02.12	00:46:52.586		1.24438			4
2025.02.12	00:47:00.277	1.24406				2
2025.02.12	00:47:02.113	1.24388	1.24446			6
2025.02.12	00:47:03.967	1.24406	1.24438			6
2025.02.12	00:47:18.432		1.24439			4
2025.02.12	00:48:00.064	1.24406				2
2025.02.12	00:48:04.980	1.24410	1.24449			6
2025.02.12	00:48:07.744	1.24411	1.24450			6
2025.02.12	00:48:15.118	1.24410	1.24449			6
2025.02.12	00:48:15.734		1.24441			4
2025.02.12	00:48:20.354		1.24439			4
2025.02.12	00:48:24.053	1.24408	1.24438			6
2025.02.12	00:48:34.499		1.24437			4
2025.02.12	00:48:43.398	1.24410	1.24439			6
2025.02.12	00:48:43.710		1.24441			4
2025.02.12	00:48:48.633	1.24411				2
2025.02.12	00:48:55.696	1.24409	1.24436			6
2025.02.12	00:48:55.998		1.24440			4
2025.02.12	00:49:00.299	1.24409				2
2025.02.12	00:49:00.601		1.24437			4
2025.02.12	00:49:01.218		1.24440			4
2025.02.12	00:49:03.061		1.24437			4
2025.02.12	00:49:03.370		1.24440			4
2025.02.12	00:49:07.355	1.24411	1.24439			6
2025.02.12	00:49:11.349		1.24445			4
2025.02.12	00:49:11.649	1.24416				2
2025.02.12	00:49:19.640		1.24444			4
2025.02.12	00:49:20.259	1.24413	1.24443			6
2025.02.12	00:49:35.299		1.24445			4
2025.02.12	00:49:37.145		1.24444			4
2025.02.12	00:49:39.295		1.24445			4
2025.02.12	00:49:40.522		1.24444			4
2025.02.12	00:49:41.757		1.24443			4
2025.02.12	00:49:54.345	1.24414				2
2025.02.12	00:49:54.958		1.24445			4
2025.02.12	00:50:00.181	1.24414				2
2025.02.12	00:50:40.443		1.24446			4
2025.02.12	00:50:52.117		1.24444			4
2025.02.12	00:51:00.120	1.24414				2
2025.02.12	00:51:01.654	1.24417	1.24448			6
2025.02.12	00:52:00.130	1.24417				2
2025.02.12	00:52:00.743		1.24449			4
2025.02.12	00:52:30.947		1.24450			4
2025.02.12	00:52:42.662	1.24415				2
2025.02.12	00:53:00.204	1.24415				2
2025.02.12	00:53:22.061	1.24419				2
2025.02.12	00:53:27.286		1.24449			4
2025.02.12	00:54:00.218	1.24419				2
2025.02.12	00:54:00.526		1.24450			4
2025.02.12	00:54:08.210		1.24449			4
2025.02.12	00:54:18.050	1.24420				2
2025.02.12	00:54:19.276		1.24450			4
2025.02.12	00:54:28.182	1.24419				2
2025.02.12	00:54:29.722	1.24420				2
2025.02.12	00:54:31.567		1.24449			4
2025.02.12	00:54:31.880	1.24419				2
2025.02.12	00:54:43.572	1.24420	1.24454			6
2025.02.12	00:54:47.564	1.24421				2
2025.02.12	00:55:00.163	1.24421				2
2025.02.12	00:55:02.622	1.24423				2
2025.02.12	00:55:15.644	1.24429				2
2025.02.12	00:55:15.948	1.24428				2
2025.02.12	00:55:17.180	1.24429				2
2025.02.12	00:55:17.481	1.24430	1.24455			6
2025.02.12	00:55:17.792		1.24456			4
2025.02.12	00:55:18.715		1.24459			4
2025.02.12	00:55:19.938	1.24431				2
2025.02.12	00:55:27.936	1.24430				2
2025.02.12	00:55:31.623	1.24427	1.24456			6
2025.02.12	00:55:33.155	1.24426				2
2025.02.12	00:55:36.543	1.24425				2
2025.02.12	00:55:39.315	1.24453	1.24489			6
2025.02.12	00:55:39.924	1.24454	1.24486			6
2025.02.12	00:55:41.461		1.24485			4
2025.02.12	00:55:43.302	1.24453	1.24484			6
2025.02.12	00:55:43.613		1.24486			4
2025.02.12	00:55:44.541		1.24487			4
2025.02.12	00:55:45.147		1.24485			4
2025.02.12	00:55:45.451		1.24486			4
2025.02.12	00:55:46.999	1.24452				2
2025.02.12	00:55:50.362	1.24453	1.24492			6
2025.02.12	00:55:50.663		1.24493			4
2025.02.12	00:55:52.822		1.24491			4
2025.02.12	00:55:53.136	1.24452				2
2025.02.12	00:55:54.058	1.24461	1.24489			6
2025.02.12	00:55:57.443	1.24452				2
2025.02.12	00:55:58.060	1.24453				2
2025.02.12	00:55:58.372	1.24455				2
2025.02.12	00:55:59.911	1.24454				2
2025.02.12	00:56:00.215	1.24454				2
2025.02.12	00:56:01.135	1.24455				2
2025.02.12	00:56:05.442	1.24450				2
2025.02.12	00:56:06.680	1.24449				2
2025.02.12	00:56:17.886	1.24450				2
2025.02.12	00:56:20.954	1.24441	1.24468			6
2025.02.12	00:56:21.259	1.24440				2
2025.02.12	00:56:23.103	1.24435	1.24469			6
2025.02.12	00:56:23.406	1.24439	1.24470			6
2025.02.12	00:56:23.707	1.24435	1.24468			6
2025.02.12	00:56:24.020	1.24439	1.24469			6
2025.02.12	00:56:24.322	1.24440				2
2025.02.12	00:56:24.626	1.24439	1.24468			6
2025.02.12	00:56:25.241	1.24437				2
2025.02.12	00:56:25.544	1.24439				2
2025.02.12	00:56:25.849	1.24438	1.24469			6
2025.02.12	00:56:26.163	1.24434	1.24468			6
2025.02.12	00:56:26.465	1.24438				2
2025.02.12	00:56:26.784	1.24434	1.24469			6
2025.02.12	00:56:27.088	1.24437	1.24468			6
2025.02.12	00:56:27.389	1.24433	1.24469			6
2025.02.12	00:56:27.703	1.24439	1.24468			6
2025.02.12	00:56:28.005	1.24434				2
2025.02.12	00:56:28.305	1.24439				2
2025.02.12	00:56:28.615		1.24469			4
2025.02.12	00:56:29.226	1.24434	1.24468			6
2025.02.12	00:56:29.830	1.24439				2
2025.02.12	00:56:30.137	1.24435				2
2025.02.12	00:56:30.445	1.24437				2
2025.02.12	00:56:31.049	1.24431				2
2025.02.12	00:56:31.351	1.24439				2
2025.02.12	00:56:31.964	1.24434				2
2025.02.12	00:56:32.267	1.24437				2
2025.02.12	00:56:32.571	1.24436				2
2025.02.12	00:56:32.884	1.24433				2
2025.02.12	00:56:33.186	1.24439				2
2025.02.12	00:56:33.798	1.24436				2
2025.02.12	00:56:34.103	1.24437				2
2025.02.12	00:56:34.404	1.24439				2
2025.02.12	00:56:35.007	1.24434				2
2025.02.12	00:56:35.320	1.24439				2
2025.02.12	00:56:35.624	1.24437				2
2025.02.12	00:56:35.927	1.24436				2
2025.02.12	00:56:36.237	1.24435				2
2025.02.12	00:56:36.544	1.24434				2
2025.02.12	00:56:36.849	1.24439				2
2025.02.12	00:56:37.464	1.24436				2
2025.02.12	00:56:37.768	1.24435				2
2025.02.12	00:56:38.070	1.24432				2
2025.02.12	00:56:38.382	1.24439				2
2025.02.12	00:56:38.986	1.24436				2
2025.02.12	00:56:39.302	1.24433				2
2025.02.12	00:56:39.603	1.24431				2
2025.02.12	00:56:39.921	1.24435				2
2025.02.12	00:56:41.762	1.24437				2
2025.02.12	00:56:42.068	1.24434				2
2025.02.12	00:56:42.371	1.24433				2
2025.02.12	00:56:42.985	1.24439				2
2025.02.12	00:56:43.597	1.24434				2
2025.02.12	00:56:43.901	1.24439				2
2025.02.12	00:56:44.202	1.24436				2
2025.02.12	00:56:44.504	1.24433				2
2025.02.12	00:56:45.121	1.24434				2
2025.02.12	00:56:46.039	1.24436				2
2025.02.12	00:56:46.342	1.24432				2
2025.02.12	00:56:46.646	1.24438				2
2025.02.12	00:56:46.963	1.24436				2
2025.02.12	00:56:47.273	1.24439				2
2025.02.12	00:56:47.575	1.24438				2
2025.02.12	00:56:47.880	1.24439				2
2025.02.12	00:56:48.184	1.24424	1.24462			6
2025.02.12	00:56:48.493	1.24431	1.24465			6
2025.02.12	00:56:48.802	1.24439	1.24466			6
2025.02.12	00:56:49.109	1.24430	1.24462			6
2025.02.12	00:56:49.421	1.24424				2
2025.02.12	00:56:49.722	1.24439				2
2025.02.12	00:56:50.024		1.24466			4
2025.02.12	00:56:50.329	1.24430	1.24462			6
2025.02.12	00:56:50.633	1.24424				2
2025.02.12	00:56:50.941	1.24439	1.24466			6
2025.02.12	00:56:51.545	1.24430	1.24462			6
2025.02.12	00:56:51.845	1.24424				2
2025.02.12	00:56:52.152	1.24439	1.24466			6
2025.02.12	00:56:52.763	1.24430	1.24462			6
2025.02.12	00:56:53.070	1.24431	1.24466			6
2025.02.12	00:56:53.382	1.24439	1.24465			6
2025.02.12	00:56:53.682		1.24466			4
2025.02.12	00:56:53.983	1.24425	1.24462			6
2025.02.12	00:56:54.286	1.24439	1.24466			6
2025.02.12	00:56:54.901		1.24462			4
2025.02.12	00:56:55.202	1.24430				2
2025.02.12	00:56:55.503	1.24439	1.24466			6
2025.02.12	00:56:56.108	1.24431	1.24462			6
2025.02.12	00:56:56.417	1.24424				2
2025.02.12	00:56:56.721	1.24439	1.24466			6
2025.02.12	00:56:57.324	1.24425				2
2025.02.12	00:56:57.629	1.24430				2
2025.02.12	00:56:57.936	1.24439				2
2025.02.12	00:56:58.542	1.24431	1.24462			6
2025.02.12	00:56:58.844		1.24466			4
2025.02.12	00:56:59.145	1.24439				2
2025.02.12	00:56:59.752	1.24424	1.24462			6
2025.02.12	00:57:00.062	1.24434	1.24466			6
2025.02.12	00:57:00.363	1.24439				2
2025.02.12	00:57:00.664	1.24431	1.24462			6
2025.02.12	00:57:00.966	1.24424	1.24466			6
2025.02.12	00:57:01.268	1.24439				2
2025.02.12	00:57:02.184	1.24430	1.24462			6
2025.02.12	00:57:02.487	1.24426	1.24457			6
2025.02.12	00:57:02.789	1.24413				2
2025.02.12	00:57:03.090	1.24415				2
2025.02.12	00:57:15.709		1.24456			4
2025.02.12	00:57:20.044		1.24455			4
2025.02.12	00:57:23.120		1.24454			4
2025.02.12	00:57:25.879		1.24455			4
2025.02.12	00:57:29.567		1.24453			4
2025.02.12	00:57:31.716	1.24414	1.24451			6
2025.02.12	00:57:36.952	1.24423	1.24449			6
2025.02.12	00:57:44.024	1.24421				2
2025.02.12	00:57:44.334	1.24420	1.24450			6
2025.02.12	00:57:45.262		1.24454			4
2025.02.12	00:57:48.327	1.24423				2
2025.02.12	00:57:48.636	1.24429	1.24450			6
2025.02.12	00:57:48.944	1.24423	1.24448			6
2025.02.12	00:57:49.557	1.24422	1.24449			6
2025.02.12	00:57:49.862	1.24421				2
2025.02.12	00:57:50.165	1.24429	1.24458			6
2025.02.12	00:57:51.380	1.24421	1.24452			6
2025.02.12	00:57:55.066	1.24420				2
2025.02.12	00:57:56.301	1.24421				2
2025.02.12	00:58:00.295	1.24421				2
2025.02.12	00:58:06.140	1.24420				2
2025.02.12	00:58:07.064	1.24421				2
2025.02.12	00:58:07.681	1.24422				2
2025.02.12	00:58:07.987	1.24434	1.24468			6
2025.02.12	00:58:08.291	1.24433	1.24469			6
2025.02.12	00:58:09.519	1.24435				2
2025.02.12	00:58:11.060	1.24433				2
2025.02.12	00:58:14.449	1.24435				2
2025.02.12	00:58:15.057	1.24434				2
2025.02.12	00:58:15.979	1.24435				2
2025.02.12	00:58:16.902	1.24434				2
2025.02.12	00:58:25.210		1.24474			4
2025.02.12	00:58:30.448		1.24475			4
2025.02.12	00:58:39.067	1.24438	1.24476			6
2025.02.12	00:58:39.369	1.24436				2
2025.02.12	00:58:40.298	1.24437				2
2025.02.12	00:58:41.220	1.24432	1.24466			6
2025.02.12	00:58:41.530	1.24434	1.24475			6
2025.02.12	00:58:42.761		1.24474			4
2025.02.12	00:58:43.373	1.24433	1.24475			6
2025.02.12	00:58:45.833	1.24434				2
2025.02.12	00:59:00.282	1.24434				2
2025.02.12	00:59:09.517		1.24473			4
2025.02.12	00:59:10.130	1.24435				2
2025.02.12	00:59:16.881	1.24434				2
2025.02.12	00:59:51.567	1.24435				2
2025.02.12	01:00:00.163	1.24439	1.24443			6
2025.02.12	01:00:00.464	1.24441	1.24448			6
2025.02.12	01:00:01.067	1.24442	1.24443			6
2025.02.12	01:00:01.369	1.24440	1.24447			6
2025.02.12	01:00:01.680	1.24430	1.24438			6
2025.02.12	01:00:01.982	1.24428	1.24437			6
2025.02.12	01:00:02.285	1.24434	1.24438			6
2025.02.12	01:00:02.586	1.24427				2
2025.02.12	01:00:02.888	1.24440	1.24451			6
2025.02.12	01:00:03.195	1.24441	1.24452			6
2025.02.12	01:00:03.807	1.24423	1.24466			6
2025.02.12	01:00:04.109	1.24424				2
2025.02.12	01:00:04.415	1.24445	1.24454			6
2025.02.12	01:00:04.718	1.24439	1.24470			6
2025.02.12	01:00:05.020	1.24434	1.24458			6
2025.02.12	01:00:05.322	1.24429	1.24461			6
2025.02.12	01:00:05.628	1.24436	1.24465			6
2025.02.12	01:00:05.933	1.24435	1.24467			6
2025.02.12	01:00:06.234		1.24465			4
2025.02.12	01:00:06.540		1.24462			4
2025.02.12	01:00:06.842	1.24433	1.24461			6
2025.02.12	01:00:07.144	1.24435	1.24465			6
2025.02.12	01:00:07.446	1.24436	1.24460			6
2025.02.12	01:00:07.748	1.24434	1.24465			6
2025.02.12	01:00:08.054		1.24461			4
2025.02.12	01:00:08.359	1.24431				2
2025.02.12	01:00:08.661	1.24442	1.24467			6
2025.02.12	01:00:08.964	1.24444	1.24470			6
2025.02.12	01:00:09.267	1.24448				2
2025.02.12	01:00:09.881		1.24471			4
2025.02.12	01:00:10.182	1.24454	1.24463			6
2025.02.12	01:00:10.485	1.24448	1.24457			6
2025.02.12	01:00:10.786	1.24435	1.24465			6
2025.02.12	01:00:11.087		1.24468			4
2025.02.12	01:00:11.393	1.24447	1.24470			6
2025.02.12	01:00:11.697	1.24452	1.24461			6
2025.02.12	01:00:12.000	1.24455	1.24463			6
2025.02.12	01:00:12.302	1.24442	1.24467			6
2025.02.12	01:00:12.605	1.24447	1.24471			6
2025.02.12	01:00:12.906	1.24454	1.24464			6
2025.02.12	01:00:13.207	1.24456	1.24469			6
2025.02.12	01:00:13.515		1.24472			4
2025.02.12	01:00:13.822	1.24441	1.24467			6
2025.02.12	01:00:14.432	1.24438	1.24466			6
2025.02.12	01:00:14.739	1.24455	1.24461			6
2025.02.12	01:00:15.042	1.24447	1.24470			6
2025.02.12	01:00:15.345	1.24456	1.24465			6
2025.02.12	01:00:15.651	1.24455	1.24464			6
2025.02.12	01:00:15.952	1.24456	1.24465			6
2025.02.12	01:00:16.260	1.24452	1.24461			6
2025.02.12	01:00:16.562	1.24454				2
2025.02.12	01:00:16.867	1.24449	1.24469			6
2025.02.12	01:00:17.174	1.24443	1.24468			6
2025.02.12	01:00:17.478	1.24452	1.24456			6
2025.02.12	01:00:17.783	1.24448	1.24470			6
2025.02.12	01:00:18.095	1.24456	1.24465			6
2025.02.12	01:00:18.400	1.24455	1.24464			6
2025.02.12	01:00:19.006	1.24451	1.24460			6
2025.02.12	01:00:19.307	1.24455	1.24464			6
2025.02.12	01:00:19.611	1.24445	1.24467			6
2025.02.12	01:00:19.917	1.24453	1.24462			6
2025.02.12	01:00:20.222	1.24441	1.24464			6
2025.02.12	01:00:20.525	1.24445	1.24467			6
2025.02.12	01:00:20.828		1.24466			4
2025.02.12	01:00:21.130	1.24451	1.24460			6
2025.02.12	01:00:21.440	1.24452	1.24461			6
2025.02.12	01:00:21.742	1.24440	1.24463			6
2025.02.12	01:00:22.048	1.24454				2
2025.02.12	01:00:23.274	1.24453	1.24462			6
2025.02.12	01:00:24.189	1.24459	1.24466			6
2025.02.12	01:00:24.493		1.24467			4
2025.02.12	01:00:26.029	1.24458	1.24468			6
2025.02.12	01:00:26.331	1.24453	1.24462			6
2025.02.12	01:00:27.245	1.24460	1.24467			6
2025.02.12	01:00:32.746		1.24468			4
2025.02.12	01:00:33.654		1.24467			4
2025.02.12	01:00:34.260		1.24468			4
2025.02.12	01:00:35.777	1.24459	1.24466			6
2025.02.12	01:00:39.459		1.24465			4
2025.02.12	01:00:39.762		1.24466			4
2025.02.12	01:00:40.367		1.24464			4
2025.02.12	01:00:41.582	1.24460	1.24465			6
2025.02.12	01:00:42.793	1.24459	1.24464			6
2025.02.12	01:00:43.715	1.24460	1.24465			6
2025.02.12	01:00:51.674	1.24458	1.24463			6
2025.02.12	01:00:53.514	1.24459	1.24464			6
2025.02.12	01:00:54.446	1.24458	1.24463			6
2025.02.12	01:00:55.659	1.24459	1.24464			6
2025.02.12	01:00:57.197	1.24458	1.24463			6
2025.02.12	01:00:59.641	1.24452	1.24457			6
2025.02.12	01:00:59.944	1.24453	1.24458			6
2025.02.12	01:01:00.248	1.24455	1.24460			6
2025.02.12	01:01:00.549	1.24452	1.24457			6
2025.02.12	01:01:10.058	1.24456	1.24461			6
2025.02.12	01:01:30.519	1.24457	1.24462			6
2025.02.12	01:01:33.557	1.24458	1.24463			6
2025.02.12	01:01:46.960	1.24467	1.24472			6
2025.02.12	01:02:00.091	1.24467				2
2025.02.12	01:02:16.875	1.24468	1.24473			6
2025.02.12	01:03:00.092	1.24468				2
2025.02.12	01:03:00.401	1.24467	1.24472			6
2025.02.12	01:03:07.750	1.24466	1.24471			6
2025.02.12	01:03:21.902	1.24467	1.24472			6
2025.02.12	01:03:39.621	1.24469	1.24474			6
2025.02.12	01:03:39.923	1.24468	1.24473			6
2025.02.12	01:03:40.847	1.24467	1.24472			6
2025.02.12	01:03:41.156	1.24471	1.24475			6
2025.02.12	01:03:41.461	1.24469	1.24474			6
2025.02.12	01:03:41.766	1.24468	1.24473			6
2025.02.12	01:03:44.512	1.24471	1.24476			6
2025.02.12	01:03:45.435	1.24472				2
2025.02.12	01:03:48.795	1.24471				2
2025.02.12	01:03:54.942	1.24474	1.24479			6
2025.02.12	01:03:57.087	1.24473	1.24478			6
2025.02.12	01:04:00.157	1.24473				2
2025.02.12	01:04:05.356	1.24471	1.24476			6
2025.02.12	01:04:19.141	1.24470	1.24475			6
2025.02.12	01:04:20.991	1.24471				2
2025.02.12	01:04:25.604		1.24476			4
2025.02.12	01:04:34.160	1.24470	1.24475			6
2025.02.12	01:05:00.294	1.24474	1.24479			6
2025.02.12	01:05:01.218	1.24476				2
2025.02.12	01:05:02.136		1.24478			4
2025.02.12	01:05:03.360		1.24479			4
2025.02.12	01:05:05.506	1.24475				2
2025.02.12	01:05:06.119		1.24478			4
2025.02.12	01:05:10.426		1.24479			4
2025.02.12	01:05:10.727		1.24478			4
2025.02.12	01:05:13.196	1.24474	1.24475			6
2025.02.12	01:05:13.502	1.24475	1.24476			6
2025.02.12	01:05:15.046		1.24478			4
2025.02.12	01:05:27.321	1.24476	1.24477			6
2025.02.12	01:05:29.152	1.24477	1.24478			6
2025.02.12	01:05:39.598	1.24476	1.24477			6
2025.02.12	01:05:41.440		1.24478			4
2025.02.12	01:05:43.590	1.24477				2
2025.02.12	01:05:46.680	1.24476				2
2025.02.12	01:05:50.674	1.24477				2
2025.02.12	01:06:00.215	1.24477				2
2025.02.12	01:06:01.751	1.24472	1.24477			6
2025.02.12	01:06:03.900	1.24477	1.24478			6
2025.02.12	01:06:05.434	1.24474				2
2025.02.12	01:06:06.667	1.24473	1.24477			6
2025.02.12	01:06:14.982	1.24474				2
2025.02.12	01:06:15.289	1.24473				2
2025.02.12	01:06:18.366	1.24470	1.24473			6
2025.02.12	01:06:27.906		1.24474			4
2025.02.12	01:06:29.136		1.24473			4
2025.02.12	01:06:50.331	1.24471				2
2025.02.12	01:07:00.263	1.24471				2
2025.02.12	01:07:03.345	1.24469				2
2025.02.12	01:07:07.364	1.24470				2
2025.02.12	01:07:15.316	1.24469				2
2025.02.12	01:07:23.005	1.24461	1.24464			6
2025.02.12	01:07:23.936	1.24462	1.24465			6
2025.02.12	01:07:26.392	1.24461				2
2025.02.12	01:07:26.701	1.24462				2
2025.02.12	01:07:33.283	1.24463				2
2025.02.12	01:07:58.135		1.24464			4
2025.02.12	01:07:58.749		1.24465			4
2025.02.12	01:08:00.283	1.24463				2
2025.02.12	01:08:00.897	1.24462				2
2025.02.12	01:08:01.203	1.24461	1.24464			6
2025.02.12	01:08:02.739	1.24462	1.24465			6
2025.02.12	01:08:16.272	1.24461	1.24464			6
2025.02.12	01:08:17.219	1.24462	1.24465			6
2025.02.12	01:08:18.141	1.24461	1.24464			6
2025.02.12	01:08:21.515	1.24462	1.24465			6
2025.02.12	01:08:27.350	1.24461	1.24464			6
2025.02.12	01:08:31.354	1.24462	1.24465			6
2025.02.12	01:08:33.195	1.24461	1.24464			6
2025.02.12	01:08:38.131	1.24463				2
2025.02.12	01:08:42.436		1.24465			4
2025.02.12	01:08:43.357		1.24464			4
2025.02.12	01:08:44.898		1.24465			4
2025.02.12	01:08:58.119		1.24464			4
2025.02.12	01:09:00.271	1.24463				2
2025.02.12	01:09:07.950		1.24465			4
2025.02.12	01:09:11.013		1.24464			4
2025.02.12	01:09:17.161		1.24465			4
2025.02.12	01:09:21.157	1.24462				2
2025.02.12	01:09:21.461	1.24457	1.24460			6
2025.02.12	01:09:22.075	1.24456				2
2025.02.12	01:09:22.380		1.24459			4
2025.02.12	01:09:22.686		1.24460			4
2025.02.12	01:09:23.302		1.24459			4
2025.02.12	01:09:30.975		1.24460			4
2025.02.12	01:09:32.503		1.24459			4
2025.02.12	01:09:34.642	1.24457	1.24460			6
2025.02.12	01:09:55.958	1.24461	1.24463			6
2025.02.12	01:09:56.269		1.24464			4
2025.02.12	01:09:57.489	1.24458	1.24460			6
2025.02.12	01:09:58.099		1.24459			4
2025.02.12	01:09:59.331		1.24460			4
2025.02.12	01:09:59.641	1.24452	1.24456			6
2025.02.12	01:09:59.943	1.24454				2
2025.02.12	01:10:00.251	1.24454				2
2025.02.12	01:10:00.871	1.24453	1.24455			6
2025.02.12	01:10:03.330		1.24456			4
2025.02.12	01:10:05.173	1.24460	1.24462			6
2025.02.12	01:10:05.789		1.24464			4
2025.02.12	01:10:07.645		1.24463			4
2025.02.12	01:10:11.329	1.24461				2
2025.02.12	01:10:12.559	1.24460				2
2025.02.12	01:10:12.864		1.24464			4
2025.02.12	01:10:13.168		1.24463			4
2025.02.12	01:10:14.398	1.24459				2
2025.02.12	01:10:16.868	1.24461				2
2025.02.12	01:10:17.173	1.24460	1.24464			6
2025.02.12	01:10:18.717	1.24459				2
2025.02.12	01:10:26.414	1.24461	1.24463			6
2025.02.12	01:10:26.719		1.24464			4
2025.02.12	01:10:27.339	1.24459	1.24463			6
2025.02.12	01:10:28.257	1.24466	1.24468			6
2025.02.12	01:10:28.871		1.24469			4
2025.02.12	01:10:30.723	1.24471	1.24474			6
2025.02.12	01:10:31.025	1.24470				2
2025.02.12	01:10:33.491	1.24469				2
2025.02.12	01:10:33.797	1.24468	1.24473			6
2025.02.12	01:10:37.493	1.24470				2
2025.02.12	01:10:40.865		1.24474			4
2025.02.12	01:10:41.782		1.24473			4
2025.02.12	01:10:50.014	1.24471	1.24476			6
2025.02.12	01:10:50.319		1.24475			4
2025.02.12	01:10:55.817		1.24473			4
2025.02.12	01:11:00.097	1.24471				2
2025.02.12	01:11:04.977		1.24474			4
2025.02.12	01:11:07.424		1.24473			4
2025.02.12	01:11:08.660		1.24474			4
2025.02.12	01:11:29.580		1.24473			4
2025.02.12	01:11:29.882	1.24472	1.24475			6
2025.02.12	01:11:30.188	1.24473	1.24476			6
2025.02.12	01:11:35.115	1.24472	1.24475			6
2025.02.12	01:11:35.417	1.24471				2
2025.02.12	01:11:49.562	1.24472	1.24476			6
2025.02.12	01:11:51.094		1.24477			4
2025.02.12	01:11:51.401	1.24473				2
2025.02.12	01:11:53.555	1.24477	1.24481			6
2025.02.12	01:11:55.087	1.24481	1.24485			6
2025.02.12	01:11:56.622		1.24486			4
2025.02.12	01:11:58.769	1.24484	1.24488			6
2025.02.12	01:12:00.297	1.24484				2
2025.02.12	01:12:00.911	1.24483	1.24487			6
2025.02.12	01:12:02.142	1.24482				2
2025.02.12	01:12:02.760	1.24481	1.24486			6
2025.02.12	01:12:03.984	1.24482	1.24487			6
2025.02.12	01:12:04.602	1.24483				2
2025.02.12	01:12:05.522	1.24482				2
2025.02.12	01:12:12.595	1.24483				2
2025.02.12	01:12:13.211	1.24482				2
2025.02.12	01:12:16.284	1.24489	1.24492			6
2025.02.12	01:12:17.205		1.24491			4
2025.02.12	01:12:17.520		1.24492			4
2025.02.12	01:12:18.452	1.24487				2
2025.02.12	01:12:18.753	1.24486	1.24491			6
2025.02.12	01:12:19.367	1.24487				2
2025.02.12	01:12:21.515	1.24486				2
2025.02.12	01:12:22.743	1.24483	1.24488			6
2025.02.12	01:12:23.048	1.24484				2
2025.02.12	01:12:23.363	1.24483	1.24487			6
2025.02.12	01:12:24.899		1.24488			4
2025.02.12	01:12:25.201	1.24482	1.24487			6
2025.02.12	01:12:26.438	1.24483	1.24488			6
2025.02.12	01:12:27.359		1.24487			4
2025.02.12	01:12:30.740	1.24482				2
2025.02.12	01:12:34.441	1.24481	1.24485			6
2025.02.12	01:12:34.744	1.24480				2
2025.02.12	01:12:40.574	1.24481				2
2025.02.12	01:12:40.878		1.24486			4
2025.02.12	01:12:41.180	1.24483				2
2025.02.12	01:12:41.485	1.24482				2
2025.02.12	01:12:54.337		1.24487			4
2025.02.12	01:13:00.167	1.24482				2
2025.02.12	01:13:00.770	1.24481	1.24486			6
2025.02.12	01:13:01.395	1.24482				2
2025.02.12	01:13:05.696		1.24487			4
2025.02.12	01:13:09.996	1.24483				2
2025.02.12	01:13:11.227	1.24492	1.24495			6
2025.02.12	01:13:11.534	1.24493	1.24497			6
2025.02.12	01:13:12.154		1.24498			4
2025.02.12	01:13:39.492	1.24495	1.24500			6
2025.02.12	01:13:39.798		1.24499			4
2025.02.12	01:13:40.106	1.24494	1.24498			6
2025.02.12	01:13:40.415		1.24499			4
2025.02.12	01:13:40.721	1.24495				2
2025.02.12	01:13:41.646	1.24494				2
2025.02.12	01:13:41.956	1.24497	1.24502			6
2025.02.12	01:13:42.269		1.24503			4
2025.02.12	01:13:42.573	1.24498				2
2025.02.12	01:13:42.881	1.24502	1.24507			6
2025.02.12	01:13:48.420	1.24503	1.24509			6
2025.02.12	01:13:48.726		1.24508			4
2025.02.12	01:13:50.561	1.24504	1.24509			6
2025.02.12	01:13:51.175	1.24503	1.24508			6
2025.02.12	01:13:51.480	1.24504				2
2025.02.12	01:13:51.786		1.24509			4
2025.02.12	01:13:52.091	1.24505	1.24510			6
2025.02.12	01:13:52.395	1.24506	1.24512			6
2025.02.12	01:13:55.475	1.24507				2
2025.02.12	01:13:56.706	1.24506				2
2025.02.12	01:13:57.322	1.24507	1.24513			6
2025.02.12	01:13:57.623	1.24506	1.24512			6
2025.02.12	01:13:58.855	1.24507				2
2025.02.12	01:13:59.168	1.24511	1.24516			6
2025.02.12	01:14:00.089	1.24511				2
2025.02.12	01:14:03.771	1.24509	1.24514			6
2025.02.12	01:14:04.375	1.24508	1.24513			6
2025.02.12	01:14:07.758	1.24507				2
2025.02.12	01:14:09.293	1.24508				2
2025.02.12	01:14:10.216		1.24514			4
2025.02.12	01:14:12.366		1.24513			4
2025.02.12	01:14:13.288	1.24505	1.24510			6
2025.02.12	01:14:13.602	1.24504	1.24509			6
2025.02.12	01:14:13.903	1.24506	1.24512			6
2025.02.12	01:14:14.210		1.24511			4
2025.02.12	01:14:14.820		1.24512			4
2025.02.12	01:14:16.661	1.24507	1.24513			6
2025.02.12	01:14:16.969	1.24503	1.24509			6
2025.02.12	01:14:20.659	1.24505	1.24511			6
2025.02.12	01:14:20.968	1.24506	1.24512			6
2025.02.12	01:14:23.724	1.24507	1.24513			6
2025.02.12	01:14:24.028	1.24506	1.24512			6
2025.02.12	01:14:27.726	1.24507	1.24513			6
2025.02.12	01:14:30.482	1.24508				2
2025.02.12	01:14:31.404	1.24507				2
2025.02.12	01:14:32.024	1.24510	1.24516			6
2025.02.12	01:14:32.326	1.24511	1.24517			6
2025.02.12	01:14:32.627		1.24516			4
2025.02.12	01:14:48.081	1.24507	1.24512			6
2025.02.12	01:14:48.388	1.24503	1.24509			6
2025.02.12	01:14:50.538	1.24504				2
2025.02.12	01:14:58.168	1.24503				2
2025.02.12	01:15:00.002	1.24503				2
2025.02.12	01:15:00.305	1.24501	1.24507			6
2025.02.12	01:15:06.740	1.24499	1.24503			6
2025.02.12	01:15:07.050	1.24498	1.24501			6
2025.02.12	01:15:07.664	1.24497				2
2025.02.12	01:15:11.953		1.24502			4
2025.02.12	01:15:12.561	1.24498				2
2025.02.12	01:15:12.868	1.24499	1.24503			6
2025.02.12	01:15:13.180	1.24498	1.24502			6
2025.02.12	01:15:13.485	1.24497				2
2025.02.12	01:15:14.410	1.24498				2
2025.02.12	01:15:14.723	1.24497				2
2025.02.12	01:15:15.336	1.24498				2
2025.02.12	01:15:15.647	1.24497				2
2025.02.12	01:15:19.944	1.24499	1.24504			6
2025.02.12	01:15:22.403		1.24503			4
2025.02.12	01:15:22.710		1.24504			4
2025.02.12	01:15:23.016	1.24498	1.24503			6
2025.02.12	01:15:23.944		1.24502			4
2025.02.12	01:15:24.252		1.24503			4
2025.02.12	01:15:26.708	1.24497	1.24502			6
2025.02.12	01:15:31.011	1.24499	1.24504			6
2025.02.12	01:15:32.555	1.24497	1.24502			6
2025.02.12	01:15:33.169		1.24501			4
2025.02.12	01:15:34.093	1.24496				2
2025.02.12	01:15:34.396	1.24497				2
2025.02.12	01:15:45.457	1.24496				2
2025.02.12	01:15:53.257	1.24497				2
2025.02.12	01:15:53.566		1.24502			4
2025.02.12	01:15:53.872	1.24499	1.24504			6
2025.02.12	01:15:54.182	1.24498	1.24502			6
2025.02.12	01:15:54.796	1.24497				2
2025.02.12	01:15:55.416	1.24498				2
2025.02.12	01:15:56.955	1.24499	1.24504			6
2025.02.12	01:15:57.260		1.24503			4
2025.02.12	01:15:57.567	1.24498	1.24502			6
2025.02.12	01:16:00.030	1.24498				2
2025.02.12	01:16:00.335	1.24497				2
2025.02.12	01:16:04.020		1.24501			4
2025.02.12	01:16:08.026	1.24496				2
2025.02.12	01:16:11.102	1.24497				2
2025.02.12	01:16:18.176		1.24502			4
2025.02.12	01:16:18.477		1.24501			4
2025.02.12	01:16:18.789		1.24502			4
2025.02.12	01:16:21.562	1.24498	1.24503			6
2025.02.12	01:16:23.119		1.24502			4
2025.02.12	01:16:23.425		1.24503			4
2025.02.12	01:16:23.734		1.24502			4
2025.02.12	01:16:24.964	1.24499				2
2025.02.12	01:16:25.268		1.24503			4
2025.02.12	01:16:25.886		1.24502			4
2025.02.12	01:16:26.496	1.24498				2
2025.02.12	01:16:28.338		1.24503			4
2025.02.12	01:16:28.646		1.24502			4
2025.02.12	01:16:29.569	1.24499	1.24503			6
2025.02.12	01:16:30.183	1.24498				2
2025.02.12	01:16:30.493	1.24499				2
2025.02.12	01:16:30.797	1.24498				2
2025.02.12	01:16:31.103	1.24501	1.24506			6
2025.02.12	01:16:33.251	1.24504	1.24508			6
2025.02.12	01:16:35.710	1.24503				2
2025.02.12	01:16:36.021	1.24502	1.24507			6
2025.02.12	01:17:00.150	1.24502				2
2025.02.12	01:17:01.688		1.24506			4
2025.02.12	01:17:01.992		1.24507			4
2025.02.12	01:17:12.087		1.24506			4
2025.02.12	01:17:15.892	1.24501				2
2025.02.12	01:17:17.442		1.24505			4
2025.02.12	01:17:18.965		1.24503			4
2025.02.12	01:17:19.271		1.24504			4
2025.02.12	01:17:20.208		1.24503			4
2025.02.12	01:17:23.266	1.24496	1.24501			6
2025.02.12	01:17:23.996	1.24499	1.24504			6
2025.02.12	01:17:24.302	1.24497	1.24502			6
2025.02.12	01:17:24.917	1.24498				2
2025.02.12	01:17:26.458	1.24497				2
2025.02.12	01:17:27.077		1.24501			4
2025.02.12	01:17:28.000		1.24502			4
2025.02.12	01:17:28.613		1.24501			4
2025.02.12	01:17:31.076	1.24501	1.24505			6
2025.02.12	01:17:31.380	1.24500				2
2025.02.12	01:17:32.915	1.24501				2
2025.02.12	01:17:33.225	1.24502	1.24506			6
2025.02.12	01:17:33.531	1.24501				2
2025.02.12	01:17:34.761	1.24502				2
2025.02.12	01:17:38.453	1.24501				2
2025.02.12	01:17:43.695	1.24500	1.24505			6
2025.02.12	01:17:52.319	1.24498	1.24502			6
2025.02.12	01:17:52.623		1.24503			4
2025.02.12	01:17:53.541		1.24502			4
2025.02.12	01:17:54.461	1.24499	1.24503			6
2025.02.12	01:17:54.762	1.24498				2
2025.02.12	01:17:55.689		1.24502			4
2025.02.12	01:17:56.000	1.24497				2
2025.02.12	01:17:56.613	1.24498				2
2025.02.12	01:17:56.919	1.24497				2
2025.02.12	01:17:59.982	1.24493	1.24498			6
2025.02.12	01:18:00.294	1.24494				2
2025.02.12	01:18:00.594		1.24499			4
2025.02.12	01:18:00.901		1.24498			4
2025.02.12	01:18:01.518		1.24499			4
2025.02.12	01:18:03.972		1.24498			4
2025.02.12	01:18:04.281	1.24492	1.24497			6
2025.02.12	01:18:07.361		1.24496			4
2025.02.12	01:18:09.212	1.24491				2
2025.02.12	01:18:11.666	1.24492				2
2025.02.12	01:18:11.977	1.24491				2
2025.02.12	01:18:16.577		1.24495			4
2025.02.12	01:18:27.006	1.24488	1.24493			6
2025.02.12	01:18:27.311		1.24492			4
2025.02.12	01:18:28.228		1.24493			4
2025.02.12	01:18:33.119	1.24489				2
2025.02.12	01:18:38.016	1.24484	1.24488			6
2025.02.12	01:18:39.870	1.24483	1.24487			6
2025.02.12	01:18:40.171	1.24484	1.24488			6
2025.02.12	01:18:41.093	1.24482	1.24486			6
2025.02.12	01:18:49.075	1.24484				2
2025.02.12	01:18:49.379	1.24483	1.24488			6
2025.02.12	01:18:49.682	1.24482	1.24486			6
2025.02.12	01:18:57.513	1.24485				2
2025.02.12	01:18:57.841	1.24486	1.24487			6
2025.02.12	01:18:58.141	1.24487	1.24491			6
2025.02.12	01:19:00.039	1.24487				2
2025.02.12	01:19:00.340	1.24486				2
2025.02.12	01:19:00.646	1.24487				2
2025.02.12	01:19:01.255	1.24483	1.24487			6
2025.02.12	01:19:01.866	1.24482	1.24486			6
2025.02.12	01:19:02.172	1.24483				2
2025.02.12	01:19:02.481		1.24487			4
2025.02.12	01:19:30.195	1.24482	1.24486			6
2025.02.12	01:19:34.205	1.24483				2
2025.02.12	01:19:38.199	1.24485	1.24489			6
2025.02.12	01:19:38.513	1.24483	1.24487			6
2025.02.12	01:19:45.369	1.24484				2
2025.02.12	01:19:50.606	1.24487	1.24491			6
2025.02.12	01:19:50.919	1.24488				2
2025.02.12	01:19:51.221		1.24492			4
2025.02.12	01:19:53.373		1.24491			4
2025.02.12	01:19:53.994	1.24485	1.24489			6
2025.02.12	01:19:54.299	1.24482	1.24486			6
2025.02.12	01:19:56.190	1.24484	1.24488			6
2025.02.12	01:19:56.499	1.24483	1.24487			6
2025.02.12	01:19:58.037	1.24486	1.24490			6
2025.02.12	01:19:58.345	1.24487	1.24491			6
2025.02.12	01:19:59.265	1.24486	1.24490			6
2025.02.12	01:20:00.190	1.24486				2
2025.02.12	01:20:00.494	1.24487				2
2025.02.12	01:20:00.799		1.24491			4
2025.02.12	01:20:07.246	1.24483	1.24487			6
2025.02.12	01:20:13.108	1.24484				2
2025.02.12	01:20:13.419	1.24487	1.24491			6
2025.02.12	01:20:14.033	1.24488	1.24492			6
2025.02.12	01:20:14.344	1.24489	1.24493			6
2025.02.12	01:20:14.648	1.24490	1.24494			6
2025.02.12	01:20:15.882	1.24489	1.24493			6
2025.02.12	01:20:19.582	1.24492	1.24495			6
2025.02.12	01:20:19.885		1.24496			4
2025.02.12	01:20:20.818	1.24491				2
2025.02.12	01:20:31.875	1.24492				2
2025.02.12	01:20:40.152		1.24495			4
2025.02.12	01:20:41.083	1.24490	1.24494			6
2025.02.12	01:21:00.089	1.24490				2
2025.02.12	01:21:17.421	1.24492	1.24495			6
2025.02.12	01:21:17.724		1.24496			4
2025.02.12	01:21:27.874		1.24497			4
2025.02.12	01:21:28.180		1.24496			4
2025.02.12	01:21:36.174	1.24491	1.24495			6
2025.02.12	01:21:36.487		1.24494			4
2025.02.12	01:21:41.405		1.24495			4
2025.02.12	01:21:49.514		1.24494			4
2025.02.12	01:21:53.816	1.24481	1.24485			6
2025.02.12	01:21:54.118		1.24486			4
2025.02.12	01:21:54.732	1.24482				2
2025.02.12	01:21:55.341	1.24483	1.24487			6
2025.02.12	01:22:00.263	1.24483				2
2025.02.12	01:22:15.312	1.24481	1.24484			6
2025.02.12	01:22:20.522		1.24485			4
2025.02.12	01:22:21.447		1.24484			4
2025.02.12	01:22:37.224	1.24482	1.24486			6
2025.02.12	01:22:37.535	1.24481	1.24485			6
2025.02.12	01:22:39.983	1.24482	1.24486			6
2025.02.12	01:22:40.288	1.24481	1.24485			6
2025.02.12	01:22:40.898	1.24482	1.24486			6
2025.02.12	01:22:41.514	1.24481	1.24485			6
2025.02.12	01:22:41.815	1.24482	1.24486			6
2025.02.12	01:22:42.118	1.24483	1.24487			6
2025.02.12	01:22:54.678	1.24482	1.24486			6
2025.02.12	01:22:55.296	1.24483	1.24487			6
2025.02.12	01:22:55.906		1.24488			4
2025.02.12	01:22:56.520	1.24484				2
2025.02.12	01:22:59.598	1.24485	1.24489			6
2025.02.12	01:22:59.901	1.24486	1.24490			6
2025.02.12	01:23:00.205	1.24486				2
2025.02.12	01:23:00.508	1.24485	1.24489			6
2025.02.12	01:23:00.814	1.24484				2
2025.02.12	01:23:01.428	1.24485				2
2025.02.12	01:23:02.042	1.24484				2
2025.02.12	01:23:02.345	1.24485	1.24490			6
2025.02.12	01:23:02.668	1.24484	1.24489			6
2025.02.12	01:23:02.978	1.24485	1.24490			6
2025.02.12	01:23:03.284	1.24484	1.24489			6
2025.02.12	01:23:03.585	1.24483	1.24488			6
2025.02.12	01:23:03.898	1.24484	1.24489			6
2025.02.12	01:23:07.284	1.24483	1.24487			6
2025.02.12	01:23:09.746	1.24482				2
2025.02.12	01:23:12.203		1.24486			4
2025.02.12	01:23:12.515		1.24487			4
2025.02.12	01:23:18.662	1.24483	1.24488			6
2025.02.12	01:23:19.280	1.24482	1.24487			6
2025.02.12	01:23:19.895	1.24483	1.24488			6
2025.02.12	01:23:20.516	1.24482	1.24487			6
2025.02.12	01:23:21.128	1.24483	1.24488			6
2025.02.12	01:23:27.240	1.24484	1.24489			6
2025.02.12	01:23:27.543	1.24483	1.24488			6
2025.02.12	01:23:33.978	1.24482	1.24487			6
2025.02.12	01:23:34.283	1.24483				2
2025.02.12	01:23:34.594	1.24482				2
2025.02.12	01:23:40.741		1.24486			4
2025.02.12	01:23:41.661		1.24487			4
2025.02.12	01:23:45.089	1.24481	1.24486			6
2025.02.12	01:23:45.391	1.24482	1.24487			6
2025.02.12	01:23:45.697	1.24481	1.24486			6
2025.02.12	01:23:46.316	1.24482	1.24487			6
2025.02.12	01:23:47.540		1.24486			4
2025.02.12	01:23:47.852	1.24474	1.24477			6
2025.02.12	01:23:48.160	1.24469	1.24474			6
2025.02.12	01:23:48.468	1.24471	1.24475			6
2025.02.12	01:23:48.775		1.24476			4
2025.02.12	01:23:49.389	1.24469	1.24475			6
2025.02.12	01:23:49.695	1.24470				2
2025.02.12	01:23:50.312	1.24471				2
2025.02.12	01:23:50.624	1.24470				2
2025.02.12	01:23:51.241	1.24471				2
2025.02.12	01:23:54.310	1.24472	1.24476			6
2025.02.12	01:23:56.458	1.24469	1.24474			6
2025.02.12	01:23:56.769		1.24473			4
2025.02.12	01:23:57.992	1.24468				2
2025.02.12	01:24:00.159	1.24468				2
2025.02.12	01:24:00.471		1.24472			4
2025.02.12	01:24:01.088		1.24473			4
2025.02.12	01:24:02.313	1.24470	1.24474			6
2025.02.12	01:24:03.239	1.24469				2
2025.02.12	01:24:03.541		1.24473			4
2025.02.12	01:24:05.387	1.24470				2
2025.02.12	01:24:06.614	1.24469				2
2025.02.12	01:24:07.846	1.24470	1.24474			6
2025.02.12	01:24:08.767	1.24469				2
2025.02.12	01:24:09.074	1.24470				2
2025.02.12	01:24:09.992	1.24469				2
2025.02.12	01:24:10.598	1.24468				2
2025.02.12	01:24:11.207	1.24471				2
2025.02.12	01:24:16.404		1.24473			4
2025.02.12	01:24:16.708	1.24470				2
2025.02.12	01:24:29.029		1.24472			4
2025.02.12	01:24:31.795	1.24469				2
2025.02.12	01:24:32.409		1.24473			4
2025.02.12	01:24:34.250	1.24470				2
2025.02.12	01:24:34.560	1.24469				2
2025.02.12	01:24:35.790	1.24467				2
2025.02.12	01:24:36.099		1.24472			4
2025.02.12	01:24:48.073		1.24471			4
2025.02.12	01:24:48.382		1.24472			4
2025.02.12	01:24:49.606	1.24468	1.24473			6
2025.02.12	01:24:55.137		1.24472			4
2025.02.12	01:24:55.467		1.24473			4
2025.02.12	01:25:00.069	1.24467	1.24472			6
2025.02.12	01:25:01.300	1.24468	1.24473			6
2025.02.12	01:25:03.143	1.24467	1.24471			6
2025.02.12	01:25:04.675		1.24470			4
2025.02.12	01:25:14.519		1.24471			4
2025.02.12	01:25:19.592		1.24472			4
2025.02.12	01:25:20.821		1.24471			4
2025.02.12	01:25:22.047		1.24470			4
2025.02.12	01:25:22.970		1.24471			4
2025.02.12	01:25:27.257	1.24468				2
2025.02.12	01:25:27.567	1.24467	1.24472			6
2025.02.12	01:25:30.033		1.24471			4
2025.02.12	01:25:32.186		1.24472			4
2025.02.12	01:25:33.718	1.24468				2
2025.02.12	01:25:34.029	1.24471	1.24473			6
2025.02.12	01:25:35.881		1.24474			4
2025.02.12	01:25:36.186		1.24473			4
2025.02.12	01:25:42.340		1.24474			4
2025.02.12	01:25:42.643		1.24473			4
2025.02.12	01:25:43.572	1.24470				2
2025.02.12	01:25:45.731		1.24472			4
2025.02.12	01:25:55.268	1.24473	1.24475			6
2025.02.12	01:25:56.497		1.24476			4
2025.02.12	01:25:56.805		1.24475			4
2025.02.12	01:25:57.112		1.24476			4
2025.02.12	01:25:57.419		1.24475			4
2025.02.12	01:25:57.727		1.24476			4
2025.02.12	01:25:58.034		1.24475			4
2025.02.12	01:25:58.646		1.24476			4
2025.02.12	01:25:59.258	1.24469	1.24474			6
2025.02.12	01:25:59.562	1.24470				2
2025.02.12	01:26:00.183	1.24470				2
2025.02.12	01:26:02.340	1.24471				2
2025.02.12	01:26:10.033	1.24472	1.24475			6
2025.02.12	01:26:10.337		1.24474			4
2025.02.12	01:26:10.646	1.24474	1.24476			6
2025.02.12	01:26:11.256		1.24477			4
2025.02.12	01:26:12.503	1.24476	1.24478			6
2025.02.12	01:26:13.428	1.24477	1.24479			6
2025.02.12	01:26:14.350		1.24478			4
2025.02.12	01:26:14.659		1.24479			4
2025.02.12	01:26:15.276		1.24478			4
2025.02.12	01:26:15.890		1.24479			4
2025.02.12	01:26:21.755		1.24478			4
2025.02.12	01:26:22.378	1.24475	1.24477			6
2025.02.12	01:26:29.438		1.24478			4
2025.02.12	01:26:44.761		1.24477			4
2025.02.12	01:26:46.914	1.24474				2
2025.02.12	01:26:47.220	1.24471	1.24473			6
2025.02.12	01:26:47.524		1.24474			4
2025.02.12	01:26:49.674		1.24473			4
2025.02.12	01:26:51.526		1.24472			4
2025.02.12	01:26:52.770		1.24473			4
2025.02.12	01:26:54.616		1.24472			4
2025.02.12	01:26:57.083		1.24473			4
2025.02.12	01:27:00.168	1.24471				2
2025.02.12	01:27:01.390		1.24472			4
2025.02.12	01:27:05.395	1.24470				2
2025.02.12	01:27:09.698		1.24473			4
2025.02.12	01:27:10.003	1.24471				2
2025.02.12	01:27:11.234		1.24474			4
2025.02.12	01:27:15.241		1.24475			4
2025.02.12	01:27:18.010	1.24474	1.24477			6
2025.02.12	01:27:18.315		1.24476			4
2025.02.12	01:27:22.596		1.24477			4
2025.02.12	01:27:22.908		1.24476			4
2025.02.12	01:27:23.211		1.24477			4
2025.02.12	01:27:24.129		1.24476			4
2025.02.12	01:27:24.742	1.24473				2
2025.02.12	01:27:27.824	1.24471	1.24474			6
2025.02.12	01:27:28.132		1.24475			4
2025.02.12	01:27:28.440		1.24474			4
2025.02.12	01:27:37.021	1.24472				2
2025.02.12	01:27:37.627	1.24471				2
2025.02.12	01:27:38.852		1.24475			4
2025.02.12	01:27:40.701	1.24472				2
2025.02.12	01:27:41.931	1.24471	1.24474			6
2025.02.12	01:27:42.549	1.24472				2
2025.02.12	01:27:44.391		1.24475			4
2025.02.12	01:27:44.699	1.24471				2
2025.02.12	01:27:45.935		1.24474			4
2025.02.12	01:27:50.548		1.24473			4
2025.02.12	01:27:50.860	1.24472	1.24474			6
2025.02.12	01:27:51.167		1.24473			4
2025.02.12	01:27:53.324		1.24474			4
2025.02.12	01:27:55.481	1.24471	1.24473			6
2025.02.12	01:27:55.786		1.24474			4
2025.02.12	01:27:56.093	1.24472				2
2025.02.12	01:27:56.711		1.24475			4
2025.02.12	01:27:57.016	1.24471	1.24474			6
2025.02.12	01:28:00.096	1.24471	1.24473			6
2025.02.12	01:28:00.398		1.24474			4
2025.02.12	01:28:00.710		1.24473			4
2025.02.12	01:28:01.958		1.24472			4
2025.02.12	01:28:02.265		1.24473			4
2025.02.12	01:28:03.181	1.24464	1.24469			6
2025.02.12	01:28:03.488	1.24465				2
2025.02.12	01:28:03.802	1.24471	1.24473			6
2025.02.12	01:28:04.112		1.24474			4
2025.02.12	01:28:04.422		1.24475			4
2025.02.12	01:28:05.348		1.24476			4
2025.02.12	01:28:05.654		1.24475			4
2025.02.12	01:28:05.964		1.24474			4
2025.02.12	01:28:07.200		1.24475			4
2025.02.12	01:28:08.428		1.24474			4
2025.02.12	01:28:08.737		1.24475			4
2025.02.12	01:28:11.198		1.24476			4
2025.02.12	01:28:11.812		1.24475			4
2025.02.12	01:28:12.426		1.24476			4
2025.02.12	01:28:12.740	1.24472	1.24475			6
2025.02.12	01:28:13.657	1.24471				2
2025.02.12	01:28:13.967		1.24476			4
2025.02.12	01:28:14.273	1.24472				2
2025.02.12	01:28:15.505		1.24477			4
2025.02.12	01:28:15.813		1.24476			4
2025.02.12	01:28:17.042		1.24475			4
2025.02.12	01:28:17.346	1.24471				2
2025.02.12	01:28:19.829	1.24472	1.24476			6
2025.02.12	01:28:20.135		1.24477			4
2025.02.12	01:28:20.440		1.24476			4
2025.02.12	01:28:21.055	1.24471	1.24475			6
2025.02.12	01:28:21.361	1.24472	1.24477			6
2025.02.12	01:28:21.668	1.24471	1.24476			6
2025.02.12	01:28:24.125	1.24475	1.24477			6
2025.02.12	01:28:24.427		1.24478			4
2025.02.12	01:28:25.360		1.24479			4
2025.02.12	01:28:25.675		1.24478			4
2025.02.12	01:28:25.976		1.24479			4
2025.02.12	01:28:27.211		1.24478			4
2025.02.12	01:28:27.515		1.24479			4
2025.02.12	01:28:28.134		1.24478			4
2025.02.12	01:28:28.435	1.24474				2
2025.02.12	01:28:28.743	1.24471	1.24475			6
2025.02.12	01:28:29.972		1.24474			4
2025.02.12	01:28:30.281		1.24475			4
2025.02.12	01:28:30.896		1.24476			4
2025.02.12	01:28:34.586		1.24475			4
2025.02.12	01:28:39.181	1.24472	1.24474			6
2025.02.12	01:28:39.483		1.24475			4
2025.02.12	01:28:40.095	1.24471				2
2025.02.12	01:28:40.710	1.24473	1.24476			6
2025.02.12	01:28:41.323		1.24475			4
2025.02.12	01:28:41.627	1.24472				2
2025.02.12	01:28:42.870		1.24476			4
2025.02.12	01:28:43.173		1.24475			4
2025.02.12	01:28:43.787		1.24476			4
2025.02.12	01:28:45.014	1.24471	1.24474			6
2025.02.12	01:28:45.937		1.24473			4
2025.02.12	01:28:46.241	1.24472	1.24475			6
2025.02.12	01:28:46.853		1.24476			4
2025.02.12	01:28:48.083	1.24471				2
2025.02.12	01:28:51.169	1.24472	1.24475			6
2025.02.12	01:28:51.471		1.24476			4
2025.02.12	01:28:52.396	1.24471	1.24475			6
2025.02.12	01:28:54.551		1.24474			4
2025.02.12	01:28:54.852		1.24475			4
2025.02.12	01:28:57.606		1.24474			4
2025.02.12	01:28:57.913		1.24475			4
2025.02.12	01:29:00.053	1.24471				2
2025.02.12	01:29:00.365		1.24474			4
2025.02.12	01:29:00.966	1.24472	1.24475			6
2025.02.12	01:29:01.279	1.24471	1.24474			6
2025.02.12	01:29:02.816		1.24473			4
2025.02.12	01:29:03.122		1.24474			4
2025.02.12	01:29:08.637	1.24470				2
2025.02.12	01:29:08.946		1.24475			4
2025.02.12	01:29:10.170	1.24471				2
2025.02.12	01:29:13.255	1.24470	1.24474			6
2025.02.12	01:29:14.489		1.24475			4
2025.02.12	01:29:15.101		1.24474			4
2025.02.12	01:29:22.617		1.24473			4
2025.02.12	01:29:25.074	1.24469				2
2025.02.12	01:29:25.383	1.24470				2
2025.02.12	01:29:26.005		1.24472			4
2025.02.12	01:29:26.306		1.24473			4
2025.02.12	01:29:27.839		1.24474			4
2025.02.12	01:29:28.452		1.24473			4
2025.02.12	01:29:31.213	1.24469				2
2025.02.12	01:29:31.822	1.24468	1.24471			6
2025.02.12	01:29:32.122	1.24470	1.24472			6
2025.02.12	01:29:32.426	1.24469				2
2025.02.12	01:29:32.737		1.24473			4
2025.02.12	01:29:33.970		1.24472			4
2025.02.12	01:29:34.884	1.24470				2
2025.02.12	01:29:37.946	1.24469	1.24473			6
2025.02.12	01:29:38.256	1.24470	1.24472			6
2025.02.12	01:29:41.940		1.24473			4
2025.02.12	01:29:42.249		1.24472			4
2025.02.12	01:29:44.111	1.24469	1.24473			6
2025.02.12	01:29:45.649	1.24470	1.24472			6
2025.02.12	01:29:48.115		1.24473			4
2025.02.12	01:29:49.034		1.24472			4
2025.02.12	01:29:58.581		1.24471			4
2025.02.12	01:29:58.886	1.24469	1.24472			6
2025.02.12	01:30:00.107	1.24471	1.24473			6
2025.02.12	01:30:00.411	1.24472	1.24475			6
2025.02.12	01:30:00.718	1.24473	1.24474			6
2025.02.12	01:30:01.329		1.24475			4
2025.02.12	01:30:01.951	1.24472	1.24477			6
2025.02.12	01:30:04.094	1.24475				2
2025.02.12	01:30:04.401	1.24476				2
2025.02.12	01:30:04.711		1.24478			4
2025.02.12	01:30:05.015		1.24477			4
2025.02.12	01:30:06.858		1.24478			4
2025.02.12	01:30:07.164		1.24477			4
2025.02.12	01:30:08.700		1.24478			4
2025.02.12	01:30:09.624		1.24479			4
2025.02.12	01:30:09.933	1.24477				2
2025.02.12	01:30:11.472	1.24476	1.24478			6
2025.02.12	01:30:13.321		1.24479			4
2025.02.12	01:30:15.781	1.24477				2
2025.02.12	01:30:16.094	1.24476				2
2025.02.12	01:30:17.013		1.24478			4
2025.02.12	01:30:17.635	1.24477				2
2025.02.12	01:30:17.938	1.24476				2
2025.02.12	01:30:18.855		1.24477			4
2025.02.12	01:30:21.629	1.24475	1.24478			6
2025.02.12	01:30:21.939		1.24477			4
2025.02.12	01:30:22.858	1.24477	1.24478			6
2025.02.12	01:30:23.165	1.24476	1.24479			6
2025.02.12	01:30:23.473		1.24478			4
2025.02.12	01:30:25.939		1.24479			4
2025.02.12	01:30:26.241		1.24478			4
2025.02.12	01:30:26.866	1.24473				2
2025.02.12	01:30:27.177	1.24472	1.24477			6
2025.02.12	01:30:27.791	1.24475				2
2025.02.12	01:30:35.796		1.24478			4
2025.02.12	01:30:36.098		1.24477			4
2025.02.12	01:30:41.296	1.24474	1.24476			6
2025.02.12	01:30:42.828		1.24477			4
2025.02.12	01:30:43.130	1.24480	1.24483			6
2025.02.12	01:30:45.000	1.24481	1.24485			6
2025.02.12	01:30:46.230	1.24482				2
2025.02.12	01:30:46.842		1.24484			4
2025.02.12	01:30:47.147		1.24486			4
2025.02.12	01:30:47.458		1.24485			4
2025.02.12	01:30:49.308	1.24486	1.24489			6
2025.02.12	01:30:50.235		1.24488			4
2025.02.12	01:30:55.799		1.24489			4
2025.02.12	01:31:00.104	1.24486				2
2025.02.12	01:31:00.413	1.24483				2
2025.02.12	01:31:00.721		1.24488			4
2025.02.12	01:31:01.036		1.24489			4
2025.02.12	01:31:01.337	1.24486	1.24488			6
2025.02.12	01:31:03.792		1.24489			4
2025.02.12	01:31:05.643		1.24490			4
2025.02.12	01:31:06.253		1.24489			4
2025.02.12	01:31:09.318	1.24485				2
2025.02.12	01:31:09.624	1.24486	1.24488			6
2025.02.12	01:31:09.931		1.24489			4
2025.02.12	01:31:12.676		1.24488			4
2025.02.12	01:31:14.504	1.24484	1.24487			6
2025.02.12	01:31:17.884		1.24486			4
2025.02.12	01:31:18.194	1.24482				2
2025.02.12	01:31:20.334	1.24484				2
2025.02.12	01:31:23.412	1.24483				2
2025.02.12	01:31:24.641	1.24482				2
2025.02.12	01:31:32.043	1.24483				2
2025.02.12	01:31:33.578	1.24482				2
2025.02.12	01:31:36.954	1.24483				2
2025.02.12	01:31:37.264	1.24482				2
2025.02.12	01:31:39.115	1.24483				2
2025.02.12	01:31:40.348	1.24482	1.24485			6
2025.02.12	01:31:40.654		1.24486			4
2025.02.12	01:31:42.176	1.24483	1.24487			6
2025.02.12	01:31:42.486		1.24486			4
2025.02.12	01:31:44.620	1.24482	1.24485			6
2025.02.12	01:31:45.845	1.24484	1.24487			6
2025.02.12	01:31:46.147	1.24482	1.24486			6
2025.02.12	01:31:46.457		1.24487			4
2025.02.12	01:31:47.066		1.24486			4
2025.02.12	01:31:47.370	1.24483				2
2025.02.12	01:31:47.682	1.24482	1.24485			6
2025.02.12	01:31:51.051		1.24486			4
2025.02.12	01:31:53.194		1.24485			4
2025.02.12	01:31:53.799		1.24486			4
2025.02.12	01:31:55.326		1.24485			4
2025.02.12	01:31:59.904		1.24486			4
2025.02.12	01:32:00.210	1.24482				2
2025.02.12	01:32:02.357		1.24485			4
2025.02.12	01:32:08.165		1.24486			4
2025.02.12	01:32:08.779	1.24486	1.24488			6
2025.02.12	01:32:10.308		1.24489			4
2025.02.12	01:32:10.617		1.24488			4
2025.02.12	01:32:13.393		1.24487			4
2025.02.12	01:32:26.285	1.24485	1.24486			6
2025.02.12	01:32:31.821	1.24484	1.24485			6
2025.02.12	01:32:34.585	1.24485	1.24486			6
2025.02.12	01:32:35.202	1.24484	1.24485			6
2025.02.12	01:32:44.736	1.24481	1.24482			6
2025.02.12	01:33:00.186	1.24481				2
2025.02.12	01:33:01.109	1.24483	1.24484			6
2025.02.12	01:33:03.877	1.24484	1.24485			6
2025.02.12	01:33:06.343	1.24485	1.24486			6
2025.02.12	01:33:15.270	1.24486	1.24487			6
2025.02.12	01:33:25.719	1.24484	1.24485			6
2025.02.12	01:33:26.023	1.24485	1.24486			6
2025.02.12	01:33:36.486	1.24484	1.24485			6
2025.02.12	01:33:36.797	1.24485	1.24486			6
2025.02.12	01:33:37.104	1.24484	1.24485			6
2025.02.12	01:33:38.014	1.24485	1.24486			6
2025.02.12	01:33:42.137	1.24484	1.24485			6
2025.02.12	01:33:42.759	1.24485	1.24486			6
2025.02.12	01:33:43.370	1.24484	1.24485			6
2025.02.12	01:33:43.984	1.24485	1.24486			6
2025.02.12	01:33:44.599	1.24484	1.24485			6
2025.02.12	01:33:45.519	1.24485	1.24486			6
2025.02.12	01:34:00.013	1.24485				2
2025.02.12	01:34:02.160		1.24487			4
2025.02.12	01:34:02.462		1.24486			4
2025.02.12	01:34:04.302	1.24484	1.24485			6
2025.02.12	01:34:05.841		1.24486			4
2025.02.12	01:34:06.147		1.24485			4
2025.02.12	01:34:08.619		1.24486			4
2025.02.12	01:34:11.894		1.24485			4
2025.02.12	01:34:12.164	1.24485	1.24486			6
2025.02.12	01:34:12.474	1.24484	1.24485			6
2025.02.12	01:34:13.212	1.24483				2
2025.02.12	01:34:13.519	1.24484				2
2025.02.12	01:34:14.443		1.24486			4
2025.02.12	01:34:19.056	1.24483	1.24485			6
2025.02.12	01:34:19.973		1.24484			4
2025.02.12	01:34:25.814	1.24482				2
2025.02.12	01:34:26.122	1.24486	1.24487			6
2025.02.12	01:34:29.519	1.24484	1.24486			6
2025.02.12	01:34:31.982	1.24483	1.24484			6
2025.02.12	01:34:34.131		1.24485			4
2025.02.12	01:34:43.349	1.24484				2
2025.02.12	01:34:44.580	1.24483	1.24484			6
2025.02.12	01:34:49.808	1.24484	1.24485			6
2025.02.12	01:35:00.030	1.24484				2
2025.02.12	01:35:01.251	1.24485	1.24486			6
2025.02.12	01:35:02.481	1.24484				2
2025.02.12	01:35:06.452	1.24485				2
2025.02.12	01:35:06.755	1.24489	1.24491			6
2025.02.12	01:35:12.304	1.24490				2
2025.02.12	01:35:12.613	1.24489				2
2025.02.12	01:35:15.088	1.24490	1.24492			6
2025.02.12	01:35:15.397		1.24491			4
2025.02.12	01:35:16.017	1.24489				2
2025.02.12	01:35:16.941	1.24490				2
2025.02.12	01:35:17.244	1.24491	1.24492			6
2025.02.12	01:35:20.013		1.24493			4
2025.02.12	01:35:20.954		1.24492			4
2025.02.12	01:35:28.697	1.24485	1.24487			6
2025.02.12	01:35:44.373	1.24486				2
2025.02.12	01:35:52.631		1.24488			4
2025.02.12	01:35:58.133	1.24487	1.24489			6
2025.02.12	01:36:00.289	1.24491	1.24493			6
2025.02.12	01:36:05.213		1.24492			4
2025.02.12	01:36:06.449	1.24492	1.24493			6
2025.02.12	01:36:07.681	1.24491				2
2025.02.12	01:36:15.681		1.24492			4
2025.02.12	01:36:34.728		1.24493			4
2025.02.12	01:36:35.342		1.24492			4
2025.02.12	01:36:43.340		1.24493			4
2025.02.12	01:36:44.567		1.24492			4
2025.02.12	01:36:49.799	1.24489	1.24491			6
2025.02.12	01:36:50.724	1.24490	1.24492			6
2025.02.12	01:36:52.266	1.24493	1.24494			6
2025.02.12	01:36:52.567	1.24495	1.24497			6
2025.02.12	01:36:54.726		1.24496			4
2025.02.12	01:36:55.038		1.24497			4
2025.02.12	01:37:00.302	1.24495				2
2025.02.12	01:37:00.972	1.24494	1.24496			6
2025.02.12	01:37:05.280	1.24491	1.24492			6
2025.02.12	01:37:07.437	1.24490				2
2025.02.12	01:37:16.015		1.24491			4
2025.02.12	01:37:29.793		1.24492			4
2025.02.12	01:37:54.491	1.24491				2
2025.02.12	01:37:54.793	1.24490				2
2025.02.12	01:38:00.008	1.24490				2
2025.02.12	01:38:00.622	1.24488	1.24493			6
2025.02.12	01:38:01.536	1.24490	1.24492			6
2025.02.12	01:38:52.611	1.24491	1.24493			6
2025.02.12	01:39:00.295	1.24491				2
2025.02.12	01:39:00.600	1.24494	1.24496			6
2025.02.12	01:39:00.904		1.24497			4
2025.02.12	01:39:01.218		1.24496			4
2025.02.12	01:39:01.521	1.24495	1.24497			6
2025.02.12	01:39:05.518	1.24494	1.24496			6
2025.02.12	01:39:10.129	1.24492	1.24494			6
2025.02.12	01:39:12.900	1.24489	1.24492			6
2025.02.12	01:39:13.513		1.24491			4
2025.02.12	01:39:14.130		1.24492			4
2025.02.12	01:39:15.672		1.24491			4
2025.02.12	01:39:17.201		1.24492			4
2025.02.12	01:39:17.509		1.24491			4
2025.02.12	01:39:18.121	1.24488				2
2025.02.12	01:39:45.243	1.24489	1.24492			6
2025.02.12	01:39:45.858		1.24491			4
2025.02.12	01:40:00.241	1.24489				2
2025.02.12	01:40:12.492	1.24488				2
2025.02.12	01:40:18.157	1.24489				2
2025.02.12	01:40:22.774		1.24492			4
2025.02.12	01:40:23.390	1.24493	1.24495			6
2025.02.12	01:40:24.002		1.24496			4
2025.02.12	01:40:24.619	1.24494				2
2025.02.12	01:40:27.407		1.24495			4
2025.02.12	01:40:32.016	1.24493	1.24494			6
2025.02.12	01:40:32.326		1.24495			4
2025.02.12	01:40:32.945	1.24492				2
2025.02.12	01:40:34.479		1.24494			4
2025.02.12	01:40:37.238	1.24491				2
2025.02.12	01:40:40.614	1.24493	1.24496			6
2025.02.12	01:41:00.032	1.24493				2
2025.02.12	01:41:00.646	1.24494				2
2025.02.12	01:41:02.495		1.24497			4
2025.02.12	01:41:03.112	1.24495	1.24498			6
2025.02.12	01:41:03.732		1.24497			4
2025.02.12	01:41:05.264	1.24496	1.24499			6
2025.02.12	01:41:05.878	1.24497				2
2025.02.12	01:41:06.181	1.24496				2
2025.02.12	01:41:17.342	1.24495	1.24498			6
2025.02.12	01:41:20.705	1.24496	1.24499			6
2025.02.12	01:41:21.622	1.24495	1.24498			6
2025.02.12	01:41:25.894	1.24496	1.24499			6
2025.02.12	01:41:40.571	1.24501	1.24503			6
2025.02.12	01:41:40.878	1.24500				2
2025.02.12	01:41:41.182	1.24501	1.24504			6
2025.02.12	01:41:41.488	1.24503	1.24506			6
2025.02.12	01:41:41.793	1.24504	1.24507			6
2025.02.12	01:41:42.710	1.24503	1.24506			6
2025.02.12	01:41:43.323	1.24502	1.24505			6
2025.02.12	01:41:43.935	1.24503	1.24506			6
2025.02.12	01:41:45.455	1.24502	1.24505			6
2025.02.12	01:41:48.823	1.24497	1.24500			6
2025.02.12	01:41:49.435	1.24498	1.24501			6
2025.02.12	01:41:51.888	1.24497	1.24500			6
2025.02.12	01:41:53.416	1.24496	1.24499			6
2025.02.12	01:41:53.724	1.24497	1.24500			6
2025.02.12	01:41:54.037	1.24498	1.24501			6
2025.02.12	01:41:54.349	1.24497	1.24500			6
2025.02.12	01:41:59.876	1.24498	1.24501			6
2025.02.12	01:42:00.189	1.24498				2
2025.02.12	01:42:07.242	1.24497	1.24500			6
2025.02.12	01:42:08.159	1.24498	1.24501			6
2025.02.12	01:42:22.545	1.24499	1.24502			6
2025.02.12	01:42:25.930	1.24503	1.24506			6
2025.02.12	01:42:35.863	1.24499	1.24502			6
2025.02.12	01:42:36.180	1.24498	1.24501			6
2025.02.12	01:42:40.541	1.24500	1.24503			6
2025.02.12	01:42:40.843	1.24501	1.24504			6
2025.02.12	01:42:41.767	1.24502	1.24505			6
2025.02.12	01:42:42.078	1.24501	1.24504			6
2025.02.12	01:42:46.686	1.24500	1.24503			6
2025.02.12	01:42:46.994	1.24499	1.24502			6
2025.02.12	01:42:47.303	1.24498	1.24501			6
2025.02.12	01:42:47.610	1.24499	1.24502			6
2025.02.12	01:42:51.601	1.24498	1.24501			6
2025.02.12	01:42:57.118	1.24499	1.24502			6
2025.02.12	01:42:57.731	1.24498	1.24501			6
2025.02.12	01:43:00.176	1.24498				2
2025.02.12	01:43:25.657	1.24499	1.24502			6
2025.02.12	01:43:40.795	1.24504	1.24507			6
2025.02.12	01:43:42.327	1.24502	1.24505			6
2025.02.12	01:43:42.635	1.24503	1.24506			6
2025.02.12	01:43:43.560	1.24504	1.24507			6
2025.02.12	01:43:47.255	1.24503	1.24506			6
2025.02.12	01:43:47.566	1.24504	1.24507			6
2025.02.12	01:43:47.873	1.24503	1.24506			6
2025.02.12	01:43:48.181	1.24504	1.24507			6
2025.02.12	01:43:48.482	1.24503	1.24506			6
2025.02.12	01:43:55.568	1.24504	1.24507			6
2025.02.12	01:43:55.883	1.24503	1.24506			6
2025.02.12	01:44:00.188	1.24504	1.24507			6
2025.02.12	01:44:01.416	1.24503	1.24506			6
2025.02.12	01:44:02.031	1.24504	1.24507			6
2025.02.12	01:44:07.562	1.24503	1.24506			6
2025.02.12	01:44:14.471	1.24504	1.24507			6
2025.02.12	01:44:21.889	1.24503	1.24506			6
2025.02.12	01:44:23.120	1.24504	1.24507			6
2025.02.12	01:44:23.429	1.24505				2
2025.02.12	01:44:23.737	1.24504				2
2025.02.12	01:44:27.116	1.24505	1.24508			6
2025.02.12	01:44:32.037	1.24503	1.24506			6
2025.02.12	01:44:32.338	1.24505	1.24508			6
2025.02.12	01:44:35.457	1.24504	1.24509			6
2025.02.12	01:44:36.378		1.24507			4
2025.02.12	01:44:37.303	1.24505	1.24508			6
2025.02.12	01:44:45.905	1.24506	1.24509			6
2025.02.12	01:44:46.217	1.24505	1.24508			6
2025.02.12	01:44:51.820	1.24504	1.24507			6
2025.02.12	01:44:52.449	1.24505	1.24508			6
2025.02.12	01:44:53.373	1.24504	1.24507			6
2025.02.12	01:44:54.292	1.24505	1.24508			6
2025.02.12	01:44:54.598	1.24504	1.24507			6
2025.02.12	01:44:55.220	1.24505	1.24508			6
2025.02.12	01:44:56.444	1.24506	1.24509			6
2025.02.12	01:44:59.820	1.24505	1.24510			6
2025.02.12	01:45:00.136	1.24505				2
2025.02.12	01:45:00.440	1.24504	1.24509			6
2025.02.12	01:45:01.361	1.24507	1.24512			6
2025.02.12	01:45:01.675	1.24508	1.24513			6
2025.02.12	01:45:01.976	1.24509	1.24512			6
2025.02.12	01:45:04.130		1.24513			4
2025.02.12	01:45:05.359	1.24508	1.24512			6
2025.02.12	01:45:05.665	1.24509				2
2025.02.12	01:45:05.967	1.24513	1.24516			6
2025.02.12	01:45:06.582	1.24508	1.24512			6
2025.02.12	01:45:10.292	1.24509	1.24513			6
2025.02.12	01:45:10.594	1.24508	1.24512			6
2025.02.12	01:45:15.512	1.24509	1.24513			6
2025.02.12	01:45:17.050	1.24508	1.24512			6
2025.02.12	01:45:17.356	1.24509	1.24513			6
2025.02.12	01:45:17.658	1.24508	1.24512			6
2025.02.12	01:45:18.274	1.24509	1.24513			6
2025.02.12	01:45:19.202	1.24507	1.24514			6
2025.02.12	01:45:19.819	1.24510				2
2025.02.12	01:45:20.742	1.24509				2
2025.02.12	01:45:21.356	1.24507	1.24511			6
2025.02.12	01:45:31.776	1.24506	1.24510			6
2025.02.12	01:45:32.082	1.24518	1.24522			6
2025.02.12	01:45:32.383	1.24513	1.24517			6
2025.02.12	01:45:35.754	1.24512	1.24518			6
2025.02.12	01:45:36.670	1.24513				2
2025.02.12	01:45:42.204	1.24511				2
2025.02.12	01:45:42.505	1.24512				2
2025.02.12	01:45:43.122	1.24513	1.24517			6
2025.02.12	01:45:43.441	1.24512				2
2025.02.12	01:45:47.441		1.24516			4
2025.02.12	01:45:47.742		1.24517			4
2025.02.12	01:45:55.499	1.24513	1.24518			6
2025.02.12	01:45:58.242		1.24517			4
2025.02.12	01:46:00.078	1.24513				2
2025.02.12	01:46:06.218	1.24514	1.24518			6
2025.02.12	01:46:25.576	1.24513	1.24517			6
2025.02.12	01:46:27.418	1.24514				2
2025.02.12	01:46:27.725		1.24518			4
2025.02.12	01:46:34.801	1.24513	1.24517			6
2025.02.12	01:46:51.109		1.24516			4
2025.02.12	01:46:53.338	1.24511	1.24512			6
2025.02.12	01:46:53.643	1.24509	1.24513			6
2025.02.12	01:46:54.253		1.24514			4
2025.02.12	01:46:56.720		1.24513			4
2025.02.12	01:46:58.568	1.24511	1.24514			6
2025.02.12	01:46:58.876	1.24510				2
2025.02.12	01:46:59.181	1.24513	1.24517			6
2025.02.12	01:47:00.111	1.24514	1.24518			6
2025.02.12	01:47:04.110	1.24513				2
2025.02.12	01:47:04.723	1.24514				2
2025.02.12	01:47:05.032	1.24513				2
2025.02.12	01:47:05.644	1.24514				2
2025.02.12	01:47:07.181	1.24513				2
2025.02.12	01:47:10.245	1.24514				2
2025.02.12	01:47:19.472	1.24511	1.24516			6
2025.02.12	01:47:19.779	1.24512	1.24517			6
2025.02.12	01:47:30.864	1.24513				2
2025.02.12	01:47:32.399	1.24512				2
2025.02.12	01:47:32.705	1.24513				2
2025.02.12	01:47:35.461	1.24512				2
2025.02.12	01:47:36.375	1.24513				2
2025.02.12	01:47:37.589	1.24512				2
2025.02.12	01:47:37.901	1.24513				2
2025.02.12	01:47:38.205	1.24512				2
2025.02.12	01:47:38.511	1.24513	1.24518			6
2025.02.12	01:47:41.356	1.24514				2
2025.02.12	01:47:43.181	1.24512	1.24516			6
2025.02.12	01:47:43.486	1.24513	1.24517			6
2025.02.12	01:47:44.089	1.24512	1.24516			6
2025.02.12	01:47:44.697	1.24513	1.24517			6
2025.02.12	01:47:45.325	1.24512	1.24516			6
2025.02.12	01:47:45.630	1.24513	1.24517			6
2025.02.12	01:47:45.937	1.24512	1.24516			6
2025.02.12	01:47:46.238	1.24513	1.24517			6
2025.02.12	01:47:46.542	1.24512	1.24516			6
2025.02.12	01:47:46.854	1.24513	1.24517			6
2025.02.12	01:47:47.457	1.24512	1.24516			6
2025.02.12	01:47:48.075	1.24513	1.24517			6
2025.02.12	01:47:48.380	1.24512				2
2025.02.12	01:47:49.300	1.24513				2
2025.02.12	01:47:53.576	1.24512	1.24516			6
2025.02.12	01:47:55.106	1.24513	1.24517			6
2025.02.12	01:47:57.861	1.24512	1.24516			6
2025.02.12	01:47:58.165	1.24513	1.24517			6
2025.02.12	01:47:58.767	1.24512	1.24516			6
2025.02.12	01:47:59.077	1.24513	1.24517			6
2025.02.12	01:47:59.697	1.24512	1.24516			6
2025.02.12	01:48:00.001	1.24512				2
2025.02.12	01:48:02.143	1.24513	1.24517			6
2025.02.12	01:48:02.447	1.24512	1.24516			6
2025.02.12	01:48:05.533	1.24513	1.24517			6
2025.02.12	01:48:06.148	1.24512	1.24516			6
2025.02.12	01:48:10.760	1.24505	1.24509			6
2025.02.12	01:48:11.069	1.24504	1.24508			6
2025.02.12	01:48:11.374	1.24503				2
2025.02.12	01:48:11.992		1.24509			4
2025.02.12	01:48:12.909	1.24502	1.24507			6
2025.02.12	01:48:31.201	1.24501				2
2025.02.12	01:48:36.092	1.24502				2
2025.02.12	01:48:39.479		1.24508			4
2025.02.12	01:48:39.789	1.24503				2
2025.02.12	01:48:40.399	1.24502				2
2025.02.12	01:48:42.854	1.24503				2
2025.02.12	01:48:51.143		1.24509			4
2025.02.12	01:48:51.456	1.24502	1.24507			6
2025.02.12	01:48:52.686		1.24508			4
2025.02.12	01:49:00.078	1.24502				2
2025.02.12	01:49:00.385		1.24507			4
2025.02.12	01:49:01.306	1.24503	1.24508			6
2025.02.12	01:49:02.230	1.24502	1.24507			6
2025.02.12	01:49:03.147	1.24503	1.24508			6
2025.02.12	01:49:08.371	1.24502	1.24507			6
2025.02.12	01:49:18.241	1.24503	1.24508			6
2025.02.12	01:49:19.478	1.24502	1.24507			6
2025.02.12	01:49:20.095	1.24501	1.24506			6
2025.02.12	01:49:20.400	1.24502	1.24507			6
2025.02.12	01:49:25.633	1.24501	1.24506			6
2025.02.12	01:49:26.250	1.24502				2
2025.02.12	01:49:36.990	1.24501	1.24502			6
2025.02.12	01:49:38.209	1.24503	1.24507			6
2025.02.12	01:49:38.516		1.24508			4
2025.02.12	01:49:39.132		1.24509			4
2025.02.12	01:49:40.979		1.24505			4
2025.02.12	01:49:41.283	1.24502	1.24506			6
2025.02.12	01:49:42.519		1.24507			4
2025.02.12	01:49:42.825	1.24503	1.24508			6
2025.02.12	01:49:43.753		1.24509			4
2025.02.12	01:49:45.285		1.24508			4
2025.02.12	01:49:46.521	1.24502	1.24507			6
2025.02.12	01:49:53.887	1.24504	1.24509			6
2025.02.12	01:50:00.032	1.24504				2
2025.02.12	01:50:02.793	1.24502	1.24507			6
2025.02.12	01:50:03.102	1.24503	1.24508			6
2025.02.12	01:50:06.794	1.24502	1.24507			6
2025.02.12	01:50:10.478	1.24503	1.24508			6
2025.02.12	01:50:12.014	1.24502	1.24507			6
2025.02.12	01:50:12.322		1.24506			4
2025.02.12	01:50:12.633		1.24507			4
2025.02.12	01:50:19.383		1.24506			4
2025.02.12	01:50:24.883	1.24503	1.24507			6
2025.02.12	01:50:39.252	1.24504	1.24508			6
2025.02.12	01:50:43.553	1.24503	1.24507			6
2025.02.12	01:50:44.788	1.24502	1.24506			6
2025.02.12	01:50:49.097	1.24503	1.24507			6
2025.02.12	01:50:57.103	1.24504				2
2025.02.12	01:50:59.243	1.24505	1.24508			6
2025.02.12	01:51:00.156	1.24505				2
2025.02.12	01:51:01.379	1.24504	1.24507			6
2025.02.12	01:51:02.325	1.24503				2
2025.02.12	01:51:03.256	1.24504				2
2025.02.12	01:51:23.080	1.24503	1.24506			6
2025.02.12	01:51:23.382	1.24504	1.24507			6
2025.02.12	01:51:24.605	1.24503	1.24506			6
2025.02.12	01:51:24.911	1.24504	1.24507			6
2025.02.12	01:51:32.885	1.24505	1.24508			6
2025.02.12	01:51:35.323	1.24504	1.24507			6
2025.02.12	01:51:36.537	1.24510	1.24513			6
2025.02.12	01:51:36.844	1.24509	1.24512			6
2025.02.12	01:51:37.150		1.24514			4
2025.02.12	01:51:46.683	1.24511	1.24516			6
2025.02.12	01:51:47.301	1.24510				2
2025.02.12	01:51:51.294	1.24511				2
2025.02.12	01:52:00.195	1.24511				2
2025.02.12	01:52:11.321	1.24512				2
2025.02.12	01:52:41.361	1.24513				2
2025.02.12	01:52:46.871		1.24516			4
2025.02.12	01:52:48.109	1.24512	1.24515			6
2025.02.12	01:53:00.195	1.24512				2
2025.02.12	01:53:38.826	1.24511	1.24514			6
2025.02.12	01:53:39.129	1.24512	1.24515			6
2025.02.12	01:53:55.747	1.24511	1.24514			6
2025.02.12	01:53:56.053	1.24512	1.24515			6
2025.02.12	01:53:56.359	1.24511	1.24514			6
2025.02.12	01:53:56.668	1.24512	1.24515			6
2025.02.12	01:53:56.972	1.24511	1.24514			6
2025.02.12	01:53:57.580	1.24512	1.24515			6
2025.02.12	01:53:57.889	1.24511	1.24514			6
2025.02.12	01:53:58.193	1.24512	1.24515			6
2025.02.12	01:53:58.494	1.24511	1.24514			6
2025.02.12	01:53:58.798	1.24512	1.24515			6
2025.02.12	01:54:00.028	1.24512				2
2025.02.12	01:54:07.080	1.24511	1.24514			6
2025.02.12	01:54:12.244	1.24512	1.24515			6
2025.02.12	01:54:12.859	1.24511	1.24514			6
2025.02.12	01:54:14.091	1.24512	1.24515			6
2025.02.12	01:54:14.702	1.24511	1.24514			6
2025.02.12	01:54:15.308	1.24512	1.24515			6
2025.02.12	01:54:15.613	1.24511	1.24514			6
2025.02.12	01:54:20.812	1.24512	1.24515			6
2025.02.12	01:54:21.115	1.24511	1.24514			6
2025.02.12	01:54:23.268	1.24512	1.24515			6
2025.02.12	01:54:44.565	1.24511	1.24514			6
2025.02.12	01:54:47.643		1.24513			4
2025.02.12	01:54:47.955	1.24510				2
2025.02.12	01:54:49.184	1.24509	1.24512			6
2025.02.12	01:54:50.406	1.24510	1.24513			6
2025.02.12	01:55:00.233	1.24510				2
2025.02.12	01:55:02.680	1.24511	1.24514			6
2025.02.12	01:55:06.367		1.24513			4
2025.02.12	01:55:10.092	1.24509	1.24512			6
2025.02.12	01:55:10.701	1.24503	1.24506			6
2025.02.12	01:55:12.241		1.24508			4
2025.02.12	01:55:14.389	1.24502	1.24507			6
2025.02.12	01:55:18.698		1.24508			4
2025.02.12	01:55:24.248		1.24507			4
2025.02.12	01:55:34.124		1.24506			4
2025.02.12	01:56:00.248	1.24502				2
2025.02.12	01:56:04.241	1.24501	1.24505			6
2025.02.12	01:56:14.069	1.24502				2
2025.02.12	01:56:14.376		1.24506			4
2025.02.12	01:56:18.795		1.24505			4
2025.02.12	01:56:19.412		1.24506			4
2025.02.12	01:56:19.718		1.24505			4
2025.02.12	01:56:20.022		1.24506			4
2025.02.12	01:56:20.636		1.24505			4
2025.02.12	01:56:26.189		1.24506			4
2025.02.12	01:56:26.816	1.24503	1.24507			6
2025.02.12	01:56:29.889	1.24510	1.24514			6
2025.02.12	01:56:31.120	1.24509	1.24515			6
2025.02.12	01:56:32.669		1.24514			4
2025.02.12	01:56:35.443	1.24508	1.24513			6
2025.02.12	01:56:37.889	1.24507				2
2025.02.12	01:56:38.512	1.24506	1.24511			6
2025.02.12	01:56:44.985	1.24502	1.24508			6
2025.02.12	01:56:48.379		1.24507			4
2025.02.12	01:56:48.693		1.24508			4
2025.02.12	01:56:49.310		1.24507			4
2025.02.12	01:56:49.618		1.24508			4
2025.02.12	01:57:00.015	1.24502				2
2025.02.12	01:57:14.229		1.24507			4
2025.02.12	01:57:16.391	1.24501	1.24506			6
2025.02.12	01:57:17.006		1.24507			4
2025.02.12	01:57:17.311	1.24502				2
2025.02.12	01:57:18.032		1.24506			4
2025.02.12	01:57:23.578		1.24507			4
2025.02.12	01:57:26.356	1.24501	1.24506			6
2025.02.12	01:57:26.668	1.24502	1.24507			6
2025.02.12	01:57:29.132	1.24501	1.24506			6
2025.02.12	01:57:29.446	1.24502	1.24507			6
2025.02.12	01:57:30.372	1.24503	1.24508			6
2025.02.12	01:57:30.681	1.24504				2
2025.02.12	01:57:32.229		1.24509			4
2025.02.12	01:57:39.332		1.24508			4
2025.02.12	01:58:00.247	1.24504				2
2025.02.12	01:58:03.320	1.24509	1.24513			6
2025.02.12	01:58:04.290	1.24508	1.24514			6
2025.02.12	01:58:05.508	1.24509	1.24515			6
2025.02.12	01:58:06.448	1.24510				2
2025.02.12	01:58:11.688	1.24511				2
2025.02.12	01:58:12.613	1.24510	1.24514			6
2025.02.12	01:58:15.689		1.24515			4
2025.02.12	01:58:16.622		1.24514			4
2025.02.12	01:58:18.167	1.24508	1.24512			6
2025.02.12	01:58:19.095	1.24509	1.24513			6
2025.02.12	01:58:19.404	1.24510	1.24514			6
2025.02.12	01:58:19.713		1.24515			4
2025.02.12	01:58:20.329	1.24511	1.24517			6
2025.02.12	01:58:26.798		1.24516			4
2025.02.12	01:58:27.410		1.24517			4
2025.02.12	01:58:28.025		1.24516			4
2025.02.12	01:58:45.894		1.24515			4
2025.02.12	01:58:46.204		1.24516			4
2025.02.12	01:58:48.362		1.24517			4
2025.02.12	01:58:48.981		1.24516			4
2025.02.12	01:58:49.602	1.24512				2
2025.02.12	01:58:50.218	1.24511				2
2025.02.12	01:58:51.149	1.24512				2
2025.02.12	01:58:51.769	1.24511				2
2025.02.12	01:58:52.381	1.24512	1.24517			6
2025.02.12	01:58:53.622	1.24511	1.24516			6
2025.02.12	01:58:53.933	1.24512	1.24517			6
2025.02.12	01:59:00.080	1.24512				2
2025.02.12	01:59:01.005	1.24511	1.24516			6
2025.02.12	01:59:03.465	1.24512	1.24517			6
2025.02.12	01:59:05.945	1.24511	1.24516			6
2025.02.12	01:59:06.251	1.24512	1.24517			6
2025.02.12	01:59:06.880	1.24510	1.24514			6
2025.02.12	01:59:12.134	1.24504	1.24508			6
2025.02.12	01:59:12.753	1.24506	1.24510			6
2025.02.12	01:59:14.299	1.24505	1.24509			6
2025.02.12	01:59:14.604	1.24506	1.24510			6
2025.02.12	01:59:18.001	1.24505				2
2025.02.12	01:59:20.362		1.24509			4
2025.02.12	01:59:22.209	1.24507	1.24511			6
2025.02.12	01:59:23.136	1.24509	1.24510			6
2025.02.12	01:59:23.441	1.24504	1.24509			6
2025.02.12	01:59:23.752	1.24505				2
2025.02.12	01:59:35.157	1.24506	1.24510			6
2025.02.12	01:59:35.464	1.24510	1.24515			6
2025.02.12	01:59:37.313	1.24511	1.24516			6
2025.02.12	01:59:56.195	1.24512	1.24517			6
2025.02.12	02:00:00.217	1.24514	1.24519			6
2025.02.12	02:00:00.530	1.24517	1.24521			6
2025.02.12	02:00:00.834	1.24516	1.24520			6
2025.02.12	02:00:02.369	1.24515				2
2025.02.12	02:00:03.913		1.24518			4
2025.02.12	02:00:04.537		1.24519			4
2025.02.12	02:00:04.841	1.24516				2
2025.02.12	02:00:06.074	1.24515				2
2025.02.12	02:00:06.382		1.24516			4
2025.02.12	02:00:06.686	1.24512				2
2025.02.12	02:00:07.002	1.24507	1.24510			6
2025.02.12	02:00:07.303	1.24504	1.24508			6
2025.02.12	02:00:07.608	1.24505	1.24509			6
2025.02.12	02:00:08.236	1.24504				2
2025.02.12	02:00:08.850	1.24505	1.24510			6
2025.02.12	02:00:11.331	1.24504	1.24509			6
2025.02.12	02:00:12.255	1.24506	1.24510			6
2025.02.12	02:00:12.567	1.24507				2
2025.02.12	02:00:13.176	1.24506				2
2025.02.12	02:00:15.410	1.24505				2
2025.02.12	02:00:18.491		1.24509			4
2025.02.12	02:00:18.805	1.24506	1.24510			6
2025.02.12	02:00:24.929	1.24505				2
2025.02.12	02:00:25.547		1.24509			4
2025.02.12	02:00:25.854		1.24510			4
2025.02.12	02:00:26.162		1.24509			4
2025.02.12	02:00:28.306	1.24503	1.24506			6
2025.02.12	02:00:28.609		1.24508			4
2025.02.12	02:00:28.914		1.24507			4
2025.02.12	02:00:30.138		1.24506			4
2025.02.12	02:00:32.293	1.24504	1.24508			6
2025.02.12	02:00:32.598	1.24503				2
2025.02.12	02:00:33.518	1.24500	1.24503			6
2025.02.12	02:00:33.826		1.24504			4
2025.02.12	02:00:36.605		1.24503			4
2025.02.12	02:00:37.835		1.24504			4
2025.02.12	02:00:38.143	1.24499	1.24503			6
2025.02.12	02:00:38.448	1.24498	1.24502			6
2025.02.12	02:00:38.756		1.24503			4
2025.02.12	02:00:43.454	1.24499	1.24504			6
2025.02.12	02:00:43.761	1.24503	1.24506			6
2025.02.12	02:00:44.069	1.24502				2
2025.02.12	02:00:44.374	1.24505	1.24507			6
2025.02.12	02:00:44.990	1.24504				2
2025.02.12	02:00:45.297	1.24503	1.24506			6
2025.02.12	02:00:48.057		1.24507			4
2025.02.12	02:00:49.594	1.24504				2
2025.02.12	02:00:51.424	1.24505	1.24508			6
2025.02.12	02:00:51.731	1.24504	1.24507			6
2025.02.12	02:00:52.033		1.24508			4
2025.02.12	02:00:52.649		1.24507			4
2025.02.12	02:00:53.261	1.24503	1.24506			6
2025.02.12	02:00:53.564	1.24504	1.24507			6
2025.02.12	02:00:53.872	1.24505	1.24508			6
2025.02.12	02:00:54.483	1.24506				2
2025.02.12	02:00:57.565	1.24505				2
2025.02.12	02:00:57.871	1.24506				2
2025.02.12	02:00:59.087	1.24505	1.24507			6
2025.02.12	02:00:59.389	1.24504	1.24506			6
2025.02.12	02:00:59.697		1.24508			4
2025.02.12	02:01:00.003	1.24504				2
2025.02.12	02:01:00.311		1.24507			4
2025.02.12	02:01:01.231	1.24502	1.24505			6
2025.02.12	02:01:01.536	1.24501	1.24504			6
2025.02.12	02:01:02.150	1.24502	1.24506			6
2025.02.12	02:01:03.070		1.24505			4
2025.02.12	02:01:03.373		1.24506			4
2025.02.12	02:01:05.521	1.24501	1.24504			6
2025.02.12	02:01:10.434	1.24502	1.24503			6
2025.02.12	02:01:15.389	1.24501				2
2025.02.12	02:01:21.841	1.24502	1.24505			6
2025.02.12	02:01:23.369	1.24503				2
2025.02.12	02:01:23.687	1.24502				2
2025.02.12	02:01:25.213	1.24503				2
2025.02.12	02:01:27.060	1.24502				2
2025.02.12	02:01:30.732		1.24506			4
2025.02.12	02:01:31.342	1.24504	1.24507			6
2025.02.12	02:01:32.260	1.24505	1.24508			6
2025.02.12	02:01:32.873	1.24504				2
2025.02.12	02:01:33.791	1.24505				2
2025.02.12	02:01:37.925	1.24503				2
2025.02.12	02:01:38.201	1.24504	1.24507			6
2025.02.12	02:01:38.812		1.24508			4
2025.02.12	02:01:40.674	1.24503	1.24507			6
2025.02.12	02:01:48.042	1.24504	1.24508			6
2025.02.12	02:01:48.343	1.24507				2
2025.02.12	02:01:50.193	1.24512	1.24515			6
2025.02.12	02:01:50.500	1.24514	1.24517			6
2025.02.12	02:01:50.806	1.24515	1.24518			6
2025.02.12	02:01:51.114	1.24516	1.24519			6
2025.02.12	02:01:52.343	1.24517	1.24520			6
2025.02.12	02:01:52.648	1.24516	1.24519			6
2025.02.12	02:01:56.327		1.24520			4
2025.02.12	02:01:57.250		1.24519			4
2025.02.12	02:02:00.019	1.24516				2
2025.02.12	02:02:02.475	1.24517				2
2025.02.12	02:02:05.240	1.24516				2
2025.02.12	02:02:05.546	1.24517				2
2025.02.12	02:02:06.154	1.24516				2
2025.02.12	02:02:06.465	1.24517				2
2025.02.12	02:02:06.771	1.24516				2
2025.02.12	02:02:15.681	1.24515				2
2025.02.12	02:02:19.370		1.24518			4
2025.02.12	02:02:19.985		1.24519			4
2025.02.12	02:02:27.038	1.24516	1.24518			6
2025.02.12	02:02:27.346	1.24512	1.24515			6
2025.02.12	02:02:27.651		1.24516			4
2025.02.12	02:02:28.264		1.24515			4
2025.02.12	02:02:28.568	1.24513	1.24516			6
2025.02.12	02:02:28.882		1.24517			4
2025.02.12	02:02:30.108	1.24512	1.24516			6
2025.02.12	02:02:33.504	1.24514	1.24517			6
2025.02.12	02:02:35.041		1.24518			4
2025.02.12	02:02:35.966		1.24517			4
2025.02.12	02:02:36.273		1.24518			4
2025.02.12	02:02:38.121	1.24515				2
2025.02.12	02:02:38.430		1.24519			4
2025.02.12	02:02:38.732		1.24518			4
2025.02.12	02:02:40.581	1.24514				2
2025.02.12	02:02:40.890	1.24515				2
2025.02.12	02:02:42.737	1.24514				2
2025.02.12	02:02:43.043	1.24515				2
2025.02.12	02:02:43.655		1.24519			4
2025.02.12	02:02:44.570	1.24514	1.24518			6
2025.02.12	02:02:44.877	1.24515	1.24519			6
2025.02.12	02:02:45.191	1.24517	1.24520			6
2025.02.12	02:02:51.015	1.24515				2
2025.02.12	02:02:53.153		1.24519			4
2025.02.12	02:02:59.883	1.24517	1.24520			6
2025.02.12	02:03:00.192	1.24515				2
2025.02.12	02:03:02.329	1.24517				2
2025.02.12	02:03:04.165	1.24525	1.24526			6
2025.02.12	02:03:04.474	1.24522	1.24527			6
2025.02.12	02:03:04.781	1.24523				2
2025.02.12	02:03:05.395		1.24528			4
2025.02.12	02:03:05.702	1.24522	1.24527			6
2025.02.12	02:03:06.322		1.24526			4
2025.02.12	02:03:06.934		1.24527			4
2025.02.12	02:03:07.544	1.24523	1.24528			6
2025.02.12	02:03:08.158		1.24529			4
2025.02.12	02:03:12.461	1.24526				2
2025.02.12	02:03:12.766	1.24525				2
2025.02.12	02:03:15.234		1.24530			4
2025.02.12	02:03:17.676	1.24526				2
2025.02.12	02:03:23.495	1.24527				2
2025.02.12	02:03:28.422	1.24526				2
2025.02.12	02:03:37.636	1.24527				2
2025.02.12	02:03:44.394	1.24526				2
2025.02.12	02:03:45.618	1.24531	1.24535			6
2025.02.12	02:03:47.782	1.24533	1.24537			6
2025.02.12	02:03:50.556	1.24534	1.24539			6
2025.02.12	02:03:50.864		1.24538			4
2025.02.12	02:03:51.469	1.24533				2
2025.02.12	02:03:51.788	1.24534	1.24537			6
2025.02.12	02:03:52.094	1.24533	1.24538			6
2025.02.12	02:03:52.411	1.24535	1.24539			6
2025.02.12	02:03:52.717	1.24536				2
2025.02.12	02:03:55.500	1.24535				2
2025.02.12	02:03:56.422		1.24538			4
2025.02.12	02:03:57.038	1.24524	1.24528			6
2025.02.12	02:03:57.650	1.24525				2
2025.02.12	02:03:57.958	1.24524				2
2025.02.12	02:03:58.268	1.24523				2
2025.02.12	02:03:59.190		1.24527			4
2025.02.12	02:03:59.498	1.24521	1.24525			6
2025.02.12	02:04:00.111	1.24521				2
2025.02.12	02:04:00.725	1.24522	1.24526			6
2025.02.12	02:04:02.874	1.24523				2
2025.02.12	02:04:05.354	1.24522	1.24525			6
2025.02.12	02:04:05.972	1.24514	1.24518			6
2025.02.12	02:04:07.814	1.24515				2
2025.02.12	02:04:09.041		1.24519			4
2025.02.12	02:04:09.647	1.24516	1.24520			6
2025.02.12	02:04:10.574	1.24515	1.24519			6
2025.02.12	02:04:11.498		1.24518			4
2025.02.12	02:04:14.281		1.24519			4
2025.02.12	02:04:14.588		1.24518			4
2025.02.12	02:04:14.894		1.24519			4
2025.02.12	02:04:16.439	1.24512	1.24516			6
2025.02.12	02:04:16.744	1.24506	1.24510			6
2025.02.12	02:04:17.061	1.24505				2
2025.02.12	02:04:17.677		1.24509			4
2025.02.12	02:04:18.293	1.24501	1.24505			6
2025.02.12	02:04:24.794	1.24499	1.24506			6
2025.02.12	02:04:26.646	1.24501	1.24505			6
2025.02.12	02:04:34.057		1.24506			4
2025.02.12	02:04:36.202	1.24502				2
2025.02.12	02:04:36.825	1.24501	1.24504			6
2025.02.12	02:04:37.443		1.24505			4
2025.02.12	02:04:37.752	1.24500	1.24504			6
2025.02.12	02:04:38.978	1.24499				2
2025.02.12	02:04:39.593		1.24503			4
2025.02.12	02:04:39.896	1.24498				2
2025.02.12	02:04:40.511		1.24502			4
2025.02.12	02:04:40.823	1.24495	1.24500			6
2025.02.12	02:04:41.128	1.24496				2
2025.02.12	02:04:41.440	1.24499	1.24504			6
2025.02.12	02:04:41.747		1.24503			4
2025.02.12	02:04:42.358	1.24498				2
2025.02.12	02:04:43.585	1.24499	1.24504			6
2025.02.12	02:04:44.193	1.24498	1.24503			6
2025.02.12	02:04:47.872	1.24499	1.24504			6
2025.02.12	02:04:48.483		1.24503			4
2025.02.12	02:04:48.789		1.24504			4
2025.02.12	02:04:49.712	1.24500	1.24505			6
2025.02.12	02:04:54.736		1.24504			4
2025.02.12	02:04:58.400	1.24498	1.24502			6
2025.02.12	02:04:59.317		1.24501			4
2025.02.12	02:04:59.623	1.24495	1.24499			6
2025.02.12	02:05:00.251	1.24493	1.24496			6
2025.02.12	02:05:00.558		1.24497			4
2025.02.12	02:05:01.485	1.24492				2
2025.02.12	02:05:08.263	1.24486	1.24488			6
2025.02.12	02:05:08.569	1.24481	1.24486			6
2025.02.12	02:05:09.499		1.24487			4
2025.02.12	02:05:09.816	1.24482				2
2025.02.12	02:05:10.425		1.24488			4
2025.02.12	02:05:13.201		1.24487			4
2025.02.12	02:05:30.815		1.24488			4
2025.02.12	02:05:31.131	1.24481	1.24487			6
2025.02.12	02:05:31.432		1.24488			4
2025.02.12	02:05:32.057		1.24487			4
2025.02.12	02:05:32.668		1.24488			4
2025.02.12	02:05:32.978	1.24482				2
2025.02.12	02:05:35.770	1.24483				2
2025.02.12	02:05:39.151	1.24482				2
2025.02.12	02:05:39.460	1.24481	1.24487			6
2025.02.12	02:05:40.069	1.24482				2
2025.02.12	02:05:40.379		1.24488			4
2025.02.12	02:05:42.530	1.24491	1.24495			6
2025.02.12	02:05:43.774		1.24496			4
2025.02.12	02:05:44.998		1.24495			4
2025.02.12	02:05:53.779	1.24488	1.24492			6
2025.02.12	02:05:54.085	1.24487	1.24493			6
2025.02.12	02:05:54.405	1.24488				2
2025.02.12	02:05:54.708	1.24487	1.24492			6
2025.02.12	02:05:55.022		1.24491			4
2025.02.12	02:05:55.327		1.24492			4
2025.02.12	02:05:58.415	1.24488				2
2025.02.12	02:05:59.032	1.24487				2
2025.02.12	02:06:00.267	1.24487				2
2025.02.12	02:06:01.805	1.24484	1.24488			6
2025.02.12	02:06:02.422	1.24483	1.24487			6
2025.02.12	02:06:02.735		1.24488			4
2025.02.12	02:06:09.242		1.24485			4
2025.02.12	02:06:12.645		1.24487			4
2025.02.12	02:06:15.726		1.24486			4
2025.02.12	02:06:28.369		1.24485			4
2025.02.12	02:06:28.982	1.24482				2
2025.02.12	02:06:32.366	1.24487	1.24488			6
2025.02.12	02:06:33.293	1.24483	1.24486			6
2025.02.12	02:06:34.521	1.24482				2
2025.02.12	02:06:35.136	1.24481	1.24484			6
2025.02.12	02:06:35.440	1.24482	1.24485			6
2025.02.12	02:06:47.722	1.24481	1.24484			6
2025.02.12	02:06:48.339	1.24482				2
2025.02.12	02:06:51.380	1.24481				2
2025.02.12	02:06:55.674	1.24482				2
2025.02.12	02:06:56.290	1.24481				2
2025.02.12	02:06:57.208	1.24482				2
2025.02.12	02:07:00.274	1.24482				2
2025.02.12	02:07:03.044	1.24481				2
2025.02.12	02:07:05.495	1.24482				2
2025.02.12	02:07:06.108	1.24481				2
2025.02.12	02:07:07.335	1.24482				2
2025.02.12	02:07:07.645	1.24481				2
2025.02.12	02:07:07.947	1.24482				2
2025.02.12	02:07:09.167	1.24481				2
2025.02.12	02:07:15.000	1.24480				2
2025.02.12	02:07:15.301	1.24481				2
2025.02.12	02:07:20.860	1.24480				2
2025.02.12	02:07:21.164	1.24481				2
2025.02.12	02:07:22.079	1.24480				2
2025.02.12	02:07:22.387	1.24475	1.24478			6
2025.02.12	02:07:23.606	1.24476				2
2025.02.12	02:07:24.221	1.24475	1.24479			6
2025.02.12	02:07:25.458	1.24476				2
2025.02.12	02:07:27.001	1.24475				2
2025.02.12	02:07:29.154		1.24476			4
2025.02.12	02:07:29.463	1.24472				2
2025.02.12	02:07:36.841	1.24473				2
2025.02.12	02:07:38.389	1.24472				2
2025.02.12	02:07:38.696		1.24475			4
2025.02.12	02:07:39.006		1.24476			4
2025.02.12	02:07:39.922	1.24471				2
2025.02.12	02:07:46.697	1.24463	1.24466			6
2025.02.12	02:07:47.315	1.24462	1.24465			6
2025.02.12	02:07:49.156	1.24461				2
2025.02.12	02:07:53.152	1.24462				2
2025.02.12	02:07:54.698	1.24457	1.24460			6
2025.02.12	02:07:56.231	1.24461	1.24464			6
2025.02.12	02:07:57.152	1.24462				2
2025.02.12	02:07:57.461		1.24465			4
2025.02.12	02:08:00.228	1.24462				2
2025.02.12	02:08:01.765	1.24461				2
2025.02.12	02:08:02.076	1.24462				2
2025.02.12	02:08:02.381	1.24463				2
2025.02.12	02:08:02.682	1.24462				2
2025.02.12	02:08:10.991	1.24465	1.24466			6
2025.02.12	02:08:15.911	1.24462	1.24465			6
2025.02.12	02:08:16.222	1.24463				2
2025.02.12	02:08:20.831	1.24464				2
2025.02.12	02:08:25.740	1.24466	1.24467			6
2025.02.12	02:08:27.893	1.24464	1.24465			6
2025.02.12	02:08:29.423	1.24465	1.24466			6
2025.02.12	02:08:31.264	1.24462	1.24465			6
2025.02.12	02:08:31.579	1.24463				2
2025.02.12	02:08:32.191	1.24462				2
2025.02.12	02:08:32.498	1.24463				2
2025.02.12	02:08:35.558	1.24462				2
2025.02.12	02:08:36.179	1.24461				2
2025.02.12	02:08:36.484	1.24462				2
2025.02.12	02:08:38.426	1.24465	1.24467			6
2025.02.12	02:08:38.730		1.24470			4
2025.02.12	02:08:39.041	1.24466				2
2025.02.12	02:08:41.813	1.24471	1.24474			6
2025.02.12	02:08:42.427	1.24470				2
2025.02.12	02:08:43.962	1.24471				2
2025.02.12	02:08:45.189		1.24475			4
2025.02.12	02:08:45.492	1.24472				2
2025.02.12	02:08:46.418	1.24471				2
2025.02.12	02:08:47.645	1.24472				2
2025.02.12	02:08:57.489	1.24471				2
2025.02.12	02:09:00.257	1.24471				2
2025.02.12	02:09:01.178	1.24472				2
2025.02.12	02:09:02.407	1.24471				2
2025.02.12	02:09:05.477	1.24472	1.24476			6
2025.02.12	02:09:08.540	1.24471	1.24475			6
2025.02.12	02:09:09.460	1.24470				2
2025.02.12	02:09:10.075	1.24471				2
2025.02.12	02:09:10.692	1.24472				2
2025.02.12	02:09:12.537	1.24471				2
2025.02.12	02:09:14.382		1.24474			4
2025.02.12	02:09:14.995		1.24475			4
2025.02.12	02:09:16.523		1.24474			4
2025.02.12	02:09:18.355	1.24470	1.24473			6
2025.02.12	02:09:18.666		1.24472			4
2025.02.12	02:09:18.968		1.24473			4
2025.02.12	02:09:19.891	1.24467	1.24470			6
2025.02.12	02:09:22.970	1.24463	1.24465			6
2025.02.12	02:09:23.277	1.24462				2
2025.02.12	02:09:23.904	1.24463				2
2025.02.12	02:09:24.210	1.24464				2
2025.02.12	02:09:24.520	1.24465	1.24468			6
2025.02.12	02:09:26.979		1.24467			4
2025.02.12	02:09:28.216	1.24467	1.24468			6
2025.02.12	02:09:30.991	1.24469	1.24472			6
2025.02.12	02:09:33.455	1.24467	1.24470			6
2025.02.12	02:09:33.764		1.24469			4
2025.02.12	02:09:39.605	1.24466				2
2025.02.12	02:09:39.915	1.24467				2
2025.02.12	02:09:47.584	1.24464	1.24468			6
2025.02.12	02:09:51.277	1.24465				2
2025.02.12	02:09:53.744		1.24469			4
2025.02.12	02:09:59.252	1.24466				2
