<DATE>	<TIME>	<BID>	<ASK>	<LAST>	<VOLUME>	<FLAGS>
2025.08.13	00:03:31.425	1.34983	1.35086			6
2025.08.13	00:04:00.162	1.34983				2
2025.08.13	00:04:16.508	1.34994				2
2025.08.13	00:04:16.814		1.35096			4
2025.08.13	00:04:21.451	1.34981				2
2025.08.13	00:04:39.069	1.34991				2
2025.08.13	00:04:59.532	1.34981				2
2025.08.13	00:05:00.156	1.34981				2
2025.08.13	00:05:02.321	1.34975	1.35065			6
2025.08.13	00:05:02.631	1.34979	1.35069			6
2025.08.13	00:06:00.201	1.34979				2
2025.08.13	00:06:02.655		1.35069			4
2025.08.13	00:07:00.034	1.34979				2
2025.08.13	00:07:02.803		1.35069			4
2025.08.13	00:07:22.812	1.34955	1.35045			6
2025.08.13	00:07:29.582	1.34953	1.35043			6
2025.08.13	00:08:00.062	1.34953				2
2025.08.13	00:08:00.982	1.34952	1.35042			6
2025.08.13	00:08:06.542	1.34951	1.35041			6
2025.08.13	00:08:09.644	1.34952	1.35042			6
2025.08.13	00:08:10.253	1.34951	1.35041			6
2025.08.13	00:08:13.952	1.34952	1.35042			6
2025.08.13	00:08:15.797	1.34945	1.35035			6
2025.08.13	00:09:00.264	1.34945				2
2025.08.13	00:09:15.994		1.35035			4
2025.08.13	00:09:42.083	1.34942	1.35032			6
2025.08.13	00:09:47.303	1.34961	1.35041			6
2025.08.13	00:10:00.252	1.34961				2
2025.08.13	00:10:11.718	1.34951				2
2025.08.13	00:10:47.591		1.35041			4
2025.08.13	00:11:00.270	1.34951				2
2025.08.13	00:11:04.905	1.34961				2
2025.08.13	00:11:07.683	1.34951				2
2025.08.13	00:11:08.920	1.34961				2
2025.08.13	00:11:15.703	1.34951				2
2025.08.13	00:11:16.632	1.34961				2
2025.08.13	00:11:23.111	1.34951				2
2025.08.13	00:11:24.037	1.34961				2
2025.08.13	00:11:30.517	1.34951				2
2025.08.13	00:11:31.445	1.34961				2
2025.08.13	00:11:37.930	1.34951				2
2025.08.13	00:11:38.860	1.34961				2
2025.08.13	00:11:47.825		1.35041			4
2025.08.13	00:12:00.211	1.34961				2
2025.08.13	00:12:48.054		1.35041			4
2025.08.13	00:13:00.097	1.34961				2
2025.08.13	00:13:04.390	1.34963	1.35042			6
2025.08.13	00:13:17.687	1.34965	1.35041			6
2025.08.13	00:13:29.712		1.35043			4
2025.08.13	00:14:00.006	1.34965				2
2025.08.13	00:14:17.909	1.34964				2
2025.08.13	00:14:29.955		1.35043			4
2025.08.13	00:15:00.270	1.34964				2
2025.08.13	00:15:29.966		1.35043			4
2025.08.13	00:30:00.769	1.34964	1.35034			6
2025.08.13	00:30:01.306		1.35018			4
2025.08.13	00:30:50.763	1.34963				2
2025.08.13	00:30:52.050	1.34962				2
2025.08.13	00:31:00.364	1.34962				2
2025.08.13	00:31:04.786	1.34961	1.35018			6
2025.08.13	00:31:12.304		1.35049			4
2025.08.13	00:31:13.186		1.35047			4
2025.08.13	00:31:14.075		1.35020			4
2025.08.13	00:31:15.303		1.35044			4
2025.08.13	00:32:01.468	1.34961				2
2025.08.13	00:32:04.828	1.34960				2
2025.08.13	00:32:10.304		1.35046			4
2025.08.13	00:32:16.729	1.34958				2
2025.08.13	00:32:21.217		1.35030			4
2025.08.13	00:32:22.302		1.35042			4
2025.08.13	00:32:38.211	1.34954	1.35033			6
2025.08.13	00:32:42.087	1.34953	1.35017			6
2025.08.13	00:32:48.303		1.35013			4
2025.08.13	00:34:14.677	1.34952	1.35012			6
2025.08.13	00:35:01.486	1.34952				2
2025.08.13	00:35:20.363		1.35012			4
2025.08.13	00:36:00.363	1.34952				2
2025.08.13	00:36:20.986		1.35012			4
2025.08.13	00:37:02.092	1.34952				2
2025.08.13	00:37:23.686		1.35012			4
2025.08.13	00:37:30.108		1.35003			4
2025.08.13	00:37:32.313		1.35036			4
2025.08.13	00:38:00.381	1.34952				2
2025.08.13	00:38:27.315		1.35035			4
2025.08.13	00:39:00.287	1.34952				2
2025.08.13	00:39:01.307		1.35002			4
2025.08.13	00:39:56.304		1.35003			4
2025.08.13	00:40:00.322	1.34952				2
2025.08.13	00:40:15.767		1.35004			4
2025.08.13	00:40:18.304		1.35038			4
2025.08.13	00:40:19.018	1.34954				2
2025.08.13	00:40:19.413	1.34952				2
2025.08.13	00:40:21.273	1.34955				2
2025.08.13	00:40:21.579	1.34953				2
2025.08.13	00:40:21.880	1.34952				2
2025.08.13	00:40:31.935	1.34954				2
2025.08.13	00:40:35.006	1.34952				2
2025.08.13	00:40:38.486	1.34954				2
2025.08.13	00:40:38.798	1.34952				2
2025.08.13	00:40:42.004		1.35037			4
2025.08.13	00:40:44.962	1.34954				2
2025.08.13	00:40:46.198	1.34956				2
2025.08.13	00:40:46.504	1.34952				2
2025.08.13	00:40:52.365	1.34956				2
2025.08.13	00:40:52.674	1.34952				2
2025.08.13	00:40:53.406	1.34956				2
2025.08.13	00:40:55.574	1.34952				2
2025.08.13	00:40:59.091	1.34954				2
2025.08.13	00:40:59.410	1.34955				2
2025.08.13	00:40:59.715	1.34954				2
2025.08.13	00:41:00.032	1.34954				2
2025.08.13	00:41:00.333	1.34952				2
2025.08.13	00:41:00.638	1.34953				2
2025.08.13	00:41:02.791	1.34954				2
2025.08.13	00:41:03.098	1.34953				2
2025.08.13	00:41:04.330	1.34954				2
2025.08.13	00:41:06.195		1.35021			4
2025.08.13	00:41:06.500	1.34955	1.35005			6
2025.08.13	00:41:06.805		1.35021			4
2025.08.13	00:41:07.113	1.34954	1.35041			6
2025.08.13	00:41:07.421		1.35033			4
2025.08.13	00:41:07.725		1.35041			4
2025.08.13	00:41:08.343		1.35033			4
2025.08.13	00:41:09.267		1.34998			4
2025.08.13	00:41:10.196		1.35024			4
2025.08.13	00:41:12.046		1.34998			4
2025.08.13	00:41:14.208	1.34956				2
2025.08.13	00:41:14.826	1.34955				2
2025.08.13	00:41:16.684	1.34954				2
2025.08.13	00:41:17.919	1.34956				2
2025.08.13	00:41:18.233	1.34955				2
2025.08.13	00:41:19.161	1.34958				2
2025.08.13	00:41:20.079	1.34954				2
2025.08.13	00:41:22.859	1.34955				2
2025.08.13	00:41:23.169	1.34957				2
2025.08.13	00:41:26.854	1.34953				2
2025.08.13	00:41:27.162	1.34954				2
2025.08.13	00:41:28.701	1.34955				2
2025.08.13	00:41:30.237	1.34957				2
2025.08.13	00:41:30.557	1.34955				2
2025.08.13	00:41:31.485	1.34956				2
2025.08.13	00:41:32.412	1.34957				2
2025.08.13	00:41:32.714	1.34954				2
2025.08.13	00:41:33.022	1.34955				2
2025.08.13	00:41:33.649	1.34954				2
2025.08.13	00:41:35.808	1.34955				2
2025.08.13	00:41:36.117	1.34954				2
2025.08.13	00:41:37.048	1.34953				2
2025.08.13	00:41:37.354	1.34954				2
2025.08.13	00:41:37.661	1.34951				2
2025.08.13	00:41:37.978	1.34950				2
2025.08.13	00:41:38.599	1.34949				2
2025.08.13	00:41:39.107	1.34952				2
2025.08.13	00:41:39.413	1.34953				2
2025.08.13	00:41:39.719	1.34949				2
2025.08.13	00:41:40.037	1.34951				2
2025.08.13	00:41:40.654	1.34953				2
2025.08.13	00:41:41.582	1.34955				2
2025.08.13	00:41:41.891	1.34954				2
2025.08.13	00:41:42.820	1.34955				2
2025.08.13	00:41:45.037		1.34991			4
2025.08.13	00:41:45.354	1.34953				2
2025.08.13	00:41:46.271	1.34956				2
2025.08.13	00:41:46.574	1.34955				2
2025.08.13	00:41:46.893	1.34956				2
2025.08.13	00:41:47.197	1.34954				2
2025.08.13	00:41:47.697	1.34956				2
2025.08.13	00:41:48.308	1.34955				2
2025.08.13	00:41:48.926	1.34954				2
2025.08.13	00:41:49.439	1.34955				2
2025.08.13	00:41:50.990	1.34954				2
2025.08.13	00:41:55.199	1.34949				2
2025.08.13	00:41:55.819	1.34950				2
2025.08.13	00:41:56.121	1.34951	1.34986			6
2025.08.13	00:41:56.439	1.34949				2
2025.08.13	00:41:56.750	1.34950				2
2025.08.13	00:41:57.978	1.34949				2
2025.08.13	00:41:58.602	1.34950				2
2025.08.13	00:41:58.909	1.34947				2
2025.08.13	00:41:59.520	1.34949				2
2025.08.13	00:41:59.829	1.34950				2
2025.08.13	00:42:00.141	1.34949				2
2025.08.13	00:42:00.445	1.34948				2
2025.08.13	00:42:00.755	1.34947				2
2025.08.13	00:42:01.065	1.34949				2
2025.08.13	00:42:01.374	1.34950				2
2025.08.13	00:42:01.989	1.34951				2
2025.08.13	00:42:03.529	1.34950				2
2025.08.13	00:42:04.150	1.34951				2
2025.08.13	00:42:05.080	1.34950				2
2025.08.13	00:42:06.931	1.34947				2
2025.08.13	00:42:07.237	1.34946				2
2025.08.13	00:42:07.850	1.34945				2
2025.08.13	00:42:08.181	1.34948				2
2025.08.13	00:42:12.265	1.34947				2
2025.08.13	00:42:12.568	1.34946				2
2025.08.13	00:42:13.897	1.34948				2
2025.08.13	00:42:16.976	1.34944				2
2025.08.13	00:42:17.295	1.34942				2
2025.08.13	00:42:18.830	1.34943				2
2025.08.13	00:42:19.137	1.34944				2
2025.08.13	00:42:19.438	1.34943				2
2025.08.13	00:42:21.599	1.34942	1.34981			6
2025.08.13	00:42:21.902	1.34937				2
2025.08.13	00:42:22.219	1.34938				2
2025.08.13	00:42:22.521	1.34937				2
2025.08.13	00:42:24.664	1.34940				2
2025.08.13	00:42:25.283	1.34941				2
2025.08.13	00:42:25.903	1.34939				2
2025.08.13	00:42:26.213	1.34942				2
2025.08.13	00:42:26.529	1.34937				2
2025.08.13	00:42:26.907	1.34939				2
2025.08.13	00:42:27.225	1.34942				2
2025.08.13	00:42:27.537	1.34940				2
2025.08.13	00:42:27.838	1.34943				2
2025.08.13	00:42:28.466	1.34944				2
2025.08.13	00:42:28.775	1.34943				2
2025.08.13	00:42:29.086	1.34938				2
2025.08.13	00:42:29.393	1.34937				2
2025.08.13	00:42:30.365	1.34940				2
2025.08.13	00:42:30.671	1.34939				2
2025.08.13	00:42:30.991	1.34944				2
2025.08.13	00:42:31.297	1.34942				2
2025.08.13	00:42:31.606	1.34943				2
2025.08.13	00:42:31.911	1.34941				2
2025.08.13	00:42:32.217	1.34939				2
2025.08.13	00:42:32.523	1.34938				2
2025.08.13	00:42:32.831	1.34940				2
2025.08.13	00:42:33.446	1.34937				2
2025.08.13	00:42:34.136	1.34941				2
2025.08.13	00:42:34.455	1.34943				2
2025.08.13	00:42:35.368	1.34940				2
2025.08.13	00:42:35.678	1.34944				2
2025.08.13	00:42:37.209	1.34943				2
2025.08.13	00:42:37.561	1.34945				2
2025.08.13	00:42:37.865	1.34943				2
2025.08.13	00:42:38.176	1.34944				2
2025.08.13	00:42:38.495	1.34942				2
2025.08.13	00:42:38.819	1.34944				2
2025.08.13	00:42:39.130	1.34942				2
2025.08.13	00:42:39.847	1.34944				2
2025.08.13	00:42:40.395	1.34945				2
2025.08.13	00:42:40.697	1.34944				2
2025.08.13	00:42:41.014	1.34945				2
2025.08.13	00:42:41.318	1.34946				2
2025.08.13	00:42:41.633	1.34945				2
2025.08.13	00:42:46.323	1.34944				2
2025.08.13	00:42:47.900	1.34943				2
2025.08.13	00:42:48.209	1.34944				2
2025.08.13	00:42:49.136	1.34943				2
2025.08.13	00:42:49.440	1.34946				2
2025.08.13	00:42:49.746	1.34945				2
2025.08.13	00:42:50.363	1.34946				2
2025.08.13	00:42:51.302	1.34940	1.34978			6
2025.08.13	00:42:52.230	1.34942				2
2025.08.13	00:42:52.838	1.34943				2
2025.08.13	00:42:56.223	1.34940				2
2025.08.13	00:42:56.837	1.34942				2
2025.08.13	00:42:57.431	1.34940	1.34986			6
2025.08.13	00:42:57.740	1.34943				2
2025.08.13	00:43:00.131	1.34949	1.34998			6
2025.08.13	00:43:01.361	1.34952				2
2025.08.13	00:44:00.284	1.34952	1.34998			6
2025.08.13	00:44:13.362	1.34938				2
2025.08.13	00:44:13.984	1.34942				2
2025.08.13	00:44:14.296	1.34940				2
2025.08.13	00:44:15.227	1.34941				2
2025.08.13	00:44:15.867	1.34942				2
2025.08.13	00:44:16.174	1.34941				2
2025.08.13	00:44:16.480	1.34940				2
2025.08.13	00:44:17.406	1.34941				2
2025.08.13	00:44:17.754	1.34943				2
2025.08.13	00:44:18.368	1.34938				2
2025.08.13	00:44:33.906	1.34930				2
2025.08.13	00:44:34.811	1.34935				2
2025.08.13	00:45:00.305	1.34935	1.34998			6
2025.08.13	00:45:15.818	1.34947	1.35011			6
2025.08.13	00:57:22.449	1.34944	1.35001			6
2025.08.13	00:57:22.756		1.34998			4
2025.08.13	00:57:23.363		1.35005			4
2025.08.13	00:57:23.677		1.34999			4
2025.08.13	00:57:23.986		1.35006			4
2025.08.13	00:57:24.297		1.34997			4
2025.08.13	00:57:24.604		1.34995			4
2025.08.13	00:57:25.538	1.34943	1.35004			6
2025.08.13	00:57:25.854		1.35006			4
2025.08.13	00:57:26.180		1.35007			4
2025.08.13	00:57:26.833		1.34995			4
2025.08.13	00:57:27.146	1.34944	1.35002			6
2025.08.13	00:57:27.454		1.35005			4
2025.08.13	00:57:27.762		1.34997			4
2025.08.13	00:57:28.694		1.35000			4
2025.08.13	00:57:29.314		1.34995			4
2025.08.13	00:57:29.626		1.34999			4
2025.08.13	00:57:29.937	1.34945	1.35008			6
2025.08.13	00:57:30.238		1.35006			4
2025.08.13	00:57:30.550		1.35009			4
2025.08.13	00:57:31.166		1.35004			4
2025.08.13	00:57:31.485		1.35003			4
2025.08.13	00:57:31.788		1.35001			4
2025.08.13	00:57:32.409		1.35010			4
2025.08.13	00:57:32.718		1.35000			4
2025.08.13	00:57:33.033		1.35013			4
2025.08.13	00:57:33.342		1.35015			4
2025.08.13	00:57:33.646		1.35005			4
2025.08.13	00:57:33.956		1.35015			4
2025.08.13	00:57:34.575		1.35001			4
2025.08.13	00:57:35.194		1.35003			4
2025.08.13	00:57:35.501		1.35001			4
2025.08.13	00:57:36.433	1.34944				2
2025.08.13	00:57:36.741		1.35002			4
2025.08.13	00:57:37.355	1.34945	1.35004			6
2025.08.13	00:57:38.584		1.35007			4
2025.08.13	00:57:39.201	1.34946	1.35005			6
2025.08.13	00:57:39.508	1.34945	1.35003			6
2025.08.13	00:57:40.427		1.35019			4
2025.08.13	00:57:40.741	1.34950	1.35008			6
2025.08.13	00:57:41.663	1.34945	1.35017			6
2025.08.13	00:57:42.593		1.35013			4
2025.08.13	00:57:42.900	1.34947	1.35019			6
2025.08.13	00:57:43.828	1.34952	1.35005			6
2025.08.13	00:57:44.136		1.35013			4
2025.08.13	00:57:44.451	1.34953	1.35001			6
2025.08.13	00:57:44.755	1.34952	1.35014			6
2025.08.13	00:57:45.060		1.35015			4
2025.08.13	00:57:45.376		1.35021			4
2025.08.13	00:57:45.998	1.34954	1.35012			6
2025.08.13	00:57:46.305	1.34952	1.35025			6
2025.08.13	00:57:46.619	1.34953	1.35019			6
2025.08.13	00:57:46.921		1.35011			4
2025.08.13	00:57:47.858		1.35008			4
2025.08.13	00:57:48.797	1.34952	1.35004			6
2025.08.13	00:57:49.109		1.35002			4
2025.08.13	00:57:49.424		1.35021			4
2025.08.13	00:57:49.736	1.34953				2
2025.08.13	00:57:50.040		1.35006			4
2025.08.13	00:57:50.355		1.35007			4
2025.08.13	00:57:50.662		1.35025			4
2025.08.13	00:57:50.977		1.35018			4
2025.08.13	00:57:51.278		1.35006			4
2025.08.13	00:57:51.592		1.35008			4
2025.08.13	00:57:52.210		1.35009			4
2025.08.13	00:57:52.821	1.34952				2
2025.08.13	00:57:53.440	1.34953	1.35011			6
2025.08.13	00:57:54.671	1.34949	1.35001			6
2025.08.13	00:57:54.979		1.35015			4
2025.08.13	00:57:55.290		1.35004			4
2025.08.13	00:57:56.214	1.34947	1.35020			6
2025.08.13	00:57:56.525		1.35002			4
2025.08.13	00:57:56.833		1.35005			4
2025.08.13	00:57:57.138	1.34945				2
2025.08.13	00:57:57.453	1.34946	1.35017			6
2025.08.13	00:57:57.760		1.35019			4
2025.08.13	00:57:58.067		1.35004			4
2025.08.13	00:57:58.377		1.35016			4
2025.08.13	00:57:58.679	1.34945	1.35003			6
2025.08.13	00:57:59.304	1.34950	1.35019			6
2025.08.13	00:57:59.612	1.34947	1.35005			6
2025.08.13	00:58:00.229	1.34947				2
2025.08.13	00:58:01.468	1.34954	1.35012			6
2025.08.13	00:58:02.693	1.34948	1.35019			6
2025.08.13	00:58:03.306	1.34951	1.35009			6
2025.08.13	00:58:05.466	1.34955	1.35016			6
2025.08.13	00:58:05.775	1.34956	1.35018			6
2025.08.13	00:58:06.701	1.34952	1.35025			6
2025.08.13	00:58:07.008	1.34955	1.35024			6
2025.08.13	00:58:07.622	1.34956	1.35023			6
2025.08.13	00:58:07.925	1.34958	1.35016			6
2025.08.13	00:58:08.552	1.34957	1.35023			6
2025.08.13	00:58:08.859	1.34960	1.35018			6
2025.08.13	00:58:09.169	1.34956	1.35021			6
2025.08.13	00:58:09.477	1.34959	1.35020			6
2025.08.13	00:58:09.781	1.34958	1.35021			6
2025.08.13	00:58:10.091	1.34963				2
2025.08.13	00:58:10.403	1.34961	1.35019			6
2025.08.13	00:58:10.707	1.34960	1.35018			6
2025.08.13	00:58:11.013	1.34959	1.35017			6
2025.08.13	00:58:12.245	1.34960	1.35018			6
2025.08.13	00:58:12.552	1.34957	1.35023			6
2025.08.13	00:58:12.866	1.34961	1.35019			6
2025.08.13	00:58:14.408	1.34959	1.35017			6
2025.08.13	00:58:14.713	1.34960	1.35018			6
2025.08.13	00:58:16.877	1.34948	1.35005			6
2025.08.13	00:58:17.186	1.34949				2
2025.08.13	00:58:17.801	1.34946	1.35019			6
2025.08.13	00:58:18.109		1.35003			4
2025.08.13	00:58:18.417		1.35002			4
2025.08.13	00:58:18.726	1.34949	1.35016			6
2025.08.13	00:58:19.034	1.34945	1.35003			6
2025.08.13	00:58:19.342		1.35001			4
2025.08.13	00:58:19.962	1.34946	1.35004			6
2025.08.13	00:58:20.271	1.34945	1.35003			6
2025.08.13	00:58:20.893		1.35004			4
2025.08.13	00:58:23.981	1.34947	1.35023			6
2025.08.13	00:58:24.290	1.34946	1.35018			6
2025.08.13	00:58:26.146		1.35004			4
2025.08.13	00:58:26.446	1.34947	1.35019			6
2025.08.13	00:58:26.767	1.34949	1.35007			6
2025.08.13	00:58:27.998	1.34946	1.34998			6
2025.08.13	00:58:28.608	1.34951	1.35009			6
2025.08.13	00:58:28.914	1.34950	1.35008			6
2025.08.13	00:58:29.533	1.34955	1.35013			6
2025.08.13	00:58:29.841	1.34948	1.35023			6
2025.08.13	00:58:31.691	1.34946	1.35027			6
2025.08.13	00:58:31.997	1.34948	1.35024			6
2025.08.13	00:58:32.612	1.34947	1.35022			6
2025.08.13	00:58:33.545	1.34955	1.35013			6
2025.08.13	00:58:33.855	1.34958	1.35016			6
2025.08.13	00:58:34.163	1.34957	1.35015			6
2025.08.13	00:58:34.470	1.34953	1.35023			6
2025.08.13	00:58:34.776		1.35020			4
2025.08.13	00:58:35.085	1.34954	1.35022			6
2025.08.13	00:58:35.394	1.34957	1.35015			6
2025.08.13	00:58:35.699	1.34959	1.35017			6
2025.08.13	00:58:36.319	1.34948	1.35027			6
2025.08.13	00:58:36.629	1.34953	1.35022			6
2025.08.13	00:58:36.935	1.34950	1.35008			6
2025.08.13	00:58:37.247	1.34949	1.35007			6
2025.08.13	00:58:37.555	1.34951	1.35009			6
2025.08.13	00:58:37.859	1.34952	1.35010			6
2025.08.13	00:58:38.177	1.34951	1.35009			6
2025.08.13	00:58:41.888	1.34953	1.35011			6
2025.08.13	00:58:42.508	1.34952	1.35024			6
2025.08.13	00:58:43.125	1.34958	1.35016			6
2025.08.13	00:58:43.431	1.34951	1.35023			6
2025.08.13	00:58:43.740	1.34954	1.35021			6
2025.08.13	00:58:44.040	1.34958	1.35016			6
2025.08.13	00:58:45.588	1.34948	1.35023			6
2025.08.13	00:58:45.891		1.35029			4
2025.08.13	00:58:46.513		1.35030			4
2025.08.13	00:58:46.819	1.34957	1.35015			6
2025.08.13	00:58:47.125	1.34949	1.35021			6
2025.08.13	00:58:47.752	1.34957	1.35015			6
2025.08.13	00:58:48.057	1.34961	1.35019			6
2025.08.13	00:58:48.662	1.34957	1.35020			6
2025.08.13	00:58:48.969	1.34961	1.35021			6
2025.08.13	00:58:49.582		1.35019			4
2025.08.13	00:58:52.372	1.34960	1.35018			6
2025.08.13	00:58:52.992	1.34958	1.35016			6
2025.08.13	00:58:53.300	1.34959	1.35017			6
2025.08.13	00:58:53.920	1.34960	1.35018			6
2025.08.13	00:58:54.546	1.34952	1.35023			6
2025.08.13	00:58:54.846	1.34961	1.35019			6
2025.08.13	00:58:56.710	1.34960	1.35018			6
2025.08.13	00:58:59.489	1.34949	1.35026			6
2025.08.13	00:58:59.801	1.34952	1.35021			6
2025.08.13	00:59:00.114	1.34952	1.35024			6
2025.08.13	00:59:00.418	1.34959	1.35017			6
2025.08.13	00:59:01.960	1.34949	1.35022			6
2025.08.13	00:59:02.275	1.34967	1.35025			6
2025.08.13	00:59:03.496	1.34961	1.35026			6
2025.08.13	00:59:06.281	1.34968				2
2025.08.13	00:59:06.900	1.34953	1.35033			6
2025.08.13	00:59:07.213	1.34954	1.35012			6
2025.08.13	00:59:07.518	1.34947	1.35019			6
2025.08.13	00:59:07.833		1.35017			4
2025.08.13	00:59:08.142	1.34953	1.35011			6
2025.08.13	00:59:08.457	1.34947	1.35020			6
2025.08.13	00:59:08.767	1.34954	1.35012			6
2025.08.13	00:59:09.384	1.34946	1.35027			6
2025.08.13	00:59:09.694		1.35028			4
2025.08.13	00:59:10.938	1.34945	1.35029			6
2025.08.13	00:59:11.251	1.34946	1.35019			6
2025.08.13	00:59:11.559	1.34958	1.35016			6
2025.08.13	00:59:12.171	1.34959	1.35017			6
2025.08.13	00:59:12.483	1.34958	1.35016			6
2025.08.13	00:59:14.340	1.34963	1.35022			6
2025.08.13	00:59:14.650	1.34961				2
2025.08.13	00:59:14.960	1.34964				2
2025.08.13	00:59:15.588	1.34962	1.35020			6
2025.08.13	00:59:16.199	1.34960	1.35018			6
2025.08.13	00:59:16.513	1.34957	1.35022			6
2025.08.13	00:59:16.818	1.34955	1.35029			6
2025.08.13	00:59:17.125	1.34963	1.35021			6
2025.08.13	00:59:18.057	1.34964	1.35022			6
2025.08.13	00:59:18.971	1.34962	1.35020			6
2025.08.13	00:59:19.282	1.34956	1.35021			6
2025.08.13	00:59:19.585	1.34960				2
2025.08.13	00:59:19.899	1.34963				2
2025.08.13	00:59:20.202	1.34960	1.35018			6
2025.08.13	00:59:20.509	1.34963	1.35021			6
2025.08.13	00:59:21.132	1.34954	1.35019			6
2025.08.13	00:59:21.435	1.34945	1.35029			6
2025.08.13	00:59:21.744	1.34951	1.35022			6
2025.08.13	00:59:22.059	1.34952	1.35010			6
2025.08.13	00:59:22.364	1.34957	1.35015			6
2025.08.13	00:59:22.671	1.34960	1.35018			6
2025.08.13	00:59:23.296	1.34956	1.35023			6
2025.08.13	00:59:23.613	1.34960	1.35018			6
2025.08.13	00:59:24.549	1.34958	1.35022			6
2025.08.13	00:59:24.851	1.34957	1.35020			6
2025.08.13	00:59:25.157	1.34959	1.35017			6
2025.08.13	00:59:25.467	1.34961	1.35019			6
2025.08.13	00:59:26.087	1.34959	1.35017			6
2025.08.13	00:59:26.393	1.34961	1.35019			6
2025.08.13	00:59:28.562	1.34947	1.35028			6
2025.08.13	00:59:28.870	1.34957	1.35015			6
2025.08.13	00:59:29.800	1.34952	1.35020			6
2025.08.13	00:59:30.113		1.35018			4
2025.08.13	00:59:31.969	1.34955	1.35013			6
2025.08.13	00:59:33.201	1.34952	1.35010			6
2025.08.13	00:59:33.516	1.34947	1.35019			6
2025.08.13	00:59:33.822	1.34946				2
2025.08.13	00:59:34.452	1.34950	1.35008			6
2025.08.13	00:59:34.754	1.34951	1.35009			6
2025.08.13	00:59:35.372	1.34946	1.35019			6
2025.08.13	00:59:35.679	1.34951	1.35009			6
2025.08.13	00:59:36.912	1.34946	1.35019			6
2025.08.13	00:59:37.218	1.34950	1.35008			6
2025.08.13	00:59:37.529	1.34951	1.35009			6
2025.08.13	00:59:37.933	1.34949	1.35007			6
2025.08.13	00:59:38.245	1.34950	1.35008			6
2025.08.13	00:59:41.041	1.34952	1.35010			6
2025.08.13	00:59:41.357	1.34950	1.35008			6
2025.08.13	00:59:41.972	1.34951	1.35009			6
2025.08.13	00:59:43.211	1.34946	1.35004			6
2025.08.13	00:59:43.521	1.34947	1.35005			6
2025.08.13	00:59:44.142	1.34952	1.35010			6
2025.08.13	00:59:44.444	1.34945	1.35020			6
2025.08.13	00:59:44.763	1.34949	1.35007			6
2025.08.13	00:59:46.306	1.34950	1.35008			6
2025.08.13	00:59:48.467	1.34944	1.35013			6
2025.08.13	00:59:49.083		1.35001			4
2025.08.13	00:59:50.003	1.34945	1.35003			6
2025.08.13	00:59:50.310	1.34949	1.35007			6
2025.08.13	00:59:51.560	1.34944	1.35017			6
2025.08.13	00:59:52.175	1.34946				2
2025.08.13	00:59:52.481	1.34947	1.35018			6
2025.08.13	00:59:52.789		1.35019			4
2025.08.13	00:59:53.099	1.34955	1.35013			6
2025.08.13	00:59:53.718	1.34953	1.35011			6
2025.08.13	00:59:54.346	1.34955	1.35013			6
2025.08.13	00:59:55.577	1.34947	1.35019			6
2025.08.13	00:59:55.887	1.34954	1.35012			6
2025.08.13	00:59:56.502	1.34955	1.35013			6
2025.08.13	00:59:56.814	1.34948	1.35021			6
2025.08.13	00:59:57.126	1.34955	1.35013			6
2025.08.13	00:59:58.357	1.34956	1.35014			6
2025.08.13	00:59:58.976	1.34957	1.35015			6
2025.08.13	01:00:00.213	1.34943	1.35002			6
2025.08.13	01:00:00.532	1.34944	1.35021			6
2025.08.13	01:00:00.834	1.34940	1.35025			6
2025.08.13	01:00:01.139	1.34957	1.35027			6
2025.08.13	01:00:01.452	1.34952	1.35022			6
2025.08.13	01:00:01.759		1.35020			4
2025.08.13	01:00:02.383	1.34944	1.35022			6
2025.08.13	01:00:02.685	1.34941	1.35019			6
2025.08.13	01:00:02.990	1.34942	1.35018			6
2025.08.13	01:00:03.617	1.34943	1.35019			6
2025.08.13	01:00:03.937	1.34947	1.35018			6
2025.08.13	01:00:04.244	1.34950	1.35021			6
2025.08.13	01:00:04.549	1.34947	1.35024			6
2025.08.13	01:00:04.867	1.34946	1.35022			6
2025.08.13	01:00:05.478	1.34948	1.35021			6
2025.08.13	01:00:06.100	1.34950	1.35020			6
2025.08.13	01:00:06.409	1.34948	1.35019			6
2025.08.13	01:00:07.337	1.34949				2
2025.08.13	01:00:07.640	1.34976	1.35016			6
2025.08.13	01:00:08.264		1.35015			4
2025.08.13	01:00:09.183		1.35016			4
2025.08.13	01:00:09.497	1.34977				2
2025.08.13	01:00:10.431	1.34980				2
2025.08.13	01:00:10.737		1.35017			4
2025.08.13	01:00:11.042		1.35018			4
2025.08.13	01:00:11.967	1.34976				2
2025.08.13	01:00:12.277	1.34964				2
2025.08.13	01:00:13.204	1.34991	1.35014			6
2025.08.13	01:00:13.518		1.35016			4
2025.08.13	01:00:15.677		1.35015			4
2025.08.13	01:00:16.592		1.35016			4
2025.08.13	01:00:17.210		1.35015			4
2025.08.13	01:00:17.512		1.35016			4
2025.08.13	01:00:18.743		1.35015			4
2025.08.13	01:00:19.048		1.35016			4
2025.08.13	01:00:19.354		1.35015			4
2025.08.13	01:00:19.668		1.35016			4
2025.08.13	01:00:20.287		1.35018			4
2025.08.13	01:00:20.596	1.34992				2
2025.08.13	01:00:20.903		1.35016			4
2025.08.13	01:00:21.820		1.35017			4
2025.08.13	01:00:22.434	1.34991				2
2025.08.13	01:00:22.739	1.34992	1.35016			6
2025.08.13	01:00:23.044		1.35018			4
2025.08.13	01:00:23.359	1.34991				2
2025.08.13	01:00:23.671		1.35016			4
2025.08.13	01:00:23.981		1.35017			4
2025.08.13	01:00:24.591		1.35018			4
2025.08.13	01:00:25.519		1.35017			4
2025.08.13	01:00:25.837		1.35015			4
2025.08.13	01:00:26.151		1.35017			4
2025.08.13	01:00:31.384		1.35016			4
2025.08.13	01:00:32.631		1.35017			4
2025.08.13	01:00:32.932		1.35016			4
2025.08.13	01:00:33.238		1.35015			4
2025.08.13	01:00:33.859		1.35014			4
2025.08.13	01:00:34.163		1.35015			4
2025.08.13	01:00:34.465		1.35014			4
2025.08.13	01:00:34.782		1.35015			4
2025.08.13	01:00:36.026		1.35012			4
2025.08.13	01:00:36.333		1.35016			4
2025.08.13	01:00:38.181		1.35014			4
2025.08.13	01:00:38.493		1.35016			4
2025.08.13	01:00:40.356		1.35014			4
2025.08.13	01:00:41.592	1.34997	1.35015			6
2025.08.13	01:00:42.208		1.35018			4
2025.08.13	01:00:42.824		1.35020			4
2025.08.13	01:00:44.070		1.35019			4
2025.08.13	01:00:44.374		1.35020			4
2025.08.13	01:00:45.612	1.35000	1.35021			6
2025.08.13	01:00:45.923		1.35019			4
2025.08.13	01:00:46.545		1.35022			4
2025.08.13	01:00:46.852	1.35002	1.35019			6
2025.08.13	01:00:47.158		1.35020			4
2025.08.13	01:00:47.476		1.35019			4
2025.08.13	01:00:47.782		1.35020			4
2025.08.13	01:00:48.087		1.35021			4
2025.08.13	01:00:48.397		1.35020			4
2025.08.13	01:00:48.706		1.35021			4
2025.08.13	01:00:49.627		1.35022			4
2025.08.13	01:00:49.937		1.35020			4
2025.08.13	01:00:50.245	1.35000	1.35021			6
2025.08.13	01:00:50.559		1.35023			4
2025.08.13	01:00:50.864		1.35022			4
2025.08.13	01:00:51.170		1.35020			4
2025.08.13	01:00:51.482		1.35021			4
2025.08.13	01:00:52.096		1.35022			4
2025.08.13	01:00:52.411		1.35020			4
2025.08.13	01:00:52.717		1.35021			4
2025.08.13	01:00:53.023		1.35020			4
2025.08.13	01:00:53.334		1.35022			4
2025.08.13	01:00:53.642		1.35020			4
2025.08.13	01:00:53.945		1.35022			4
2025.08.13	01:00:54.255		1.35019			4
2025.08.13	01:00:54.560	1.34991	1.35012			6
2025.08.13	01:00:54.864	1.34986	1.35009			6
2025.08.13	01:00:55.501	1.34988	1.35011			6
2025.08.13	01:00:55.808	1.35003	1.35017			6
2025.08.13	01:00:56.115		1.35020			4
2025.08.13	01:00:56.428		1.35019			4
2025.08.13	01:00:56.736		1.35021			4
2025.08.13	01:00:57.048		1.35022			4
2025.08.13	01:00:57.660		1.35021			4
2025.08.13	01:00:58.897		1.35020			4
2025.08.13	01:01:00.124	1.35003	1.35021			6
2025.08.13	01:01:00.426	1.35000	1.35019			6
2025.08.13	01:01:01.043		1.35022			4
2025.08.13	01:01:01.666		1.35018			4
2025.08.13	01:01:01.976		1.35022			4
2025.08.13	01:01:05.369		1.35020			4
2025.08.13	01:01:05.672		1.35018			4
2025.08.13	01:01:05.984		1.35022			4
2025.08.13	01:01:08.752		1.35021			4
2025.08.13	01:01:10.578		1.35020			4
2025.08.13	01:01:10.881		1.35021			4
2025.08.13	01:01:11.183		1.35019			4
2025.08.13	01:01:11.483		1.35020			4
2025.08.13	01:01:12.390		1.35019			4
2025.08.13	01:01:12.693		1.35021			4
2025.08.13	01:01:12.995		1.35019			4
2025.08.13	01:01:13.301		1.35021			4
2025.08.13	01:01:13.913		1.35019			4
2025.08.13	01:01:14.220	1.35002	1.35021			6
2025.08.13	01:01:14.521		1.35022			4
2025.08.13	01:01:14.825	1.35003	1.35023			6
2025.08.13	01:01:16.044		1.35022			4
2025.08.13	01:01:18.806		1.35021			4
2025.08.13	01:01:19.117		1.35023			4
2025.08.13	01:01:19.420	1.35002	1.35022			6
2025.08.13	01:01:20.035	1.35005	1.35008			6
2025.08.13	01:01:20.337		1.35006			4
2025.08.13	01:01:21.557		1.35008			4
2025.08.13	01:01:24.326		1.35007			4
2025.08.13	01:01:24.634		1.35008			4
2025.08.13	01:01:26.783	1.35006	1.35009			6
2025.08.13	01:01:29.545	1.35005	1.35007			6
2025.08.13	01:01:31.387		1.35008			4
2025.08.13	01:01:31.991		1.35007			4
2025.08.13	01:01:36.574		1.35008			4
2025.08.13	01:01:50.334	1.35004	1.35007			6
2025.08.13	01:01:50.649	1.35005	1.35008			6
2025.08.13	01:01:51.252	1.35007	1.35023			6
2025.08.13	01:01:51.556		1.35009			4
2025.08.13	01:01:55.226		1.35010			4
2025.08.13	01:01:56.152		1.35024			4
2025.08.13	01:02:00.144	1.35007				2
2025.08.13	01:02:00.450	1.35009	1.35012			6
2025.08.13	01:02:00.756	1.35011	1.35014			6
2025.08.13	01:02:01.062	1.35010	1.35013			6
2025.08.13	01:02:03.212	1.35007	1.35010			6
2025.08.13	01:02:03.520	1.35009	1.35012			6
2025.08.13	01:02:10.557	1.35008	1.35011			6
2025.08.13	01:02:10.862	1.35007	1.35010			6
2025.08.13	01:02:11.175	1.35009	1.35012			6
2025.08.13	01:02:12.391	1.35007	1.35010			6
2025.08.13	01:02:13.001	1.35008	1.35011			6
2025.08.13	01:02:13.611	1.35007	1.35010			6
2025.08.13	01:02:13.918	1.35009	1.35012			6
2025.08.13	01:02:14.223	1.35007	1.35010			6
2025.08.13	01:02:14.526	1.35008	1.35011			6
2025.08.13	01:02:14.840	1.35007	1.35010			6
2025.08.13	01:02:16.058	1.35006	1.35009			6
2025.08.13	01:02:16.678	1.35007	1.35010			6
2025.08.13	01:02:16.983	1.35008	1.35011			6
2025.08.13	01:02:17.593	1.35007	1.35010			6
2025.08.13	01:02:18.216	1.35008	1.35011			6
2025.08.13	01:02:18.824	1.35007	1.35010			6
2025.08.13	01:02:19.132	1.35005	1.35008			6
2025.08.13	01:02:19.750	1.35008	1.35011			6
2025.08.13	01:02:20.053	1.35006	1.35009			6
2025.08.13	01:02:20.664	1.35008	1.35011			6
2025.08.13	01:02:21.269	1.35005	1.35008			6
2025.08.13	01:02:21.579	1.35007	1.35010			6
2025.08.13	01:02:24.006	1.35006	1.35009			6
2025.08.13	01:02:24.315	1.35008	1.35011			6
2025.08.13	01:02:24.928	1.35009	1.35012			6
2025.08.13	01:02:25.536	1.35008	1.35011			6
2025.08.13	01:02:25.838	1.35009	1.35012			6
2025.08.13	01:02:26.142	1.35008	1.35011			6
2025.08.13	01:02:27.061	1.35009	1.35012			6
2025.08.13	01:02:27.669	1.35008	1.35011			6
2025.08.13	01:02:27.971	1.35007	1.35010			6
2025.08.13	01:02:28.285	1.35009	1.35012			6
2025.08.13	01:02:30.714	1.35010	1.35013			6
2025.08.13	01:02:31.631	1.35008	1.35011			6
2025.08.13	01:02:33.474	1.35009	1.35012			6
2025.08.13	01:02:34.085	1.35008	1.35011			6
2025.08.13	01:02:35.001	1.35009	1.35012			6
2025.08.13	01:02:35.616	1.35008	1.35011			6
2025.08.13	01:02:38.679	1.35009	1.35012			6
2025.08.13	01:02:41.430	1.35008	1.35011			6
2025.08.13	01:02:44.818	1.35009	1.35012			6
2025.08.13	01:02:47.873	1.35010	1.35013			6
2025.08.13	01:02:48.182	1.35009	1.35012			6
2025.08.13	01:02:48.793	1.35010	1.35013			6
2025.08.13	01:02:55.230	1.35011	1.35014			6
2025.08.13	01:02:55.532	1.35010	1.35013			6
2025.08.13	01:02:56.749	1.35009	1.35012			6
2025.08.13	01:02:57.356	1.35010	1.35013			6
2025.08.13	01:02:58.269	1.35009	1.35012			6
2025.08.13	01:02:59.183	1.35010	1.35013			6
2025.08.13	01:03:00.112	1.35010				2
2025.08.13	01:03:00.717	1.35009	1.35012			6
2025.08.13	01:03:03.779	1.35011	1.35014			6
2025.08.13	01:03:04.394	1.35010	1.35013			6
2025.08.13	01:03:06.226	1.35009	1.35012			6
2025.08.13	01:03:06.533	1.35008	1.35011			6
2025.08.13	01:03:06.837	1.35009				2
2025.08.13	01:03:07.147		1.35012			4
2025.08.13	01:03:07.451	1.35010	1.35013			6
2025.08.13	01:03:08.063	1.35011	1.35014			6
2025.08.13	01:03:08.984	1.35010	1.35013			6
2025.08.13	01:03:10.205	1.35011	1.35014			6
2025.08.13	01:03:11.440	1.35010	1.35013			6
2025.08.13	01:03:12.671	1.35011	1.35014			6
2025.08.13	01:03:12.977	1.35010	1.35013			6
2025.08.13	01:03:16.663	1.35011	1.35014			6
2025.08.13	01:03:17.876	1.35012	1.35015			6
2025.08.13	01:03:20.317	1.35013	1.35016			6
2025.08.13	01:03:20.622	1.35012	1.35015			6
2025.08.13	01:03:20.923	1.35013	1.35016			6
2025.08.13	01:03:25.822	1.35015	1.35018			6
2025.08.13	01:03:26.731	1.35014	1.35017			6
2025.08.13	01:03:27.043	1.35015	1.35018			6
2025.08.13	01:03:27.354	1.35014	1.35017			6
2025.08.13	01:03:28.270	1.35015	1.35018			6
2025.08.13	01:03:30.096	1.35014	1.35017			6
2025.08.13	01:03:30.704	1.35015	1.35018			6
2025.08.13	01:03:31.015	1.35014	1.35017			6
2025.08.13	01:03:31.621	1.35013	1.35016			6
2025.08.13	01:03:32.235	1.35015	1.35018			6
2025.08.13	01:03:32.538	1.35013	1.35016			6
2025.08.13	01:03:33.466	1.35014	1.35017			6
2025.08.13	01:03:34.689	1.35013	1.35016			6
2025.08.13	01:03:37.134	1.35016	1.35019			6
2025.08.13	01:03:37.442	1.35015	1.35018			6
2025.08.13	01:03:38.061	1.35014	1.35017			6
2025.08.13	01:03:38.664	1.35015	1.35018			6
2025.08.13	01:03:38.967	1.35014	1.35017			6
2025.08.13	01:03:39.270	1.34996	1.35016			6
2025.08.13	01:03:39.572	1.35007	1.35025			6
2025.08.13	01:03:39.879	1.35017	1.35020			6
2025.08.13	01:03:40.189	1.35016	1.35019			6
2025.08.13	01:03:40.804	1.35014	1.35017			6
2025.08.13	01:03:41.104	1.35015	1.35018			6
2025.08.13	01:03:41.407	1.35014	1.35017			6
2025.08.13	01:03:41.711	1.35015	1.35018			6
2025.08.13	01:03:42.631	1.35017	1.35020			6
2025.08.13	01:03:44.169	1.35019	1.35022			6
2025.08.13	01:03:44.477	1.35018	1.35021			6
2025.08.13	01:03:46.103	1.35019	1.35022			6
2025.08.13	01:03:46.707	1.35017	1.35020			6
2025.08.13	01:03:47.015	1.35018	1.35021			6
2025.08.13	01:03:47.321	1.35019	1.35022			6
2025.08.13	01:03:47.940	1.35016	1.35019			6
2025.08.13	01:03:48.548	1.35015	1.35018			6
2025.08.13	01:03:48.852	1.35016	1.35019			6
2025.08.13	01:03:49.159	1.35017	1.35020			6
2025.08.13	01:03:51.605	1.35016	1.35019			6
2025.08.13	01:03:52.519	1.35019	1.35022			6
2025.08.13	01:03:52.820	1.35017	1.35020			6
2025.08.13	01:03:53.743	1.35016	1.35019			6
2025.08.13	01:03:54.050	1.35018	1.35021			6
2025.08.13	01:03:54.359	1.35016	1.35019			6
2025.08.13	01:03:54.963	1.35015	1.35018			6
2025.08.13	01:03:57.725	1.35016	1.35019			6
2025.08.13	01:04:00.172	1.35017	1.35020			6
2025.08.13	01:04:00.483	1.35015	1.35018			6
2025.08.13	01:04:03.242	1.35016	1.35019			6
2025.08.13	01:04:03.866	1.35015	1.35018			6
2025.08.13	01:04:04.470	1.35014	1.35017			6
2025.08.13	01:04:05.076	1.35013	1.35016			6
2025.08.13	01:04:05.379	1.35014	1.35017			6
2025.08.13	01:04:05.994	1.35012	1.35015			6
2025.08.13	01:04:06.296	1.35013	1.35016			6
2025.08.13	01:04:06.607	1.35012	1.35015			6
2025.08.13	01:04:10.577	1.35013	1.35016			6
2025.08.13	01:04:11.183	1.35012	1.35015			6
2025.08.13	01:04:11.815	1.35013	1.35016			6
2025.08.13	01:04:14.877	1.35011	1.35014			6
2025.08.13	01:04:15.803	1.35014	1.35017			6
2025.08.13	01:04:16.104	1.35008	1.35009			6
2025.08.13	01:04:18.527	1.35007	1.35008			6
2025.08.13	01:04:18.831	1.35008	1.35009			6
2025.08.13	01:04:20.674	1.35009	1.35010			6
2025.08.13	01:04:25.543	1.35008	1.35009			6
2025.08.13	01:04:27.381	1.35007	1.35008			6
2025.08.13	01:04:28.608	1.35008	1.35009			6
2025.08.13	01:04:28.917	1.35007	1.35008			6
2025.08.13	01:04:31.352	1.35006	1.35007			6
2025.08.13	01:04:32.276	1.35007	1.35008			6
2025.08.13	01:04:33.802	1.35006	1.35007			6
2025.08.13	01:04:34.413	1.35007	1.35008			6
2025.08.13	01:04:34.714	1.35006	1.35007			6
2025.08.13	01:04:35.016	1.35007	1.35008			6
2025.08.13	01:04:35.925	1.35006	1.35007			6
2025.08.13	01:04:36.227	1.35005	1.35006			6
2025.08.13	01:04:37.452	1.35004	1.35005			6
2025.08.13	01:04:38.370		1.35006			4
2025.08.13	01:04:40.203	1.35006	1.35007			6
2025.08.13	01:04:40.819	1.35007	1.35008			6
2025.08.13	01:04:41.735	1.35006	1.35007			6
2025.08.13	01:04:43.262	1.35007	1.35008			6
2025.08.13	01:04:43.577	1.35008	1.35009			6
2025.08.13	01:04:45.402	1.35005	1.35008			6
2025.08.13	01:04:46.326	1.35003	1.35006			6
2025.08.13	01:04:46.634	1.35005	1.35008			6
2025.08.13	01:04:49.407	1.35003	1.35006			6
2025.08.13	01:04:49.712	1.35005	1.35008			6
2025.08.13	01:04:50.022	1.35004	1.35007			6
2025.08.13	01:04:50.634	1.35005	1.35008			6
2025.08.13	01:04:51.257	1.35004	1.35007			6
2025.08.13	01:04:51.559	1.35005	1.35008			6
2025.08.13	01:04:52.165	1.35006	1.35009			6
2025.08.13	01:04:52.471	1.35005	1.35008			6
2025.08.13	01:04:52.774	1.35003	1.35006			6
2025.08.13	01:04:53.077	1.35004	1.35007			6
2025.08.13	01:04:53.377	1.35005	1.35008			6
2025.08.13	01:04:54.291	1.35006	1.35009			6
2025.08.13	01:04:55.821		1.35008			4
2025.08.13	01:04:56.434		1.35009			4
2025.08.13	01:04:56.736		1.35008			4
2025.08.13	01:04:57.347		1.35009			4
2025.08.13	01:04:58.570	1.35007	1.35010			6
2025.08.13	01:04:58.871	1.35006	1.35009			6
2025.08.13	01:05:00.103	1.35006				2
2025.08.13	01:05:00.406	1.35005	1.35006			6
2025.08.13	01:05:00.709	1.35003				2
2025.08.13	01:05:01.012	1.35004	1.35007			6
2025.08.13	01:05:02.256	1.35006	1.35009			6
2025.08.13	01:05:02.561	1.35004	1.35007			6
2025.08.13	01:05:02.866	1.35005	1.35008			6
2025.08.13	01:05:04.093	1.35006	1.35009			6
2025.08.13	01:05:04.398	1.35004	1.35007			6
2025.08.13	01:05:04.700	1.35005	1.35008			6
2025.08.13	01:05:05.015	1.35006	1.35009			6
2025.08.13	01:05:05.620	1.35005	1.35008			6
2025.08.13	01:05:06.235	1.35006	1.35009			6
2025.08.13	01:05:06.540	1.35005	1.35008			6
2025.08.13	01:05:07.455	1.35004	1.35007			6
2025.08.13	01:05:07.765	1.35005	1.35008			6
2025.08.13	01:05:08.678	1.35003	1.35006			6
2025.08.13	01:05:08.986	1.35004	1.35007			6
2025.08.13	01:05:11.737	1.35005	1.35008			6
2025.08.13	01:05:12.348	1.35004	1.35005			6
2025.08.13	01:05:12.666	1.35005	1.35008			6
2025.08.13	01:05:13.883	1.35004	1.35007			6
2025.08.13	01:05:14.185	1.35005	1.35008			6
2025.08.13	01:05:15.416	1.35004	1.35005			6
2025.08.13	01:05:15.719	1.35002				2
2025.08.13	01:05:16.625	1.35001	1.35004			6
2025.08.13	01:05:17.540	1.35002	1.35005			6
2025.08.13	01:05:17.844	1.35001	1.35004			6
2025.08.13	01:05:18.146	1.35003	1.35006			6
2025.08.13	01:05:18.754	1.35002	1.35005			6
2025.08.13	01:05:19.055	1.35003	1.35006			6
2025.08.13	01:05:19.359	1.35002	1.35005			6
2025.08.13	01:05:20.567	1.35001	1.35004			6
2025.08.13	01:05:20.873	1.35002	1.35005			6
2025.08.13	01:05:23.000	1.35003	1.35006			6
2025.08.13	01:05:23.301	1.35002	1.35005			6
2025.08.13	01:05:23.604	1.35003	1.35006			6
2025.08.13	01:05:23.906	1.35001	1.35004			6
2025.08.13	01:05:24.210	1.35003	1.35006			6
2025.08.13	01:05:24.512	1.35002	1.35005			6
2025.08.13	01:05:25.726	1.35001	1.35004			6
2025.08.13	01:05:26.332	1.35002	1.35005			6
2025.08.13	01:05:26.637	1.35003	1.35006			6
2025.08.13	01:05:27.849	1.35002	1.35005			6
2025.08.13	01:05:30.904	1.35003	1.35006			6
2025.08.13	01:05:31.822	1.35004	1.35007			6
2025.08.13	01:05:33.652	1.35002	1.35005			6
2025.08.13	01:05:34.892	1.35001	1.35004			6
2025.08.13	01:05:35.504	1.35002	1.35005			6
2025.08.13	01:05:35.810	1.35003	1.35006			6
2025.08.13	01:05:37.042	1.35002	1.35005			6
2025.08.13	01:05:37.363	1.35004	1.35007			6
2025.08.13	01:05:39.221	1.35002	1.35005			6
2025.08.13	01:05:40.162	1.35003	1.35006			6
2025.08.13	01:05:40.467	1.35002	1.35005			6
2025.08.13	01:05:40.769	1.35001	1.35004			6
2025.08.13	01:05:41.387	1.35003	1.35006			6
2025.08.13	01:05:42.339	1.35004	1.35007			6
2025.08.13	01:05:42.649	1.35003	1.35006			6
2025.08.13	01:05:42.962	1.35002	1.35005			6
2025.08.13	01:05:44.197	1.35001	1.35004			6
2025.08.13	01:05:44.502	1.35002	1.35005			6
2025.08.13	01:05:44.820	1.35003	1.35006			6
2025.08.13	01:05:45.753	1.35004	1.35007			6
2025.08.13	01:05:46.059	1.35003	1.35006			6
2025.08.13	01:05:46.376	1.35004	1.35007			6
2025.08.13	01:05:48.571	1.35002	1.35003			6
2025.08.13	01:05:48.873		1.35004			4
2025.08.13	01:05:49.497		1.35005			4
2025.08.13	01:05:49.802	1.35003	1.35006			6
2025.08.13	01:05:50.104	1.35002	1.35005			6
2025.08.13	01:05:50.427	1.35003	1.35006			6
2025.08.13	01:05:51.054	1.35004	1.35007			6
2025.08.13	01:05:51.359	1.35003	1.35006			6
2025.08.13	01:05:52.912	1.35002	1.35005			6
2025.08.13	01:05:53.222	1.35003	1.35006			6
2025.08.13	01:05:56.009	1.35002	1.35005			6
2025.08.13	01:05:56.315	1.35003	1.35006			6
2025.08.13	01:05:56.638	1.35002	1.35005			6
2025.08.13	01:05:56.944	1.35003	1.35006			6
2025.08.13	01:05:57.254	1.35001	1.35004			6
2025.08.13	01:05:57.874	1.35002	1.35005			6
2025.08.13	01:05:58.176	1.35001	1.35004			6
2025.08.13	01:05:58.496	1.35002	1.35005			6
2025.08.13	01:05:58.804	1.35001	1.35004			6
2025.08.13	01:06:00.056	1.35003	1.35006			6
2025.08.13	01:06:00.362	1.35002	1.35005			6
2025.08.13	01:06:02.236	1.35003	1.35006			6
2025.08.13	01:06:02.546	1.35002	1.35005			6
2025.08.13	01:06:02.864	1.35001	1.35004			6
2025.08.13	01:06:03.781	1.35002	1.35005			6
2025.08.13	01:06:04.101	1.35001	1.35004			6
2025.08.13	01:06:04.408	1.35002	1.35005			6
2025.08.13	01:06:04.728	1.35001	1.35004			6
2025.08.13	01:06:05.640	1.35000	1.35003			6
2025.08.13	01:06:05.949	1.35001	1.35004			6
2025.08.13	01:06:06.558	1.35000	1.35003			6
2025.08.13	01:06:06.875	1.35001	1.35004			6
2025.08.13	01:06:07.177	1.35002	1.35005			6
2025.08.13	01:06:07.496	1.35001	1.35004			6
2025.08.13	01:06:08.434	1.35002	1.35005			6
2025.08.13	01:06:08.753	1.35001	1.35004			6
2025.08.13	01:06:13.095	1.35002	1.35005			6
2025.08.13	01:06:13.397	1.35001	1.35004			6
2025.08.13	01:06:14.021	1.35000	1.35003			6
2025.08.13	01:06:14.343	1.35001	1.35004			6
2025.08.13	01:06:15.579	1.35000	1.35003			6
2025.08.13	01:06:15.882	1.35001	1.35004			6
2025.08.13	01:06:16.505	1.35002	1.35005			6
2025.08.13	01:06:17.126	1.35001	1.35004			6
2025.08.13	01:06:17.434	1.35002	1.35005			6
2025.08.13	01:06:17.735	1.35004				2
2025.08.13	01:06:18.361	1.35003	1.35004			6
2025.08.13	01:06:18.681	1.35004	1.35005			6
2025.08.13	01:06:19.614	1.35003	1.35004			6
2025.08.13	01:06:20.231	1.35004	1.35005			6
2025.08.13	01:06:21.147	1.35003	1.35004			6
2025.08.13	01:06:21.465	1.35004	1.35005			6
2025.08.13	01:06:21.788	1.35003	1.35004			6
2025.08.13	01:06:22.417	1.35004	1.35005			6
2025.08.13	01:06:22.733	1.35003	1.35004			6
2025.08.13	01:06:23.039	1.35004	1.35005			6
2025.08.13	01:06:23.358	1.35003	1.35004			6
2025.08.13	01:06:23.679	1.35004	1.35005			6
2025.08.13	01:06:23.983	1.35003	1.35004			6
2025.08.13	01:06:24.605	1.35004	1.35005			6
2025.08.13	01:06:26.469	1.35003	1.35004			6
2025.08.13	01:06:31.142	1.35004	1.35005			6
2025.08.13	01:06:38.335	1.35003	1.35004			6
2025.08.13	01:06:38.645	1.35004	1.35005			6
2025.08.13	01:06:39.908	1.35003	1.35004			6
2025.08.13	01:06:40.213	1.35004	1.35005			6
2025.08.13	01:06:43.669	1.35003	1.35004			6
2025.08.13	01:06:45.539	1.35004	1.35005			6
2025.08.13	01:06:48.338	1.35003	1.35004			6
2025.08.13	01:06:48.639	1.35004	1.35005			6
2025.08.13	01:06:49.559	1.35003	1.35004			6
2025.08.13	01:06:51.125	1.35004	1.35005			6
2025.08.13	01:06:53.620	1.35003	1.35004			6
2025.08.13	01:06:54.556	1.35004	1.35005			6
2025.08.13	01:06:54.873	1.35003	1.35004			6
2025.08.13	01:07:00.171	1.35003				2
2025.08.13	01:07:03.581	1.35002	1.35003			6
2025.08.13	01:07:06.041	1.35003	1.35004			6
2025.08.13	01:07:11.344	1.35002	1.35003			6
2025.08.13	01:07:11.970	1.35003	1.35004			6
2025.08.13	01:07:12.598	1.35002	1.35003			6
2025.08.13	01:07:13.543	1.35003	1.35004			6
2025.08.13	01:07:15.421	1.35004	1.35005			6
2025.08.13	01:07:20.395	1.35006	1.35009			6
2025.08.13	01:07:20.716	1.35007	1.35010			6
2025.08.13	01:07:24.146	1.35005	1.35008			6
2025.08.13	01:07:24.771	1.35006	1.35009			6
2025.08.13	01:07:26.660	1.35005	1.35008			6
2025.08.13	01:07:26.967	1.35006	1.35009			6
2025.08.13	01:07:33.177	1.35004	1.35007			6
2025.08.13	01:07:33.786	1.35006	1.35009			6
2025.08.13	01:07:34.112	1.35005	1.35008			6
2025.08.13	01:07:39.686	1.35004	1.35007			6
2025.08.13	01:07:43.096	1.35005	1.35008			6
2025.08.13	01:07:43.403	1.35003	1.35006			6
2025.08.13	01:07:43.708	1.35005	1.35008			6
2025.08.13	01:07:46.507	1.35004	1.35007			6
2025.08.13	01:07:46.814	1.35005	1.35008			6
2025.08.13	01:07:47.118	1.35006	1.35009			6
2025.08.13	01:07:47.439	1.35007				2
2025.08.13	01:07:47.757		1.35008			4
2025.08.13	01:07:48.074	1.35005				2
2025.08.13	01:07:48.683	1.35006	1.35009			6
2025.08.13	01:07:52.698	1.35007	1.35010			6
2025.08.13	01:07:54.260	1.35010	1.35013			6
2025.08.13	01:07:54.562	1.35007	1.35010			6
2025.08.13	01:07:54.876	1.35008	1.35011			6
2025.08.13	01:07:57.037	1.35007	1.35010			6
2025.08.13	01:08:00.118	1.35007				2
2025.08.13	01:08:01.352	1.35009	1.35012			6
2025.08.13	01:08:02.593	1.35010	1.35013			6
2025.08.13	01:08:02.897	1.35009	1.35012			6
2025.08.13	01:08:03.203	1.35008	1.35011			6
2025.08.13	01:08:03.824	1.35004	1.35007			6
2025.08.13	01:08:05.060	1.35003	1.35006			6
2025.08.13	01:08:06.296	1.35002	1.35005			6
2025.08.13	01:08:06.599	1.35003	1.35006			6
2025.08.13	01:08:06.905	1.35002	1.35005			6
2025.08.13	01:08:07.215	1.35003	1.35006			6
2025.08.13	01:08:07.526	1.35002	1.35005			6
2025.08.13	01:08:08.139	1.35001	1.35004			6
2025.08.13	01:08:08.448	1.35002	1.35005			6
2025.08.13	01:08:08.755	1.35001	1.35004			6
2025.08.13	01:08:09.070	1.35003	1.35006			6
2025.08.13	01:08:09.376	1.35001	1.35004			6
2025.08.13	01:08:09.679	1.35002	1.35005			6
2025.08.13	01:08:09.987	1.35001	1.35004			6
2025.08.13	01:08:10.306	1.35002	1.35005			6
2025.08.13	01:08:10.610	1.35001	1.35004			6
2025.08.13	01:08:10.920	1.35003	1.35006			6
2025.08.13	01:08:11.238	1.35001	1.35004			6
2025.08.13	01:08:11.543	1.35002	1.35005			6
2025.08.13	01:08:14.922	1.35001	1.35003			6
2025.08.13	01:08:22.020	1.35003	1.35006			6
2025.08.13	01:08:22.335	1.35001	1.35003			6
2025.08.13	01:08:22.951	1.35002	1.35005			6
2025.08.13	01:08:23.882	1.35003	1.35006			6
2025.08.13	01:08:24.196	1.35001	1.35004			6
2025.08.13	01:08:24.502	1.35002	1.35005			6
2025.08.13	01:08:31.288	1.35003	1.35006			6
2025.08.13	01:08:32.217	1.35002	1.35005			6
2025.08.13	01:08:42.089	1.35001	1.35004			6
2025.08.13	01:08:43.341	1.35007	1.35010			6
2025.08.13	01:08:44.885	1.35006	1.35009			6
2025.08.13	01:08:45.192	1.35007	1.35010			6
2025.08.13	01:08:47.369	1.35008	1.35011			6
2025.08.13	01:08:48.297	1.35010	1.35013			6
2025.08.13	01:08:51.076	1.35008	1.35011			6
2025.08.13	01:08:51.697	1.35006	1.35009			6
2025.08.13	01:08:52.619	1.35005	1.35008			6
2025.08.13	01:08:55.094	1.35003	1.35006			6
2025.08.13	01:08:55.406	1.35004	1.35007			6
2025.08.13	01:08:55.714	1.35005	1.35008			6
2025.08.13	01:08:56.337	1.35004	1.35007			6
2025.08.13	01:08:58.493	1.35003	1.35006			6
2025.08.13	01:09:00.046	1.35003				2
2025.08.13	01:09:01.277	1.35006	1.35009			6
2025.08.13	01:09:01.585	1.35001	1.35004			6
2025.08.13	01:09:03.458		1.35002			4
2025.08.13	01:09:03.762		1.35003			4
2025.08.13	01:09:04.702	1.35000				2
2025.08.13	01:09:05.008	1.34999	1.35002			6
2025.08.13	01:09:05.622		1.35000			4
2025.08.13	01:09:06.853		1.35001			4
2025.08.13	01:09:08.703		1.35002			4
2025.08.13	01:09:11.478		1.35001			4
2025.08.13	01:09:12.087		1.35002			4
2025.08.13	01:09:13.332	1.35000	1.35003			6
2025.08.13	01:09:13.641	1.34999	1.35002			6
2025.08.13	01:09:17.650	1.35000	1.35003			6
2025.08.13	01:09:17.959	1.34999	1.35002			6
2025.08.13	01:09:19.190		1.35001			4
2025.08.13	01:09:19.505	1.35000	1.35003			6
2025.08.13	01:09:23.503	1.34999	1.35002			6
2025.08.13	01:09:24.130		1.35001			4
2025.08.13	01:09:25.675	1.35000	1.35003			6
2025.08.13	01:09:25.981	1.34999	1.35002			6
2025.08.13	01:09:27.219	1.35000	1.35003			6
2025.08.13	01:09:28.466	1.35001	1.35004			6
2025.08.13	01:09:28.775	1.35002	1.35005			6
2025.08.13	01:09:35.576	1.35000	1.35003			6
2025.08.13	01:09:35.879		1.35002			4
2025.08.13	01:09:36.498		1.35003			4
2025.08.13	01:09:37.430	1.35001	1.35004			6
2025.08.13	01:09:39.590	1.35000	1.35003			6
2025.08.13	01:09:39.896	1.35001				2
2025.08.13	01:09:40.200	1.35000				2
2025.08.13	01:09:45.141	1.35001	1.35004			6
2025.08.13	01:09:47.306	1.35002	1.35005			6
2025.08.13	01:09:47.614	1.35003	1.35006			6
2025.08.13	01:09:48.545	1.35000	1.35003			6
2025.08.13	01:09:48.858	1.35001	1.35004			6
2025.08.13	01:09:49.168	1.35000	1.35003			6
2025.08.13	01:09:55.952	1.35001	1.35004			6
2025.08.13	01:09:58.732	1.35002	1.35005			6
2025.08.13	01:09:59.043	1.35000	1.35003			6
2025.08.13	01:09:59.981	1.35001	1.35004			6
2025.08.13	01:10:00.286	1.35000	1.35003			6
2025.08.13	01:10:01.522	1.35001	1.35004			6
2025.08.13	01:10:03.068	1.35000	1.35003			6
2025.08.13	01:10:03.383	1.35001	1.35004			6
2025.08.13	01:10:05.862	1.35000	1.35003			6
2025.08.13	01:10:08.976	1.35001	1.35004			6
2025.08.13	01:10:09.293	1.35000	1.35003			6
2025.08.13	01:10:12.402	1.34999	1.35002			6
2025.08.13	01:10:12.709	1.35000				2
2025.08.13	01:10:13.028		1.35003			4
2025.08.13	01:10:14.587	1.34999	1.35002			6
2025.08.13	01:10:15.517	1.35000				2
2025.08.13	01:10:15.822	1.35001	1.35003			6
2025.08.13	01:10:16.134	1.35000				2
2025.08.13	01:10:21.396	1.34999	1.35002			6
2025.08.13	01:10:23.571	1.34998	1.35001			6
2025.08.13	01:10:23.875	1.34999	1.35002			6
2025.08.13	01:10:24.183	1.34998	1.35001			6
2025.08.13	01:10:24.488	1.34999	1.35002			6
2025.08.13	01:10:26.664	1.35000	1.35003			6
2025.08.13	01:10:26.977	1.34999	1.35002			6
2025.08.13	01:10:27.899	1.35000	1.35003			6
2025.08.13	01:10:29.451	1.34998	1.35001			6
2025.08.13	01:10:32.224	1.34999	1.35002			6
2025.08.13	01:10:33.165	1.35001	1.35004			6
2025.08.13	01:10:36.279	1.35000	1.35003			6
2025.08.13	01:10:36.901	1.34999	1.35002			6
2025.08.13	01:10:38.760	1.35000	1.35003			6
2025.08.13	01:10:39.065	1.34998	1.35001			6
2025.08.13	01:10:39.368	1.35000	1.35003			6
2025.08.13	01:10:39.675	1.34999	1.35002			6
2025.08.13	01:10:42.174	1.35000	1.35003			6
2025.08.13	01:10:43.110	1.34999	1.35002			6
2025.08.13	01:10:43.428	1.35000	1.35003			6
2025.08.13	01:10:43.733	1.34999	1.35002			6
2025.08.13	01:10:44.051	1.35004	1.35007			6
2025.08.13	01:10:44.359	1.35005	1.35008			6
2025.08.13	01:10:44.663	1.35004	1.35007			6
2025.08.13	01:10:48.108	1.35005	1.35008			6
2025.08.13	01:10:55.566	1.35006	1.35009			6
2025.08.13	01:10:57.425	1.35007	1.35010			6
2025.08.13	01:10:59.607	1.35006	1.35009			6
2025.08.13	01:11:00.219	1.35006				2
2025.08.13	01:11:01.144	1.35007	1.35010			6
2025.08.13	01:11:01.458	1.35006	1.35009			6
2025.08.13	01:11:02.076	1.35008	1.35011			6
2025.08.13	01:11:02.389	1.35006	1.35009			6
2025.08.13	01:11:03.309	1.35007	1.35010			6
2025.08.13	01:11:03.621	1.35008	1.35011			6
2025.08.13	01:11:05.478	1.35009	1.35012			6
2025.08.13	01:11:05.787	1.35007	1.35010			6
2025.08.13	01:11:06.093	1.35008	1.35011			6
2025.08.13	01:11:06.714	1.35007	1.35010			6
2025.08.13	01:11:07.026	1.35008	1.35011			6
2025.08.13	01:11:07.341	1.35009	1.35012			6
2025.08.13	01:11:07.643	1.35008	1.35011			6
2025.08.13	01:11:07.951	1.35007	1.35010			6
2025.08.13	01:11:08.573	1.35008	1.35011			6
2025.08.13	01:11:10.129	1.35007	1.35010			6
2025.08.13	01:11:11.066	1.35008	1.35011			6
2025.08.13	01:11:11.368	1.35007	1.35010			6
2025.08.13	01:11:13.537	1.35002	1.35005			6
2025.08.13	01:11:13.840	1.35005	1.35008			6
2025.08.13	01:11:14.145	1.35006	1.35009			6
2025.08.13	01:11:14.447	1.35007	1.35010			6
2025.08.13	01:11:15.382	1.35006	1.35009			6
2025.08.13	01:11:15.696	1.35007	1.35010			6
2025.08.13	01:11:16.007	1.35006	1.35009			6
2025.08.13	01:11:16.313	1.35007	1.35010			6
2025.08.13	01:11:18.481	1.35006	1.35009			6
2025.08.13	01:11:18.795	1.35007	1.35010			6
2025.08.13	01:11:24.358	1.35006	1.35009			6
2025.08.13	01:11:24.668	1.35007	1.35010			6
2025.08.13	01:11:26.208	1.35006	1.35009			6
2025.08.13	01:11:26.831	1.35007	1.35010			6
2025.08.13	01:11:27.137	1.35008	1.35011			6
2025.08.13	01:11:27.760	1.35007	1.35010			6
2025.08.13	01:11:29.614	1.35006	1.35009			6
2025.08.13	01:11:30.229	1.35008	1.35011			6
2025.08.13	01:11:30.849	1.35009	1.35012			6
2025.08.13	01:11:31.153	1.35007	1.35010			6
2025.08.13	01:11:31.458	1.35006	1.35009			6
2025.08.13	01:11:31.759	1.35007	1.35010			6
2025.08.13	01:11:32.382	1.35008	1.35011			6
2025.08.13	01:11:33.297	1.35007	1.35010			6
2025.08.13	01:11:33.610	1.35008	1.35011			6
2025.08.13	01:11:36.387	1.35010	1.35013			6
2025.08.13	01:11:37.003	1.35008	1.35011			6
2025.08.13	01:11:37.311	1.35007	1.35010			6
2025.08.13	01:11:37.921	1.35008	1.35011			6
2025.08.13	01:11:38.537	1.35007	1.35010			6
2025.08.13	01:11:38.837	1.35008	1.35011			6
2025.08.13	01:11:39.146	1.35006	1.35009			6
2025.08.13	01:11:40.987	1.35007	1.35010			6
2025.08.13	01:11:41.596	1.35006	1.35009			6
2025.08.13	01:11:42.511	1.35007	1.35010			6
2025.08.13	01:11:42.823	1.35005	1.35008			6
2025.08.13	01:11:43.436	1.35007	1.35010			6
2025.08.13	01:11:44.044	1.35006	1.35009			6
2025.08.13	01:11:44.353	1.35007	1.35010			6
2025.08.13	01:11:46.824	1.35006	1.35009			6
2025.08.13	01:11:49.916	1.35008	1.35011			6
2025.08.13	01:11:50.224	1.35007	1.35010			6
2025.08.13	01:11:51.772	1.35008	1.35011			6
2025.08.13	01:11:52.394	1.35007	1.35010			6
2025.08.13	01:11:52.703	1.35008	1.35011			6
2025.08.13	01:11:56.113	1.35009	1.35012			6
2025.08.13	01:11:56.736	1.35008	1.35011			6
2025.08.13	01:11:57.975	1.35007	1.35010			6
2025.08.13	01:11:58.595	1.35006	1.35009			6
2025.08.13	01:12:00.149	1.35006				2
2025.08.13	01:12:00.455	1.35007	1.35010			6
2025.08.13	01:12:01.694	1.35006	1.35009			6
2025.08.13	01:12:02.634	1.35005	1.35008			6
2025.08.13	01:12:03.568	1.35007	1.35010			6
2025.08.13	01:12:03.875	1.35006	1.35009			6
2025.08.13	01:12:04.177	1.35007	1.35010			6
2025.08.13	01:12:05.106	1.35006	1.35009			6
2025.08.13	01:12:07.274	1.35005	1.35008			6
2025.08.13	01:12:07.577	1.35006	1.35009			6
2025.08.13	01:12:08.510	1.35005	1.35008			6
2025.08.13	01:12:08.819	1.35006	1.35009			6
2025.08.13	01:12:10.679	1.35005	1.35008			6
2025.08.13	01:12:10.985	1.35006	1.35009			6
2025.08.13	01:12:11.607	1.34997	1.35013			6
2025.08.13	01:12:12.533	1.35005	1.35008			6
2025.08.13	01:12:12.842	1.35006	1.35009			6
2025.08.13	01:12:13.757	1.35007	1.35010			6
2025.08.13	01:12:15.612	1.35006	1.35009			6
2025.08.13	01:12:17.178	1.35007	1.35010			6
2025.08.13	01:12:20.590	1.35008	1.35011			6
2025.08.13	01:12:21.210	1.35007	1.35010			6
2025.08.13	01:12:22.761	1.35008	1.35011			6
2025.08.13	01:12:23.382	1.35000	1.35014			6
2025.08.13	01:12:23.996	1.35007	1.35010			6
2025.08.13	01:12:26.803	1.35006	1.35009			6
2025.08.13	01:12:28.654	1.34999	1.35014			6
2025.08.13	01:12:28.958	1.35007	1.35010			6
2025.08.13	01:12:30.187	1.35006	1.35009			6
2025.08.13	01:12:31.703	1.35007	1.35010			6
2025.08.13	01:12:32.312	1.34997	1.35013			6
2025.08.13	01:12:32.616	1.35006	1.35009			6
2025.08.13	01:12:38.420	1.35007	1.35010			6
2025.08.13	01:12:42.403	1.34996	1.35011			6
2025.08.13	01:12:44.571		1.35014			4
2025.08.13	01:12:45.189	1.35007	1.35010			6
2025.08.13	01:12:46.112	1.34996	1.35014			6
2025.08.13	01:12:47.352	1.35007	1.35010			6
2025.08.13	01:12:48.588	1.34996	1.35014			6
2025.08.13	01:12:49.821	1.34998				2
2025.08.13	01:12:51.975		1.35015			4
2025.08.13	01:12:53.522	1.35007	1.35010			6
2025.08.13	01:12:59.325	1.35008	1.35011			6
2025.08.13	01:13:00.244	1.35008				2
2025.08.13	01:13:01.169	1.35007	1.35010			6
2025.08.13	01:13:02.093	1.34997	1.35015			6
2025.08.13	01:13:02.720		1.35016			4
2025.08.13	01:13:03.949	1.35007	1.35010			6
2025.08.13	01:13:04.260	1.35000	1.35016			6
2025.08.13	01:13:04.885	1.35006	1.35009			6
2025.08.13	01:13:05.187	1.35000	1.35015			6
2025.08.13	01:13:08.586	1.34997				2
2025.08.13	01:13:10.755	1.34996				2
2025.08.13	01:13:11.063	1.34997				2
2025.08.13	01:13:28.713	1.34998	1.35016			6
2025.08.13	01:13:38.978	1.35005				2
2025.08.13	01:13:39.287		1.35008			4
2025.08.13	01:13:40.518	1.35006	1.35009			6
2025.08.13	01:13:44.192	1.35005	1.35008			6
2025.08.13	01:13:45.404	1.35004	1.35007			6
2025.08.13	01:13:46.324	1.35005	1.35008			6
2025.08.13	01:13:47.544	1.35006	1.35009			6
2025.08.13	01:13:56.409	1.35007	1.35010			6
2025.08.13	01:13:56.713	1.35006	1.35009			6
2025.08.13	01:14:00.093	1.35006				2
2025.08.13	01:14:06.826	1.35005	1.35008			6
2025.08.13	01:14:13.530	1.35006	1.35009			6
2025.08.13	01:14:15.349	1.35005	1.35008			6
2025.08.13	01:14:28.739	1.35006	1.35009			6
2025.08.13	01:14:29.343	1.35005	1.35008			6
2025.08.13	01:14:42.792	1.35006	1.35009			6
2025.08.13	01:14:43.093	1.35005	1.35008			6
2025.08.13	01:14:43.397	1.35006	1.35009			6
2025.08.13	01:14:48.883	1.34998	1.35016			6
2025.08.13	01:14:49.802	1.35005	1.35008			6
2025.08.13	01:14:50.109	1.35006	1.35009			6
2025.08.13	01:14:52.259	1.35005	1.35008			6
2025.08.13	01:14:53.775	1.35006	1.35009			6
2025.08.13	01:14:55.293	1.35005	1.35008			6
2025.08.13	01:14:56.200	1.34997	1.35015			6
2025.08.13	01:14:56.507	1.35006	1.35009			6
2025.08.13	01:14:59.569	1.35007	1.35010			6
2025.08.13	01:15:00.174	1.34997	1.35008			6
2025.08.13	01:15:00.479	1.35001	1.35004			6
2025.08.13	01:15:00.780	1.34999	1.35002			6
2025.08.13	01:15:01.091	1.35000	1.35003			6
2025.08.13	01:15:01.399	1.34999	1.35002			6
2025.08.13	01:15:02.318	1.35000	1.35003			6
2025.08.13	01:15:02.621	1.34999	1.35002			6
2025.08.13	01:15:03.243	1.35004	1.35013			6
2025.08.13	01:15:03.552	1.35006	1.35009			6
2025.08.13	01:15:03.861	1.35005	1.35015			6
2025.08.13	01:15:04.179	1.35004				2
2025.08.13	01:15:04.486	1.35006	1.35009			6
2025.08.13	01:15:06.317	1.35004	1.35015			6
2025.08.13	01:15:06.617	1.35006	1.35009			6
2025.08.13	01:15:13.975	1.35004	1.35015			6
2025.08.13	01:15:14.286	1.35005	1.35008			6
2025.08.13	01:15:18.863	1.35006	1.35009			6
2025.08.13	01:15:19.166	1.35005	1.35008			6
2025.08.13	01:15:19.468	1.35006	1.35009			6
2025.08.13	01:15:20.377	1.35005	1.35008			6
2025.08.13	01:15:21.300	1.35006	1.35009			6
2025.08.13	01:15:22.213	1.35005	1.35008			6
2025.08.13	01:15:23.436	1.35006	1.35009			6
2025.08.13	01:15:24.051	1.35005	1.35008			6
2025.08.13	01:15:24.655	1.35006	1.35009			6
2025.08.13	01:15:25.262	1.35005	1.35008			6
2025.08.13	01:15:25.567	1.35006	1.35009			6
2025.08.13	01:15:25.874	1.35005	1.35008			6
2025.08.13	01:15:27.102	1.35006	1.35009			6
2025.08.13	01:15:27.707	1.35005	1.35008			6
2025.08.13	01:15:31.990	1.35006	1.35009			6
2025.08.13	01:15:32.293	1.35005	1.35008			6
2025.08.13	01:15:36.568	1.35006	1.35009			6
2025.08.13	01:15:36.875	1.35005	1.35008			6
2025.08.13	01:15:39.004	1.35006	1.35009			6
2025.08.13	01:15:39.305	1.35005	1.35008			6
2025.08.13	01:15:39.610	1.35006	1.35009			6
2025.08.13	01:15:39.920	1.35005	1.35008			6
2025.08.13	01:15:40.532	1.35006	1.35009			6
2025.08.13	01:15:41.750	1.35005	1.35008			6
2025.08.13	01:15:42.054	1.35006	1.35009			6
2025.08.13	01:15:43.582	1.35005	1.35008			6
2025.08.13	01:15:45.116	1.35009	1.35010			6
2025.08.13	01:15:45.421	1.35015	1.35017			6
2025.08.13	01:15:45.723		1.35016			4
2025.08.13	01:15:48.169	1.35014	1.35015			6
2025.08.13	01:15:48.470	1.35015	1.35016			6
2025.08.13	01:15:51.821	1.35013				2
2025.08.13	01:16:00.039	1.35013				2
2025.08.13	01:16:15.598	1.35009	1.35011			6
2025.08.13	01:16:18.653		1.35012			4
2025.08.13	01:16:19.558		1.35011			4
2025.08.13	01:16:20.471	1.35008				2
2025.08.13	01:16:26.249	1.35009	1.35012			6
2025.08.13	01:16:26.558	1.35008	1.35011			6
2025.08.13	01:16:27.168	1.35009	1.35012			6
2025.08.13	01:16:27.777	1.35010	1.35013			6
2025.08.13	01:16:28.087	1.35008	1.35011			6
2025.08.13	01:16:29.311	1.35009	1.35012			6
2025.08.13	01:16:29.926	1.35010	1.35013			6
2025.08.13	01:16:30.226	1.35009	1.35012			6
2025.08.13	01:16:32.681	1.35010	1.35013			6
2025.08.13	01:16:34.827	1.35009	1.35012			6
2025.08.13	01:16:35.739	1.35010	1.35013			6
2025.08.13	01:16:36.345	1.35009	1.35012			6
2025.08.13	01:16:36.651	1.35008	1.35011			6
2025.08.13	01:16:36.955	1.35009	1.35012			6
2025.08.13	01:16:41.202	1.35008	1.35011			6
2025.08.13	01:16:41.821	1.35009	1.35012			6
2025.08.13	01:16:42.132	1.35010	1.35013			6
2025.08.13	01:16:51.607	1.35008	1.35011			6
2025.08.13	01:16:52.213	1.35009	1.35012			6
2025.08.13	01:16:52.521	1.35010	1.35013			6
2025.08.13	01:16:54.368	1.35008	1.35011			6
2025.08.13	01:16:54.668	1.35009	1.35012			6
2025.08.13	01:16:55.879	1.35010	1.35013			6
2025.08.13	01:16:56.189	1.35009	1.35012			6
2025.08.13	01:16:58.634	1.35010	1.35013			6
2025.08.13	01:17:00.172	1.35010				2
2025.08.13	01:17:07.490	1.35009	1.35012			6
2025.08.13	01:17:07.798	1.35010	1.35013			6
2025.08.13	01:17:10.883	1.35009	1.35012			6
2025.08.13	01:17:11.186	1.35010	1.35013			6
2025.08.13	01:17:11.507	1.35009	1.35012			6
2025.08.13	01:17:11.813	1.35010	1.35013			6
2025.08.13	01:17:20.436	1.35011	1.35012			6
2025.08.13	01:17:20.739	1.35009				2
2025.08.13	01:17:22.878	1.35011	1.35014			6
2025.08.13	01:17:24.736	1.35010	1.35013			6
2025.08.13	01:17:25.657	1.35009	1.35012			6
2025.08.13	01:17:26.273	1.35010	1.35013			6
2025.08.13	01:17:26.582	1.35009	1.35012			6
2025.08.13	01:17:28.149	1.35011	1.35014			6
2025.08.13	01:17:28.759	1.35013				2
2025.08.13	01:17:29.060		1.35015			4
2025.08.13	01:17:30.615		1.35014			4
2025.08.13	01:17:31.537		1.35015			4
2025.08.13	01:17:32.154		1.35014			4
2025.08.13	01:17:33.091		1.35015			4
2025.08.13	01:17:33.705		1.35014			4
2025.08.13	01:17:36.183		1.35015			4
2025.08.13	01:17:38.656		1.35014			4
2025.08.13	01:17:39.581		1.35015			4
2025.08.13	01:17:40.523		1.35014			4
2025.08.13	01:17:41.453		1.35015			4
2025.08.13	01:17:43.632		1.35014			4
2025.08.13	01:17:45.177		1.35015			4
2025.08.13	01:17:45.484		1.35014			4
2025.08.13	01:17:46.105		1.35015			4
2025.08.13	01:17:48.273	1.35016	1.35017			6
2025.08.13	01:17:48.577	1.35018	1.35019			6
2025.08.13	01:17:48.881	1.35017	1.35018			6
2025.08.13	01:17:50.719	1.35013	1.35016			6
2025.08.13	01:17:51.034		1.35015			4
2025.08.13	01:17:54.751		1.35016			4
2025.08.13	01:17:55.698		1.35015			4
2025.08.13	01:17:56.004		1.35014			4
2025.08.13	01:17:56.625		1.35015			4
2025.08.13	01:17:57.861	1.35012	1.35013			6
2025.08.13	01:17:58.172	1.35013	1.35014			6
2025.08.13	01:18:00.037	1.35013				2
2025.08.13	01:18:00.968	1.35012	1.35013			6
2025.08.13	01:18:03.166	1.35010				2
2025.08.13	01:18:06.868	1.35009	1.35012			6
2025.08.13	01:18:07.188	1.35010	1.35013			6
2025.08.13	01:18:20.550	1.35009	1.35012			6
2025.08.13	01:18:28.318	1.35010	1.35013			6
2025.08.13	01:18:28.619	1.35009	1.35012			6
2025.08.13	01:19:00.219	1.35009				2
2025.08.13	01:19:28.629		1.35012			4
2025.08.13	01:19:39.752	1.35010	1.35013			6
2025.08.13	01:19:40.059	1.35011				2
2025.08.13	01:19:40.360	1.35010				2
2025.08.13	01:19:40.666	1.35011				2
2025.08.13	01:19:40.980	1.35010				2
2025.08.13	01:19:41.593	1.35011	1.35014			6
2025.08.13	01:19:41.899	1.35015	1.35018			6
2025.08.13	01:19:42.216	1.35014	1.35017			6
2025.08.13	01:19:42.825	1.35008	1.35011			6
2025.08.13	01:19:43.762	1.35009	1.35012			6
2025.08.13	01:19:48.699	1.35008	1.35011			6
2025.08.13	01:19:49.623	1.35009	1.35012			6
2025.08.13	01:19:55.168	1.35008	1.35011			6
2025.08.13	01:19:55.475	1.35009	1.35012			6
2025.08.13	01:20:00.103	1.35009				2
2025.08.13	01:20:04.732	1.35007	1.35010			6
2025.08.13	01:20:05.045	1.35008	1.35011			6
2025.08.13	01:20:06.585	1.35009	1.35012			6
2025.08.13	01:20:10.297	1.35008	1.35011			6
2025.08.13	01:20:10.602	1.35009	1.35012			6
2025.08.13	01:20:59.857	1.35008	1.35011			6
2025.08.13	01:21:00.161	1.35008				2
2025.08.13	01:21:00.477	1.35009	1.35012			6
2025.08.13	01:21:01.402	1.35008	1.35011			6
2025.08.13	01:21:18.461	1.35009	1.35012			6
2025.08.13	01:21:19.386	1.35008	1.35011			6
2025.08.13	01:21:19.694	1.35009	1.35012			6
2025.08.13	01:21:21.851	1.35008	1.35011			6
2025.08.13	01:21:37.235	1.35009	1.35012			6
2025.08.13	01:21:37.540	1.35008	1.35011			6
2025.08.13	01:22:00.225	1.35008				2
2025.08.13	01:22:01.153	1.35009	1.35012			6
2025.08.13	01:22:05.172	1.35008	1.35011			6
2025.08.13	01:22:06.411	1.35009	1.35012			6
2025.08.13	01:22:06.730	1.35008	1.35011			6
2025.08.13	01:22:13.255	1.35009	1.35012			6
2025.08.13	01:22:35.321	1.35008	1.35011			6
2025.08.13	01:22:36.559	1.35009	1.35012			6
2025.08.13	01:22:45.268	1.35004	1.35007			6
2025.08.13	01:22:45.574	1.35003	1.35006			6
2025.08.13	01:22:46.516	1.35004	1.35007			6
2025.08.13	01:22:57.368	1.35003	1.35006			6
2025.08.13	01:23:00.156	1.35003				2
2025.08.13	01:23:01.714	1.35004	1.35007			6
2025.08.13	01:23:18.118	1.35005	1.35008			6
2025.08.13	01:23:23.085	1.35004	1.35007			6
2025.08.13	01:23:23.693	1.35003	1.35006			6
2025.08.13	01:23:24.936	1.35010	1.35013			6
2025.08.13	01:23:25.247	1.35009	1.35012			6
2025.08.13	01:23:25.861	1.35010	1.35013			6
2025.08.13	01:23:30.235	1.35011	1.35014			6
2025.08.13	01:23:34.602	1.35012				2
2025.08.13	01:23:38.949	1.35011				2
2025.08.13	01:23:45.453	1.35008	1.35010			6
2025.08.13	01:23:46.068		1.35011			4
2025.08.13	01:23:46.698		1.35010			4
2025.08.13	01:23:47.003	1.35009				2
2025.08.13	01:23:48.546	1.35008				2
2025.08.13	01:23:50.420		1.35011			4
2025.08.13	01:23:53.820		1.35010			4
2025.08.13	01:23:55.678	1.35009				2
2025.08.13	01:24:00.017	1.35009				2
2025.08.13	01:24:02.194	1.35008				2
2025.08.13	01:24:04.705	1.35009				2
2025.08.13	01:24:05.007		1.35011			4
2025.08.13	01:24:06.567		1.35012			4
2025.08.13	01:24:08.750	1.35010	1.35013			6
2025.08.13	01:24:09.998	1.35011	1.35014			6
2025.08.13	01:24:13.093	1.35010	1.35013			6
2025.08.13	01:24:13.398	1.35011	1.35014			6
2025.08.13	01:24:15.277	1.35012	1.35015			6
2025.08.13	01:24:29.492	1.35011	1.35014			6
2025.08.13	01:24:29.794	1.35012	1.35015			6
2025.08.13	01:24:30.099	1.35013	1.35014			6
2025.08.13	01:24:30.405	1.35011				2
2025.08.13	01:24:31.340	1.35012	1.35015			6
2025.08.13	01:24:34.429	1.35011	1.35014			6
2025.08.13	01:24:36.279	1.35012	1.35015			6
2025.08.13	01:24:39.664	1.35011	1.35014			6
2025.08.13	01:24:42.763	1.35012	1.35015			6
2025.08.13	01:25:00.133	1.35012				2
2025.08.13	01:25:00.754	1.35011	1.35014			6
2025.08.13	01:25:02.923	1.35012	1.35015			6
2025.08.13	01:25:06.948	1.35009	1.35012			6
2025.08.13	01:25:07.571	1.35011	1.35014			6
2025.08.13	01:25:08.804	1.35010	1.35013			6
2025.08.13	01:25:17.815	1.35007	1.35010			6
2025.08.13	01:25:18.122	1.35005	1.35008			6
2025.08.13	01:25:18.437	1.35006	1.35009			6
2025.08.13	01:25:23.413	1.35007	1.35010			6
2025.08.13	01:25:28.362	1.35006	1.35009			6
2025.08.13	01:25:30.216	1.35004	1.35007			6
2025.08.13	01:25:30.519	1.35005	1.35008			6
2025.08.13	01:25:30.824	1.35004	1.35007			6
2025.08.13	01:25:32.991	1.35005	1.35008			6
2025.08.13	01:25:42.628	1.35004	1.35007			6
2025.08.13	01:25:53.833	1.35005	1.35008			6
2025.08.13	01:25:54.456	1.35004	1.35007			6
2025.08.13	01:26:00.037	1.35004				2
2025.08.13	01:26:03.751	1.35003	1.35006			6
2025.08.13	01:26:05.309	1.35004	1.35007			6
2025.08.13	01:26:05.614	1.35003	1.35006			6
2025.08.13	01:26:07.167	1.35004				2
2025.08.13	01:26:07.473	1.35000	1.35003			6
2025.08.13	01:26:08.415	1.35001				2
2025.08.13	01:26:08.729	1.35000				2
2025.08.13	01:26:09.343	1.35001				2
2025.08.13	01:26:10.890	1.35000				2
2025.08.13	01:26:30.688	1.35002	1.35005			6
2025.08.13	01:26:35.640	1.35001	1.35004			6
2025.08.13	01:26:36.268	1.35002	1.35005			6
2025.08.13	01:26:37.500	1.35001	1.35004			6
2025.08.13	01:26:38.417	1.35002	1.35005			6
2025.08.13	01:26:43.077	1.35001	1.35004			6
2025.08.13	01:26:43.698	1.35002	1.35005			6
2025.08.13	01:26:52.331	1.35001	1.35004			6
2025.08.13	01:26:52.644	1.35002	1.35005			6
2025.08.13	01:27:00.103	1.35002				2
2025.08.13	01:27:19.615		1.35004			4
2025.08.13	01:27:20.854		1.35005			4
2025.08.13	01:27:22.702		1.35004			4
2025.08.13	01:27:36.607	1.35001				2
2025.08.13	01:27:45.313	1.35002				2
2025.08.13	01:27:45.623		1.35005			4
2025.08.13	01:27:47.786	1.35001	1.35003			6
2025.08.13	01:27:48.101	1.35000				2
2025.08.13	01:27:51.806	1.35001	1.35004			6
2025.08.13	01:27:53.048	1.35000	1.35003			6
2025.08.13	01:27:55.213	1.35001	1.35004			6
2025.08.13	01:27:57.081	1.35000	1.35003			6
2025.08.13	01:27:58.633	1.35001	1.35004			6
2025.08.13	01:28:00.188	1.35001				2
2025.08.13	01:28:08.853	1.35002				2
2025.08.13	01:28:28.702	1.35001				2
2025.08.13	01:28:31.814	1.35002				2
2025.08.13	01:28:47.367	1.35001				2
2025.08.13	01:28:58.883		1.35004			4
2025.08.13	01:28:59.504	1.35000	1.35003			6
2025.08.13	01:29:00.127	1.35000				2
2025.08.13	01:29:05.092	1.35001	1.35004			6
2025.08.13	01:29:17.530	1.35003	1.35006			6
2025.08.13	01:29:17.838		1.35004			4
2025.08.13	01:29:18.146	1.35001				2
2025.08.13	01:29:19.702		1.35003			4
2025.08.13	01:29:20.009		1.35004			4
2025.08.13	01:29:27.466		1.35003			4
2025.08.13	01:29:30.574		1.35004			4
2025.08.13	01:29:38.010	1.35002	1.35005			6
2025.08.13	01:29:41.411		1.35004			4
2025.08.13	01:29:50.361		1.35005			4
2025.08.13	01:29:50.665	1.35003	1.35006			6
2025.08.13	01:29:50.981	1.35004	1.35007			6
2025.08.13	01:29:51.913	1.35005	1.35008			6
2025.08.13	01:29:52.532	1.35004	1.35007			6
2025.08.13	01:29:55.015	1.35005	1.35008			6
2025.08.13	01:30:00.313	1.35004	1.35007			6
2025.08.13	01:30:08.690	1.35006	1.35009			6
2025.08.13	01:30:08.994	1.35009	1.35012			6
2025.08.13	01:30:09.603	1.35008	1.35011			6
2025.08.13	01:30:11.461	1.35005	1.35008			6
2025.08.13	01:30:22.513	1.35009	1.35012			6
2025.08.13	01:30:22.818	1.35008	1.35011			6
2025.08.13	01:30:23.741	1.35010	1.35012			6
2025.08.13	01:30:28.649	1.35008	1.35011			6
2025.08.13	01:30:30.796	1.35009	1.35012			6
2025.08.13	01:30:32.971	1.35007	1.35010			6
2025.08.13	01:30:33.594	1.35006	1.35009			6
2025.08.13	01:30:35.261	1.35005	1.35008			6
2025.08.13	01:30:45.183	1.35006	1.35009			6
2025.08.13	01:30:45.495	1.35005	1.35008			6
2025.08.13	01:30:52.603	1.35006	1.35009			6
2025.08.13	01:30:54.149	1.35005	1.35008			6
2025.08.13	01:31:00.043	1.35005				2
2025.08.13	01:31:00.347	1.35006	1.35009			6
2025.08.13	01:31:00.664	1.35005	1.35008			6
2025.08.13	01:31:17.073	1.35009	1.35012			6
2025.08.13	01:31:17.997	1.35011	1.35013			6
2025.08.13	01:31:23.548	1.35012				2
2025.08.13	01:31:38.649	1.35011				2
2025.08.13	01:31:43.579		1.35014			4
2025.08.13	01:31:45.418		1.35013			4
2025.08.13	01:31:49.737		1.35014			4
2025.08.13	01:32:00.260	1.35011				2
2025.08.13	01:32:07.702	1.35010	1.35013			6
2025.08.13	01:32:32.083		1.35012			4
2025.08.13	01:32:37.031	1.35009				2
2025.08.13	01:32:37.963	1.35013	1.35016			6
2025.08.13	01:32:44.446	1.35004	1.35007			6
2025.08.13	01:32:44.754	1.35008	1.35011			6
2025.08.13	01:32:45.371	1.35007	1.35010			6
2025.08.13	01:32:45.685	1.35008	1.35011			6
2025.08.13	01:32:46.303	1.35005	1.35008			6
2025.08.13	01:32:46.610	1.35006	1.35009			6
2025.08.13	01:32:50.311	1.35004	1.35007			6
2025.08.13	01:32:55.862	1.35005	1.35008			6
2025.08.13	01:32:57.108	1.35004	1.35007			6
2025.08.13	01:33:00.203	1.35004				2
2025.08.13	01:33:34.166	1.35010	1.35012			6
2025.08.13	01:33:34.472	1.35009				2
2025.08.13	01:33:35.692	1.35008	1.35011			6
2025.08.13	01:33:37.225	1.35009	1.35012			6
2025.08.13	01:33:40.600	1.35011	1.35013			6
2025.08.13	01:33:40.904	1.35009	1.35012			6
2025.08.13	01:33:59.360	1.35006	1.35009			6
2025.08.13	01:33:59.670	1.35007	1.35010			6
2025.08.13	01:34:00.285	1.35007				2
2025.08.13	01:34:00.592	1.35004	1.35007			6
2025.08.13	01:34:19.984	1.35003	1.35006			6
2025.08.13	01:34:42.501	1.35004	1.35005			6
2025.08.13	01:34:43.431		1.35006			4
2025.08.13	01:34:47.127		1.35005			4
2025.08.13	01:34:49.288	1.35003				2
2025.08.13	01:34:53.305	1.35001	1.35004			6
2025.08.13	01:34:53.609	1.35000	1.35003			6
2025.08.13	01:34:54.539	1.35001				2
2025.08.13	01:34:55.153	1.35002				2
2025.08.13	01:34:58.539	1.34999	1.35002			6
2025.08.13	01:34:59.447	1.34998	1.34999			6
2025.08.13	01:35:00.075	1.34998				2
2025.08.13	01:35:02.232	1.34995	1.34998			6
2025.08.13	01:35:02.540	1.34997				2
2025.08.13	01:35:04.684	1.34995	1.34996			6
2025.08.13	01:35:05.612	1.34994	1.34995			6
2025.08.13	01:35:07.462	1.34995	1.34996			6
2025.08.13	01:35:09.001	1.34994				2
2025.08.13	01:35:28.647	1.34995				2
2025.08.13	01:35:32.671	1.34994				2
2025.08.13	01:35:33.289	1.34995				2
2025.08.13	01:35:33.591	1.34994				2
2025.08.13	01:35:35.733	1.34995				2
2025.08.13	01:35:42.488	1.34999	1.35002			6
2025.08.13	01:35:43.732	1.35000	1.35003			6
2025.08.13	01:35:45.590	1.34999	1.35002			6
2025.08.13	01:35:46.515	1.35000	1.35003			6
2025.08.13	01:35:46.822	1.34999	1.35002			6
2025.08.13	01:35:47.130	1.35000	1.35003			6
2025.08.13	01:35:47.435	1.35003	1.35006			6
2025.08.13	01:35:47.754	1.35002	1.35005			6
2025.08.13	01:35:48.367	1.35003	1.35006			6
2025.08.13	01:35:48.986	1.35002	1.35005			6
2025.08.13	01:35:51.456	1.35003	1.35006			6
2025.08.13	01:35:53.315	1.35002	1.35005			6
2025.08.13	01:35:57.615	1.35003	1.35006			6
2025.08.13	01:35:59.766	1.35002	1.35005			6
2025.08.13	01:36:00.077	1.35002				2
2025.08.13	01:36:01.919	1.35003	1.35006			6
2025.08.13	01:36:03.142	1.35002	1.35005			6
2025.08.13	01:36:37.887	1.35003				2
2025.08.13	01:36:49.560	1.35002				2
2025.08.13	01:37:00.301	1.35003	1.35006			6
2025.08.13	01:37:01.528	1.35002	1.35005			6
2025.08.13	01:37:01.840	1.35003	1.35006			6
2025.08.13	01:37:10.124		1.35005			4
2025.08.13	01:37:14.426		1.35006			4
2025.08.13	01:37:19.653	1.35002	1.35005			6
2025.08.13	01:37:22.413	1.35003	1.35006			6
2025.08.13	01:37:25.186	1.35004	1.35005			6
2025.08.13	01:37:26.109	1.35003				2
2025.08.13	01:37:27.342	1.35004				2
2025.08.13	01:37:31.668	1.35003				2
2025.08.13	01:38:00.304	1.35003				2
2025.08.13	01:38:20.737	1.35002				2
2025.08.13	01:38:21.991	1.35003	1.35006			6
2025.08.13	01:38:30.399	1.35002	1.35005			6
2025.08.13	01:38:52.175	1.35003	1.35006			6
2025.08.13	01:38:54.656	1.35002	1.35005			6
2025.08.13	01:39:00.238	1.35002				2
2025.08.13	01:39:06.451	1.35003	1.35006			6
2025.08.13	01:39:08.293	1.35004	1.35007			6
2025.08.13	01:39:38.399	1.35006	1.35009			6
2025.08.13	01:39:38.700	1.35010	1.35013			6
2025.08.13	01:39:39.310	1.35011				2
2025.08.13	01:39:41.180	1.35012				2
2025.08.13	01:39:47.712	1.35011				2
2025.08.13	01:39:51.717	1.35012				2
2025.08.13	01:39:52.949	1.35011	1.35014			6
2025.08.13	01:40:00.069	1.35011				2
2025.08.13	01:40:02.235	1.35012				2
2025.08.13	01:40:05.002		1.35013			4
2025.08.13	01:40:05.612		1.35014			4
2025.08.13	01:40:06.845		1.35013			4
2025.08.13	01:40:07.150	1.35011	1.35014			6
2025.08.13	01:40:07.454		1.35013			4
2025.08.13	01:40:08.380		1.35014			4
2025.08.13	01:40:51.136	1.35012	1.35015			6
2025.08.13	01:41:00.162	1.35012				2
2025.08.13	01:41:02.043	1.35011	1.35014			6
2025.08.13	01:41:02.978	1.35012	1.35015			6
2025.08.13	01:41:03.915	1.35011	1.35014			6
2025.08.13	01:41:07.009	1.35012	1.35015			6
2025.08.13	01:41:07.621	1.35011	1.35014			6
2025.08.13	01:41:08.852	1.35004	1.35007			6
2025.08.13	01:41:09.160	1.35003	1.35006			6
2025.08.13	01:41:09.477	1.35005				2
2025.08.13	01:41:09.778	1.35004				2
2025.08.13	01:41:11.329	1.35003				2
2025.08.13	01:41:12.262	1.35004	1.35007			6
2025.08.13	01:41:40.455	1.35003	1.35006			6
2025.08.13	01:41:41.383	1.35004	1.35007			6
2025.08.13	01:41:44.195	1.35003	1.35006			6
2025.08.13	01:41:44.502	1.35004	1.35007			6
2025.08.13	01:41:45.750	1.35003	1.35006			6
2025.08.13	01:41:49.471	1.35004	1.35007			6
2025.08.13	01:41:53.186	1.35003	1.35006			6
2025.08.13	01:41:53.493	1.35004	1.35007			6
2025.08.13	01:42:00.294	1.35004				2
2025.08.13	01:42:06.775		1.35006			4
2025.08.13	01:42:14.237		1.35005			4
2025.08.13	01:42:44.212	1.35002				2
2025.08.13	01:42:44.532	1.35004				2
2025.08.13	01:42:58.133	1.35003				2
2025.08.13	01:43:00.293	1.35003				2
2025.08.13	01:43:00.911	1.35002				2
2025.08.13	01:43:14.530		1.35005			4
2025.08.13	01:43:15.459		1.35003			4
2025.08.13	01:43:16.384		1.35004			4
2025.08.13	01:44:00.212	1.35002				2
2025.08.13	01:44:16.399		1.35004			4
2025.08.13	01:44:22.025		1.35005			4
2025.08.13	01:44:40.994	1.35003				2
2025.08.13	01:44:43.173	1.35002				2
2025.08.13	01:45:00.066	1.35002				2
2025.08.13	01:45:00.370	1.35003	1.35006			6
2025.08.13	01:45:00.673		1.35005			4
2025.08.13	01:45:01.921	1.35002				2
2025.08.13	01:45:08.415	1.35004	1.35007			6
2025.08.13	01:45:09.969	1.35003	1.35006			6
2025.08.13	01:45:11.840	1.35004	1.35007			6
2025.08.13	01:46:00.230	1.35004				2
2025.08.13	01:46:06.136	1.35003	1.35006			6
2025.08.13	01:46:12.926	1.35002	1.35005			6
2025.08.13	01:46:16.341	1.35003	1.35006			6
2025.08.13	01:46:19.444	1.35002	1.35005			6
2025.08.13	01:47:00.175	1.35002				2
2025.08.13	01:47:02.019	1.35004	1.35007			6
2025.08.13	01:47:02.336		1.35006			4
2025.08.13	01:47:02.642	1.35002	1.35005			6
2025.08.13	01:47:13.777	1.35004	1.35007			6
2025.08.13	01:47:15.622	1.35003	1.35006			6
2025.08.13	01:47:21.793	1.35004	1.35007			6
2025.08.13	01:47:23.027	1.35003	1.35006			6
2025.08.13	01:47:44.966	1.35004	1.35007			6
2025.08.13	01:47:45.273	1.35003	1.35006			6
2025.08.13	01:48:00.236	1.35003				2
2025.08.13	01:48:07.680	1.35004	1.35007			6
2025.08.13	01:48:09.533	1.35003	1.35006			6
2025.08.13	01:48:16.059	1.35004	1.35007			6
2025.08.13	01:48:30.289	1.35003	1.35006			6
2025.08.13	01:48:30.606	1.35004	1.35007			6
2025.08.13	01:48:42.350	1.35003	1.35006			6
2025.08.13	01:48:46.090	1.35004	1.35007			6
2025.08.13	01:49:00.081	1.35004				2
2025.08.13	01:49:29.007	1.35005	1.35008			6
2025.08.13	01:49:29.332	1.35004	1.35007			6
2025.08.13	01:50:00.258	1.35004				2
2025.08.13	01:50:16.705	1.35005	1.35008			6
2025.08.13	01:50:22.314	1.35004	1.35007			6
2025.08.13	01:50:28.203	1.35006	1.35009			6
2025.08.13	01:50:28.518	1.35004	1.35007			6
2025.08.13	01:50:32.232	1.35003	1.35006			6
2025.08.13	01:50:32.541	1.35004	1.35007			6
2025.08.13	01:50:44.635	1.35010	1.35013			6
2025.08.13	01:50:45.869	1.35011	1.35014			6
2025.08.13	01:50:46.783	1.35012	1.35015			6
2025.08.13	01:51:00.084	1.35012				2
2025.08.13	01:51:03.202	1.35010	1.35013			6
2025.08.13	01:51:17.260	1.35009	1.35012			6
2025.08.13	01:51:20.060	1.35010	1.35013			6
2025.08.13	01:51:22.242	1.35005	1.35008			6
2025.08.13	01:51:22.547	1.35006	1.35009			6
2025.08.13	01:51:23.477	1.35005	1.35008			6
2025.08.13	01:51:24.725	1.35006	1.35009			6
2025.08.13	01:51:25.654	1.35005	1.35008			6
2025.08.13	01:51:30.334	1.35006	1.35009			6
2025.08.13	01:51:31.266	1.35007	1.35010			6
2025.08.13	01:51:31.576	1.35005	1.35008			6
2025.08.13	01:51:43.384	1.35004	1.35007			6
2025.08.13	01:51:43.689	1.35005	1.35008			6
2025.08.13	01:51:49.903	1.35006	1.35009			6
2025.08.13	01:51:50.208	1.35005	1.35008			6
2025.08.13	01:51:53.009	1.35006	1.35009			6
2025.08.13	01:51:53.314	1.35005	1.35008			6
2025.08.13	01:51:54.565	1.35004	1.35007			6
2025.08.13	01:52:00.137	1.35004				2
2025.08.13	01:52:40.941	1.35006	1.35009			6
2025.08.13	01:52:41.254	1.35004	1.35007			6
2025.08.13	01:53:00.120	1.35004				2
2025.08.13	01:53:11.842	1.35005	1.35008			6
2025.08.13	01:53:12.150	1.35004	1.35007			6
2025.08.13	01:53:12.465	1.35005	1.35008			6
2025.08.13	01:53:37.790	1.35007	1.35009			6
2025.08.13	01:54:00.064	1.35007				2
2025.08.13	01:54:00.371	1.35006				2
2025.08.13	01:54:00.674	1.35004	1.35007			6
2025.08.13	01:54:01.906	1.35005	1.35008			6
2025.08.13	01:54:03.462	1.35007	1.35010			6
2025.08.13	01:54:03.771		1.35009			4
2025.08.13	01:54:38.429		1.35010			4
2025.08.13	01:54:38.737	1.35005	1.35008			6
2025.08.13	01:54:39.677	1.35004	1.35007			6
2025.08.13	01:54:49.248	1.35005	1.35008			6
2025.08.13	01:54:50.799	1.35004	1.35007			6
2025.08.13	01:55:00.091	1.35004				2
2025.08.13	01:55:19.297	1.35003	1.35006			6
2025.08.13	01:55:19.618	1.35002	1.35005			6
2025.08.13	01:55:20.545	1.35003	1.35006			6
2025.08.13	01:55:22.100	1.35002	1.35005			6
2025.08.13	01:55:23.952	1.35003	1.35006			6
2025.08.13	01:55:26.138	1.35002	1.35005			6
2025.08.13	01:55:29.556	1.35004	1.35007			6
2025.08.13	01:55:29.876	1.35003	1.35006			6
2025.08.13	01:55:30.502	1.35004	1.35007			6
2025.08.13	01:55:32.983	1.35003	1.35006			6
2025.08.13	01:55:45.315	1.35004	1.35007			6
2025.08.13	01:55:48.711	1.35003	1.35006			6
2025.08.13	01:55:50.867	1.35004	1.35007			6
2025.08.13	01:55:54.259	1.35003	1.35006			6
2025.08.13	01:55:57.671	1.35004	1.35007			6
2025.08.13	01:55:57.981	1.35005	1.35008			6
2025.08.13	01:55:58.296	1.35004	1.35007			6
2025.08.13	01:56:00.170	1.35001	1.35002			6
2025.08.13	01:56:00.480	1.34995	1.34998			6
2025.08.13	01:56:01.106	1.34994				2
2025.08.13	01:56:03.591	1.34993	1.34997			6
2025.08.13	01:56:04.209	1.34994	1.34998			6
2025.08.13	01:56:07.923	1.34993	1.34997			6
2025.08.13	01:56:08.236	1.34992	1.34996			6
2025.08.13	01:56:08.550	1.34993	1.34997			6
2025.08.13	01:56:13.513	1.34994	1.34998			6
2025.08.13	01:56:15.054	1.34993	1.34997			6
2025.08.13	01:56:15.658	1.34992	1.34996			6
2025.08.13	01:56:17.206	1.34993	1.34997			6
2025.08.13	01:56:27.413	1.34994				2
2025.08.13	01:56:29.876	1.34995	1.34998			6
2025.08.13	01:56:35.144	1.34994	1.34997			6
2025.08.13	01:56:51.304	1.34993	1.34996			6
2025.08.13	01:56:56.883	1.34995	1.34998			6
2025.08.13	01:57:00.001	1.34995				2
2025.08.13	01:57:16.750	1.34992	1.34995			6
2025.08.13	01:57:17.059	1.34993	1.34996			6
2025.08.13	01:57:17.678	1.34994	1.34997			6
2025.08.13	01:57:21.372	1.34992	1.34995			6
2025.08.13	01:57:25.730	1.34993	1.34996			6
2025.08.13	01:57:28.836	1.34994	1.34997			6
2025.08.13	01:57:29.768	1.34993	1.34996			6
2025.08.13	01:57:30.702	1.34992	1.34995			6
2025.08.13	01:57:35.360	1.34993	1.34996			6
2025.08.13	01:57:37.519	1.34992	1.34995			6
2025.08.13	01:57:38.126	1.34993	1.34996			6
2025.08.13	01:57:38.445	1.35003	1.35006			6
2025.08.13	01:57:40.293	1.35001	1.35008			6
2025.08.13	01:57:41.217		1.35007			4
2025.08.13	01:57:46.176	1.34997	1.35003			6
2025.08.13	01:57:47.104		1.35005			4
2025.08.13	01:57:49.571		1.35004			4
2025.08.13	01:57:51.116	1.34998				2
2025.08.13	01:57:51.424	1.34999	1.35005			6
2025.08.13	01:57:51.729	1.35000				2
2025.08.13	01:57:53.278	1.34999				2
2025.08.13	01:57:54.209	1.35000				2
2025.08.13	01:57:55.760	1.34999				2
2025.08.13	01:58:00.109	1.34999				2
2025.08.13	01:58:01.655	1.35001	1.35008			6
2025.08.13	01:58:01.959	1.35002				2
2025.08.13	01:58:03.193	1.35001				2
2025.08.13	01:58:04.132	1.35002	1.35009			6
2025.08.13	01:58:04.759	1.35001	1.35008			6
2025.08.13	01:58:05.387		1.35007			4
2025.08.13	01:58:06.624	1.35000				2
2025.08.13	01:58:07.548	1.35001	1.35006			6
2025.08.13	01:58:16.516	1.35000				2
2025.08.13	01:58:22.403	1.35001				2
2025.08.13	01:58:23.016	1.35000				2
2025.08.13	01:58:24.566	1.35001				2
2025.08.13	01:58:28.905		1.35007			4
2025.08.13	01:58:40.682	1.35002				2
2025.08.13	01:58:41.623		1.35008			4
2025.08.13	01:58:44.429	1.35001	1.35007			6
2025.08.13	01:58:52.189	1.35002				2
2025.08.13	01:59:00.298	1.35002				2
2025.08.13	01:59:19.218	1.35007	1.35008			6
2025.08.13	01:59:19.523	1.35009	1.35010			6
2025.08.13	01:59:20.134		1.35011			4
2025.08.13	01:59:20.453		1.35012			4
2025.08.13	01:59:25.096		1.35010			4
2025.08.13	01:59:25.400	1.35003	1.35008			6
2025.08.13	01:59:26.028	1.35002	1.35007			6
2025.08.13	01:59:26.337		1.35008			4
2025.08.13	01:59:28.837		1.35009			4
2025.08.13	01:59:35.664		1.35008			4
2025.08.13	01:59:38.461		1.35009			4
2025.08.13	01:59:38.767		1.35008			4
2025.08.13	01:59:50.836		1.35007			4
2025.08.13	01:59:51.146		1.35008			4
2025.08.13	01:59:54.571	1.35001	1.35007			6
2025.08.13	01:59:56.428		1.35006			4
2025.08.13	01:59:56.732		1.35007			4
2025.08.13	02:00:00.141	1.35001				2
2025.08.13	02:00:00.449		1.35006			4
2025.08.13	02:00:00.757		1.35007			4
2025.08.13	02:00:03.253	1.35002				2
2025.08.13	02:00:06.360	1.34999	1.35003			6
2025.08.13	02:00:07.288	1.34998				2
2025.08.13	02:00:10.712		1.35004			4
2025.08.13	02:00:17.860	1.34999				2
2025.08.13	02:00:22.211	1.35000				2
2025.08.13	02:00:27.496	1.34999				2
2025.08.13	02:00:35.245	1.35000				2
2025.08.13	02:00:47.684	1.35001				2
2025.08.13	02:00:50.490	1.35003	1.35007			6
2025.08.13	02:00:53.593	1.35002				2
2025.08.13	02:00:53.897	1.35005				2
2025.08.13	02:00:54.216	1.35002				2
2025.08.13	02:00:55.148	1.35003				2
2025.08.13	02:00:59.199	1.35002				2
2025.08.13	02:01:00.130	1.35002				2
2025.08.13	02:01:02.309	1.35003				2
2025.08.13	02:01:04.170		1.35008			4
2025.08.13	02:01:06.040	1.35002	1.35006			6
2025.08.13	02:01:07.295	1.35001				2
2025.08.13	02:01:08.846	1.35002				2
2025.08.13	02:01:11.949	1.35010	1.35013			6
2025.08.13	02:01:12.258	1.35011	1.35016			6
2025.08.13	02:01:24.358		1.35015			4
2025.08.13	02:01:29.624	1.35010				2
2025.08.13	02:01:31.481	1.35007	1.35013			6
2025.08.13	02:01:40.157	1.35008				2
2025.08.13	02:01:51.359	1.35007				2
2025.08.13	02:01:56.677		1.35012			4
2025.08.13	02:01:56.988	1.35006				2
2025.08.13	02:01:58.235	1.35007	1.35013			6
2025.08.13	02:02:00.092	1.35007				2
2025.08.13	02:02:05.374	1.35008				2
2025.08.13	02:02:06.628	1.35009				2
2025.08.13	02:02:07.862	1.35010	1.35015			6
2025.08.13	02:02:08.164	1.35011	1.35017			6
2025.08.13	02:02:12.519	1.35012				2
2025.08.13	02:02:12.840	1.35013	1.35019			6
2025.08.13	02:02:13.449	1.35016	1.35022			6
2025.08.13	02:02:13.759		1.35021			4
2025.08.13	02:02:14.996		1.35022			4
2025.08.13	02:02:17.768		1.35021			4
2025.08.13	02:02:28.371	1.35012	1.35022			6
2025.08.13	02:02:29.302	1.35013				2
2025.08.13	02:02:32.129	1.35016	1.35021			6
2025.08.13	02:02:45.258	1.35012	1.35018			6
2025.08.13	02:03:00.259	1.35012				2
2025.08.13	02:03:20.469	1.35013				2
2025.08.13	02:03:25.412	1.35012				2
2025.08.13	02:03:37.328		1.35017			4
2025.08.13	02:03:42.214	1.35013				2
2025.08.13	02:03:42.517		1.35016			4
2025.08.13	02:03:49.806	1.35012				2
2025.08.13	02:03:50.111	1.35013				2
2025.08.13	02:04:00.219	1.35013				2
2025.08.13	02:04:39.103	1.35014				2
2025.08.13	02:04:42.780		1.35016			4
2025.08.13	02:05:00.185	1.35014				2
2025.08.13	02:05:01.703	1.35015				2
2025.08.13	02:05:24.315	1.35014				2
2025.08.13	02:05:24.621	1.35015				2
2025.08.13	02:05:28.290	1.35012	1.35015			6
2025.08.13	02:05:29.209	1.35013	1.35016			6
2025.08.13	02:05:57.363	1.35012	1.35015			6
2025.08.13	02:06:00.140	1.35012				2
2025.08.13	02:06:05.685	1.35013	1.35016			6
2025.08.13	02:06:13.675	1.35011	1.35014			6
2025.08.13	02:06:15.213	1.35010	1.35013			6
2025.08.13	02:06:16.762	1.35011	1.35014			6
2025.08.13	02:06:20.135	1.35010	1.35013			6
2025.08.13	02:06:21.365	1.35011	1.35014			6
2025.08.13	02:06:23.518	1.35010	1.35013			6
2025.08.13	02:06:24.127	1.35011	1.35014			6
2025.08.13	02:06:25.672	1.35010	1.35013			6
2025.08.13	02:06:27.208	1.35011	1.35014			6
2025.08.13	02:06:30.890	1.35010	1.35013			6
2025.08.13	02:06:31.814	1.35011	1.35014			6
2025.08.13	02:06:36.117	1.35010	1.35013			6
2025.08.13	02:06:38.573	1.35012	1.35015			6
2025.08.13	02:06:39.800	1.35013	1.35016			6
2025.08.13	02:06:40.725	1.35012	1.35015			6
2025.08.13	02:06:43.800	1.35013	1.35016			6
2025.08.13	02:06:47.504	1.34996	1.34999			6
2025.08.13	02:06:48.131	1.34995				2
2025.08.13	02:06:49.369		1.35000			4
2025.08.13	02:07:00.209	1.34995				2
2025.08.13	02:07:00.517	1.35003	1.35007			6
2025.08.13	02:07:00.818		1.35008			4
2025.08.13	02:07:02.066	1.35004	1.35009			6
2025.08.13	02:07:05.760	1.35005				2
2025.08.13	02:07:07.613	1.35004				2
2025.08.13	02:07:09.143	1.35010	1.35015			6
2025.08.13	02:07:09.447	1.35011				2
2025.08.13	02:07:11.304		1.35017			4
2025.08.13	02:07:14.407	1.35012				2
2025.08.13	02:07:37.262	1.35011				2
2025.08.13	02:07:47.106	1.35012				2
2025.08.13	02:08:00.108	1.35012				2
2025.08.13	02:08:06.322		1.35016			4
2025.08.13	02:08:09.718		1.35018			4
2025.08.13	02:08:25.172	1.35014				2
2025.08.13	02:08:25.479	1.35012				2
2025.08.13	02:08:42.197	1.35013				2
2025.08.13	02:08:51.490	1.35012				2
2025.08.13	02:08:52.101	1.35013				2
2025.08.13	02:08:57.909	1.35012				2
2025.08.13	02:09:00.050	1.35012				2
2025.08.13	02:09:02.801		1.35017			4
2025.08.13	02:09:20.257	1.35013				2
2025.08.13	02:09:43.506	1.35022	1.35025			6
2025.08.13	02:09:44.124	1.35021				2
2025.08.13	02:09:44.431		1.35026			4
2025.08.13	02:09:53.632	1.35017	1.35021			6
2025.08.13	02:09:53.939	1.35014	1.35020			6
2025.08.13	02:10:00.089	1.35014				2
2025.08.13	02:10:01.003		1.35019			4
2025.08.13	02:10:01.623	1.35013	1.35018			6
2025.08.13	02:10:13.373	1.35012				2
2025.08.13	02:10:13.683		1.35017			4
2025.08.13	02:10:36.094	1.35018	1.35022			6
2025.08.13	02:10:40.151	1.35016				2
2025.08.13	02:10:41.083	1.35017	1.35023			6
2025.08.13	02:10:49.533		1.35022			4
2025.08.13	02:10:55.464		1.35023			4
2025.08.13	02:10:56.393		1.35022			4
2025.08.13	02:10:59.516		1.35023			4
2025.08.13	02:11:00.140	1.35017				2
2025.08.13	02:11:02.628		1.35022			4
2025.08.13	02:11:02.943	1.35016				2
2025.08.13	02:11:11.350	1.35018	1.35024			6
2025.08.13	02:11:11.658	1.35021	1.35026			6
2025.08.13	02:11:14.453	1.35020				2
2025.08.13	02:11:35.571	1.35021				2
2025.08.13	02:11:35.887	1.35020				2
2025.08.13	02:11:49.182	1.35021				2
2025.08.13	02:11:53.217		1.35027			4
2025.08.13	02:11:53.526	1.35026	1.35031			6
2025.08.13	02:11:53.833	1.35030	1.35035			6
2025.08.13	02:11:54.759	1.35031				2
2025.08.13	02:11:58.796		1.35036			4
2025.08.13	02:12:00.024	1.35031				2
2025.08.13	02:12:26.259	1.35027	1.35032			6
2025.08.13	02:12:26.574		1.35033			4
2025.08.13	02:12:31.202	1.35030	1.35034			6
2025.08.13	02:12:38.927	1.35024	1.35029			6
2025.08.13	02:12:39.229	1.35023	1.35028			6
2025.08.13	02:13:00.255	1.35023				2
2025.08.13	02:13:04.886	1.35022				2
2025.08.13	02:13:05.504		1.35027			4
2025.08.13	02:13:05.813		1.35028			4
2025.08.13	02:13:06.119		1.35027			4
2025.08.13	02:13:07.972		1.35028			4
2025.08.13	02:13:08.278		1.35027			4
2025.08.13	02:13:10.125		1.35028			4
2025.08.13	02:13:10.430		1.35027			4
2025.08.13	02:13:11.044		1.35028			4
2025.08.13	02:13:26.576		1.35027			4
2025.08.13	02:13:31.855	1.35025	1.35029			6
2025.08.13	02:13:37.740		1.35030			4
2025.08.13	02:13:39.900		1.35029			4
2025.08.13	02:13:41.144		1.35030			4
2025.08.13	02:13:43.313		1.35029			4
2025.08.13	02:13:46.088		1.35030			4
2025.08.13	02:13:46.393	1.35024	1.35028			6
2025.08.13	02:14:00.232	1.35024				2
2025.08.13	02:14:07.237	1.35023				2
2025.08.13	02:14:13.082	1.35022	1.35027			6
2025.08.13	02:14:17.692	1.35021				2
2025.08.13	02:14:18.297	1.35022				2
2025.08.13	02:14:18.606	1.35021				2
2025.08.13	02:14:19.217	1.35022				2
2025.08.13	02:14:20.746	1.35021				2
2025.08.13	02:14:23.511	1.35022				2
2025.08.13	02:14:23.817	1.35021				2
2025.08.13	02:14:29.305	1.35022				2
2025.08.13	02:14:38.160		1.35026			4
2025.08.13	02:15:00.196	1.35024				2
2025.08.13	02:15:00.504	1.35021	1.35025			6
2025.08.13	02:15:10.547	1.35022	1.35026			6
2025.08.13	02:15:13.883	1.35021	1.35025			6
2025.08.13	02:15:16.331	1.35019	1.35023			6
2025.08.13	02:15:16.637	1.35018	1.35022			6
2025.08.13	02:15:18.476	1.35019	1.35023			6
2025.08.13	02:15:24.288	1.35018	1.35021			6
2025.08.13	02:15:24.598	1.35019	1.35023			6
2025.08.13	02:15:29.232	1.35020				2
2025.08.13	02:16:00.145	1.35020				2
2025.08.13	02:16:13.865	1.35022				2
2025.08.13	02:16:14.168	1.35020				2
2025.08.13	02:16:16.591	1.35021				2
2025.08.13	02:16:17.194	1.35020				2
2025.08.13	02:16:19.638	1.35021				2
2025.08.13	02:16:21.168	1.35020				2
2025.08.13	02:16:22.085	1.35021				2
2025.08.13	02:16:23.000	1.35020				2
2025.08.13	02:16:24.848		1.35023			4
2025.08.13	02:16:46.244	1.35017	1.35020			6
2025.08.13	02:16:47.171	1.35016	1.35019			6
2025.08.13	02:16:49.020	1.35015	1.35018			6
2025.08.13	02:16:58.884	1.35016	1.35019			6
2025.08.13	02:17:00.132	1.35016				2
2025.08.13	02:17:07.232	1.35018	1.35021			6
2025.08.13	02:17:07.533	1.35019	1.35022			6
2025.08.13	02:17:08.789	1.35020	1.35023			6
2025.08.13	02:17:14.080	1.35022	1.35025			6
2025.08.13	02:17:19.386	1.35021	1.35024			6
2025.08.13	02:17:20.934	1.35019	1.35022			6
2025.08.13	02:17:21.857	1.35020	1.35023			6
2025.08.13	02:17:22.165	1.35022	1.35024			6
2025.08.13	02:17:25.868	1.35024	1.35025			6
2025.08.13	02:17:26.173	1.35022	1.35024			6
2025.08.13	02:17:27.112		1.35025			4
2025.08.13	02:17:47.481	1.35024	1.35026			6
2025.08.13	02:17:48.090	1.35023				2
2025.08.13	02:17:55.576	1.35022	1.35025			6
2025.08.13	02:17:58.997	1.35023	1.35026			6
2025.08.13	02:18:00.240	1.35023				2
2025.08.13	02:18:07.417	1.35024	1.35027			6
2025.08.13	02:18:08.657	1.35025				2
2025.08.13	02:18:15.839	1.35024				2
2025.08.13	02:18:32.382	1.35025	1.35028			6
2025.08.13	02:18:33.315	1.35026				2
2025.08.13	02:18:45.130	1.35025				2
2025.08.13	02:18:48.230	1.35026				2
2025.08.13	02:18:48.861	1.35025				2
2025.08.13	02:18:51.643	1.35026	1.35029			6
2025.08.13	02:18:52.574	1.35027				2
2025.08.13	02:18:54.449	1.35026				2
2025.08.13	02:18:55.073	1.35027				2
2025.08.13	02:18:56.004	1.35026				2
2025.08.13	02:19:00.057	1.35026				2
2025.08.13	02:19:01.935	1.35024	1.35027			6
2025.08.13	02:19:02.256	1.35026	1.35029			6
2025.08.13	02:19:15.004	1.35025	1.35028			6
2025.08.13	02:20:00.292	1.35025				2
2025.08.13	02:20:11.828	1.35024	1.35027			6
2025.08.13	02:20:14.953	1.35025	1.35028			6
2025.08.13	02:20:21.485	1.35026				2
2025.08.13	02:20:22.097		1.35029			4
2025.08.13	02:20:31.479	1.35028				2
2025.08.13	02:20:31.789	1.35026				2
2025.08.13	02:20:51.651	1.35025	1.35028			6
2025.08.13	02:21:00.005	1.35025				2
2025.08.13	02:21:31.291	1.35026				2
2025.08.13	02:21:31.911	1.35025				2
2025.08.13	02:21:32.829	1.35026				2
2025.08.13	02:21:36.541		1.35029			4
2025.08.13	02:21:36.845		1.35028			4
2025.08.13	02:21:37.778	1.35025				2
2025.08.13	02:21:46.745	1.35023	1.35026			6
2025.08.13	02:21:47.059	1.35025	1.35028			6
2025.08.13	02:21:47.366	1.35024	1.35027			6
2025.08.13	02:22:00.031	1.35024				2
2025.08.13	02:22:47.377		1.35027			4
2025.08.13	02:23:00.047	1.35024				2
2025.08.13	02:23:14.625	1.35026				2
2025.08.13	02:23:14.944	1.35024				2
2025.08.13	02:23:17.428	1.35023	1.35026			6
2025.08.13	02:23:28.880	1.35024	1.35027			6
2025.08.13	02:23:40.363	1.35025				2
2025.08.13	02:23:57.942	1.35023	1.35026			6
2025.08.13	02:23:58.257	1.35025	1.35027			6
2025.08.13	02:24:00.101	1.35025				2
2025.08.13	02:24:23.265		1.35028			4
2025.08.13	02:24:58.543	1.35026				2
2025.08.13	02:24:58.859	1.35025				2
2025.08.13	02:25:00.095	1.35025				2
2025.08.13	02:25:23.346		1.35028			4
2025.08.13	02:25:31.412	1.35024	1.35027			6
2025.08.13	02:25:33.894	1.35022	1.35025			6
2025.08.13	02:25:34.215	1.35024	1.35027			6
2025.08.13	02:25:40.413	1.35022	1.35025			6
2025.08.13	02:25:40.722	1.35024	1.35027			6
2025.08.13	02:26:00.256	1.35024				2
2025.08.13	02:26:02.720	1.35022	1.35025			6
2025.08.13	02:26:03.035	1.35024	1.35027			6
2025.08.13	02:26:08.937	1.35026				2
2025.08.13	02:26:09.246	1.35024				2
2025.08.13	02:26:18.572	1.35022	1.35025			6
2025.08.13	02:26:18.886		1.35024			4
2025.08.13	02:26:34.421		1.35023			4
2025.08.13	02:26:35.654	1.35020				2
2025.08.13	02:26:47.082	1.35021	1.35024			6
2025.08.13	02:26:48.949	1.35020	1.35021			6
2025.08.13	02:26:49.253	1.35021	1.35024			6
2025.08.13	02:26:57.944	1.35020	1.35023			6
2025.08.13	02:26:58.567	1.35021	1.35024			6
2025.08.13	02:27:00.107	1.35021				2
2025.08.13	02:27:08.430	1.35023	1.35026			6
2025.08.13	02:27:10.299	1.35024	1.35027			6
2025.08.13	02:27:53.139	1.35026				2
2025.08.13	02:27:53.448	1.35024				2
2025.08.13	02:27:55.937	1.35023	1.35026			6
2025.08.13	02:27:56.561	1.35024	1.35027			6
2025.08.13	02:27:59.363	1.35023	1.35026			6
2025.08.13	02:28:00.295	1.35023				2
2025.08.13	02:28:00.602	1.35021	1.35024			6
2025.08.13	02:28:07.749	1.35020	1.35023			6
2025.08.13	02:28:35.167	1.35019	1.35022			6
2025.08.13	02:28:58.865	1.35020	1.35023			6
2025.08.13	02:29:00.094	1.35020				2
2025.08.13	02:29:01.933	1.35022	1.35025			6
2025.08.13	02:29:02.236	1.35020	1.35023			6
2025.08.13	02:29:03.464	1.35019	1.35022			6
2025.08.13	02:29:29.031	1.35020	1.35023			6
2025.08.13	02:29:30.565	1.35021	1.35024			6
2025.08.13	02:29:30.870	1.35020	1.35023			6
2025.08.13	02:29:31.494	1.35019	1.35022			6
2025.08.13	02:29:52.779	1.35018	1.35021			6
2025.08.13	02:29:57.094	1.35019	1.35022			6
2025.08.13	02:29:58.017	1.35018	1.35021			6
2025.08.13	02:30:00.165	1.35018				2
2025.08.13	02:30:08.518	1.35013	1.35016			6
2025.08.13	02:30:10.060	1.35009	1.35012			6
2025.08.13	02:30:12.518	1.35008	1.35011			6
2025.08.13	02:30:15.276	1.35009	1.35012			6
2025.08.13	02:30:31.274	1.35008	1.35011			6
2025.08.13	02:30:31.589	1.35009	1.35012			6
2025.08.13	02:30:38.050	1.35008	1.35011			6
2025.08.13	02:30:38.353	1.35009	1.35012			6
2025.08.13	02:30:42.964	1.35008	1.35011			6
2025.08.13	02:30:45.753	1.35009	1.35012			6
2025.08.13	02:30:46.059	1.35010	1.35013			6
2025.08.13	02:30:47.614	1.35012				2
2025.08.13	02:30:47.930	1.35010				2
2025.08.13	02:30:53.488		1.35012			4
2025.08.13	02:30:53.802		1.35013			4
2025.08.13	02:30:56.887		1.35012			4
2025.08.13	02:30:57.203		1.35013			4
2025.08.13	02:31:00.281	1.35010	1.35012			6
2025.08.13	02:31:00.584		1.35013			4
2025.08.13	02:31:01.208	1.35008	1.35011			6
2025.08.13	02:31:01.516	1.35009	1.35012			6
2025.08.13	02:31:01.831	1.35008	1.35011			6
2025.08.13	02:31:02.141	1.35009	1.35012			6
2025.08.13	02:31:02.761	1.35008	1.35011			6
2025.08.13	02:31:06.142	1.35009	1.35012			6
2025.08.13	02:31:07.690	1.35008	1.35011			6
2025.08.13	02:31:11.410	1.35009	1.35012			6
2025.08.13	02:31:13.883	1.35010	1.35013			6
2025.08.13	02:31:14.510		1.35012			4
2025.08.13	02:31:14.825		1.35013			4
2025.08.13	02:31:17.632		1.35012			4
2025.08.13	02:31:17.938		1.35013			4
2025.08.13	02:31:18.850		1.35012			4
2025.08.13	02:31:19.159		1.35013			4
2025.08.13	02:31:21.661		1.35012			4
2025.08.13	02:31:21.965		1.35013			4
2025.08.13	02:31:25.065		1.35012			4
2025.08.13	02:31:25.372		1.35013			4
2025.08.13	02:31:28.455		1.35012			4
2025.08.13	02:31:28.763		1.35013			4
2025.08.13	02:31:41.494		1.35012			4
2025.08.13	02:31:41.800		1.35013			4
2025.08.13	02:31:48.920	1.35011				2
2025.08.13	02:31:51.391	1.35009	1.35012			6
2025.08.13	02:31:51.710	1.35011	1.35013			6
2025.08.13	02:31:58.841	1.35010				2
2025.08.13	02:32:00.061	1.35010				2
2025.08.13	02:32:06.607		1.35012			4
2025.08.13	02:32:06.926		1.35013			4
2025.08.13	02:32:29.858	1.35008	1.35011			6
2025.08.13	02:32:30.169	1.35010	1.35013			6
2025.08.13	02:32:36.064	1.35011				2
2025.08.13	02:32:57.440		1.35014			4
2025.08.13	02:33:00.214	1.35011				2
2025.08.13	02:33:01.752	1.35009	1.35012			6
2025.08.13	02:33:02.065	1.35011	1.35014			6
2025.08.13	02:33:11.325	1.35008	1.35011			6
2025.08.13	02:33:11.626	1.35011	1.35014			6
2025.08.13	02:33:19.096	1.35010	1.35013			6
2025.08.13	02:33:32.124	1.35011	1.35014			6
2025.08.13	02:33:32.430	1.35010	1.35013			6
2025.08.13	02:33:35.524	1.35001	1.35004			6
2025.08.13	02:33:36.459	1.35002	1.35005			6
2025.08.13	02:33:37.714	1.35003	1.35006			6
2025.08.13	02:34:00.307	1.35003				2
2025.08.13	02:34:31.792	1.35001	1.35004			6
2025.08.13	02:34:32.423	1.35002	1.35005			6
2025.08.13	02:34:37.105	1.34999	1.35002			6
2025.08.13	02:34:37.408	1.35000	1.35003			6
2025.08.13	02:34:38.349	1.34999	1.35002			6
2025.08.13	02:35:00.160	1.34999				2
2025.08.13	02:35:09.212	1.35000	1.35003			6
2025.08.13	02:35:12.961	1.35002				2
2025.08.13	02:35:13.272	1.35000				2
2025.08.13	02:35:16.382	1.34999	1.35002			6
2025.08.13	02:35:16.699	1.35000	1.35003			6
2025.08.13	02:35:27.297	1.34999	1.35002			6
2025.08.13	02:36:00.295	1.34999				2
2025.08.13	02:36:26.400	1.35000				2
2025.08.13	02:36:27.345		1.35002			4
2025.08.13	02:36:28.569	1.35001				2
2025.08.13	02:36:28.879	1.35002	1.35005			6
2025.08.13	02:36:29.184	1.35003	1.35006			6
2025.08.13	02:36:30.419	1.35002	1.35005			6
2025.08.13	02:36:34.478	1.35003	1.35006			6
2025.08.13	02:36:47.062	1.35002	1.35005			6
2025.08.13	02:36:55.132	1.35003	1.35006			6
2025.08.13	02:37:00.123	1.35003				2
2025.08.13	02:37:00.429	1.35001	1.35004			6
2025.08.13	02:37:00.744	1.35000	1.35003			6
2025.08.13	02:37:01.669	1.34999	1.35002			6
2025.08.13	02:37:23.722	1.35002	1.35005			6
2025.08.13	02:37:24.339		1.35004			4
2025.08.13	02:37:24.652	1.35003	1.35006			6
2025.08.13	02:37:44.392	1.35002	1.35005			6
2025.08.13	02:37:44.695		1.35004			4
2025.08.13	02:37:46.241		1.35005			4
2025.08.13	02:37:46.876	1.35003	1.35006			6
2025.08.13	02:38:00.232	1.35003				2
2025.08.13	02:38:18.227	1.35004	1.35007			6
2025.08.13	02:38:44.192	1.35003	1.35006			6
2025.08.13	02:38:44.495	1.35004	1.35007			6
2025.08.13	02:39:00.066	1.35004				2
