<DATE>	<TIME>	<BID>	<ASK>	<LAST>	<VOLUME>	<FLAGS>
2025.07.23	00:03:30.821	1.35268	1.35358			6
2025.07.23	00:04:00.283	1.35268				2
2025.07.23	00:04:30.975		1.35358			4
2025.07.23	00:05:00.172	1.35268				2
2025.07.23	00:05:31.205		1.35358			4
2025.07.23	00:06:00.075	1.35268				2
2025.07.23	00:06:31.424		1.35358			4
2025.07.23	00:07:00.044	1.35268				2
2025.07.23	00:07:31.439		1.35358			4
2025.07.23	00:08:00.077	1.35268				2
2025.07.23	00:08:31.453		1.35358			4
2025.07.23	00:09:00.067	1.35268				2
2025.07.23	00:09:31.719		1.35358			4
2025.07.23	00:10:00.301	1.35268				2
2025.07.23	00:10:24.643	1.35265	1.35355			6
2025.07.23	00:10:31.429	1.35268	1.35358			6
2025.07.23	00:11:00.076	1.35268				2
2025.07.23	00:11:31.498		1.35358			4
2025.07.23	00:12:00.075	1.35268				2
2025.07.23	00:12:31.790		1.35358			4
2025.07.23	00:13:00.083	1.35268				2
2025.07.23	00:13:32.038		1.35358			4
2025.07.23	00:14:00.285	1.35268				2
2025.07.23	00:14:32.229		1.35358			4
2025.07.23	00:15:00.281	1.35268				2
2025.07.23	00:15:23.380	1.35219	1.35353			6
2025.07.23	00:15:24.299	1.35268	1.35358			6
2025.07.23	00:15:38.135		1.35357			4
2025.07.23	00:15:38.755		1.35358			4
2025.07.23	00:16:00.226	1.35268				2
2025.07.23	00:16:38.881		1.35358			4
2025.07.23	00:17:00.061	1.35268				2
2025.07.23	00:17:06.519	1.35217	1.35360			6
2025.07.23	00:17:07.135	1.35268	1.35358			6
2025.07.23	00:17:49.884	1.35251	1.35341			6
2025.07.23	00:18:00.041	1.35251				2
2025.07.23	00:18:17.366	1.35212	1.35364			6
2025.07.23	00:18:17.993	1.35251	1.35341			6
2025.07.23	00:19:00.000	1.35251				2
2025.07.23	00:19:18.223		1.35341			4
2025.07.23	00:19:33.982	1.35234	1.35338			6
2025.07.23	00:20:00.272	1.35232	1.35364			6
2025.07.23	00:20:47.255		1.35362			4
2025.07.23	00:20:47.865		1.35361			4
2025.07.23	00:20:49.412		1.35362			4
2025.07.23	00:20:50.027		1.35363			4
2025.07.23	00:20:50.957		1.35364			4
2025.07.23	00:21:00.229	1.35232				2
2025.07.23	00:21:51.169		1.35364			4
2025.07.23	00:22:00.107	1.35232				2
2025.07.23	00:22:34.206	1.35233	1.35339			6
2025.07.23	00:22:34.516	1.35232				2
2025.07.23	00:23:00.014	1.35232				2
2025.07.23	00:23:01.554		1.35351			4
2025.07.23	00:23:35.055		1.35336			4
2025.07.23	00:23:53.197	1.35239				2
2025.07.23	00:23:53.499		1.35341			4
2025.07.23	00:24:00.273	1.35239				2
2025.07.23	00:24:31.314	1.35240				2
2025.07.23	00:24:32.364		1.35330			4
2025.07.23	00:24:38.346		1.35337			4
2025.07.23	00:24:39.238		1.35330			4
2025.07.23	00:24:43.139		1.35335			4
2025.07.23	00:24:46.689	1.35239	1.35329			6
2025.07.23	00:24:46.992	1.35240				2
2025.07.23	00:24:49.791	1.35244				2
2025.07.23	00:24:53.641	1.35253	1.35328			6
2025.07.23	00:25:00.538	1.35253				2
2025.07.23	00:25:09.240	1.35240	1.35329			6
2025.07.23	00:25:21.233	1.35243	1.35318			6
2025.07.23	00:25:25.529	1.35237	1.35329			6
2025.07.23	00:25:26.651	1.35223	1.35367			6
2025.07.23	00:25:26.957	1.35220	1.35368			6
2025.07.23	00:25:27.258		1.35367			4
2025.07.23	00:25:29.412		1.35368			4
2025.07.23	00:26:00.141	1.35220				2
2025.07.23	00:26:26.619	1.35225				2
2025.07.23	00:26:29.704		1.35368			4
2025.07.23	00:27:00.224	1.35225				2
2025.07.23	00:27:16.536		1.35367			4
2025.07.23	00:28:00.185	1.35225				2
2025.07.23	00:28:02.643	1.35239				2
2025.07.23	00:28:11.654		1.35368			4
2025.07.23	00:28:53.166	1.35255	1.35346			6
2025.07.23	00:29:00.315	1.35255				2
2025.07.23	00:29:06.238	1.35260				2
2025.07.23	00:29:07.637		1.35347			4
2025.07.23	00:29:07.958		1.35367			4
2025.07.23	00:29:10.075	1.35263				2
2025.07.23	00:29:10.957		1.35346			4
2025.07.23	00:29:17.296	1.35280	1.35353			6
2025.07.23	00:29:18.840		1.35355			4
2025.07.23	00:29:43.489	1.35282				2
2025.07.23	00:29:43.798		1.35360			4
2025.07.23	00:29:46.965	1.35285	1.35364			6
2025.07.23	00:29:50.142		1.35363			4
2025.07.23	00:30:00.308	1.35285				2
2025.07.23	00:30:15.991		1.35366			4
2025.07.23	00:30:39.699	1.35279				2
2025.07.23	00:30:55.252	1.35275	1.35365			6
2025.07.23	00:30:59.367		1.35358			4
2025.07.23	00:31:00.655	1.35275				2
2025.07.23	00:31:54.368		1.35357			4
2025.07.23	00:32:00.584	1.35275				2
2025.07.23	00:32:55.422		1.35357			4
2025.07.23	00:33:00.489	1.35275				2
2025.07.23	00:33:55.440		1.35357			4
2025.07.23	00:34:00.541	1.35275				2
2025.07.23	00:34:39.059		1.35355			4
2025.07.23	00:34:41.209		1.35356			4
2025.07.23	00:35:00.258	1.35275				2
2025.07.23	00:35:28.542		1.35358			4
2025.07.23	00:35:30.688		1.35357			4
2025.07.23	00:35:35.591		1.35355			4
2025.07.23	00:35:35.901		1.35354			4
2025.07.23	00:35:55.525		1.35353			4
2025.07.23	00:35:57.057		1.35366			4
2025.07.23	00:36:00.790	1.35275				2
2025.07.23	00:36:10.553		1.35365			4
2025.07.23	00:36:11.469		1.35355			4
2025.07.23	00:36:13.611		1.35365			4
2025.07.23	00:36:13.916	1.35272				2
2025.07.23	00:36:16.973		1.35356			4
2025.07.23	00:36:19.411		1.35365			4
2025.07.23	00:36:19.717		1.35355			4
2025.07.23	00:36:20.027		1.35365			4
2025.07.23	00:36:23.073		1.35355			4
2025.07.23	00:36:40.504		1.35354			4
2025.07.23	00:36:55.533		1.35356			4
2025.07.23	00:37:00.137	1.35272				2
2025.07.23	00:37:01.973		1.35357			4
2025.07.23	00:37:07.810		1.35356			4
2025.07.23	00:37:25.615	1.35270	1.35357			6
2025.07.23	00:37:47.098		1.35356			4
2025.07.23	00:37:48.022	1.35250	1.35361			6
2025.07.23	00:37:48.353		1.35360			4
2025.07.23	00:37:48.863	1.35241	1.35357			6
2025.07.23	00:37:49.498		1.35358			4
2025.07.23	00:37:49.854		1.35352			4
2025.07.23	00:37:50.475		1.35358			4
2025.07.23	00:37:50.944		1.35356			4
2025.07.23	00:37:53.759		1.35354			4
2025.07.23	00:37:54.141	1.35235	1.35352			6
2025.07.23	00:37:56.338		1.35351			4
2025.07.23	00:37:57.540		1.35352			4
2025.07.23	00:38:01.253	1.35231	1.35351			6
2025.07.23	00:38:01.869		1.35348			4
2025.07.23	00:38:08.318	1.35230	1.35352			6
2025.07.23	00:38:08.936	1.35231				2
2025.07.23	00:38:10.175	1.35234				2
2025.07.23	00:38:10.791	1.35233				2
2025.07.23	00:38:11.416	1.35239	1.35354			6
2025.07.23	00:38:12.334	1.35242	1.35353			6
2025.07.23	00:38:12.638	1.35241	1.35350			6
2025.07.23	00:38:12.945		1.35351			4
2025.07.23	00:38:13.252		1.35349			4
2025.07.23	00:38:15.087	1.35242				2
2025.07.23	00:38:22.149		1.35348			4
2025.07.23	00:38:27.062		1.35347			4
2025.07.23	00:38:27.671	1.35244	1.35348			6
2025.07.23	00:38:28.288	1.35242	1.35349			6
2025.07.23	00:38:28.588	1.35245	1.35348			6
2025.07.23	00:38:30.433		1.35361			4
2025.07.23	00:38:30.773	1.35252	1.35355			6
2025.07.23	00:38:31.087	1.35257	1.35358			6
2025.07.23	00:38:31.397	1.35252	1.35356			6
2025.07.23	00:38:31.700	1.35254	1.35355			6
2025.07.23	00:38:32.010		1.35352			4
2025.07.23	00:38:32.313	1.35256	1.35351			6
2025.07.23	00:38:32.620	1.35257	1.35352			6
2025.07.23	00:38:33.843	1.35256				2
2025.07.23	00:38:35.690	1.35257				2
2025.07.23	00:38:35.991	1.35256	1.35351			6
2025.07.23	00:38:36.911	1.35257	1.35352			6
2025.07.23	00:38:37.216	1.35253	1.35359			6
2025.07.23	00:38:37.523	1.35257	1.35352			6
2025.07.23	00:38:37.836	1.35258	1.35351			6
2025.07.23	00:38:38.141	1.35257	1.35350			6
2025.07.23	00:38:38.447	1.35253	1.35354			6
2025.07.23	00:38:38.761		1.35353			4
2025.07.23	00:38:39.377		1.35350			4
2025.07.23	00:38:39.677		1.35361			4
2025.07.23	00:38:40.139		1.35353			4
2025.07.23	00:38:40.459	1.35255	1.35346			6
2025.07.23	00:38:40.763	1.35253	1.35348			6
2025.07.23	00:38:41.078	1.35255	1.35347			6
2025.07.23	00:38:41.387	1.35254	1.35346			6
2025.07.23	00:38:41.692		1.35348			4
2025.07.23	00:38:41.997		1.35346			4
2025.07.23	00:38:42.615	1.35256	1.35347			6
2025.07.23	00:38:42.920	1.35250	1.35351			6
2025.07.23	00:38:43.241	1.35255	1.35355			6
2025.07.23	00:38:43.548	1.35253				2
2025.07.23	00:38:43.856		1.35352			4
2025.07.23	00:38:44.160	1.35255				2
2025.07.23	00:38:44.463		1.35347			4
2025.07.23	00:38:45.381		1.35346			4
2025.07.23	00:38:46.300		1.35348			4
2025.07.23	00:38:46.607		1.35347			4
2025.07.23	00:38:46.912	1.35256	1.35351			6
2025.07.23	00:38:47.526		1.35349			4
2025.07.23	00:38:48.141		1.35351			4
2025.07.23	00:38:49.068		1.35348			4
2025.07.23	00:38:51.211		1.35351			4
2025.07.23	00:38:51.823		1.35349			4
2025.07.23	00:38:52.130	1.35257	1.35347			6
2025.07.23	00:38:53.045	1.35256	1.35351			6
2025.07.23	00:38:53.972		1.35347			4
2025.07.23	00:38:54.581	1.35258	1.35351			6
2025.07.23	00:38:57.659		1.35353			4
2025.07.23	00:38:58.577		1.35352			4
2025.07.23	00:38:58.881		1.35347			4
2025.07.23	00:38:59.500		1.35349			4
2025.07.23	00:38:59.806		1.35346			4
2025.07.23	00:39:00.110	1.35258	1.35347			6
2025.07.23	00:39:01.039		1.35350			4
2025.07.23	00:39:02.265		1.35344			4
2025.07.23	00:39:02.572	1.35259	1.35351			6
2025.07.23	00:39:03.498		1.35346			4
2025.07.23	00:39:07.483		1.35347			4
2025.07.23	00:39:07.787		1.35349			4
2025.07.23	00:39:09.021		1.35350			4
2025.07.23	00:39:09.326		1.35343			4
2025.07.23	00:39:09.942		1.35345			4
2025.07.23	00:39:10.553		1.35343			4
2025.07.23	00:39:10.860		1.35345			4
2025.07.23	00:39:11.791		1.35344			4
2025.07.23	00:39:13.016		1.35349			4
2025.07.23	00:39:13.634		1.35345			4
2025.07.23	00:39:15.471		1.35344			4
2025.07.23	00:39:16.087		1.35343			4
2025.07.23	00:39:16.403		1.35346			4
2025.07.23	00:39:18.861	1.35263	1.35348			6
2025.07.23	00:39:19.171		1.35346			4
2025.07.23	00:39:20.093	1.35266				2
2025.07.23	00:39:21.323	1.35264				2
2025.07.23	00:39:22.635	1.35266	1.35344			6
2025.07.23	00:39:23.560		1.35343			4
2025.07.23	00:39:24.180		1.35344			4
2025.07.23	00:39:25.093		1.35343			4
2025.07.23	00:39:25.401	1.35264	1.35344			6
2025.07.23	00:39:26.016		1.35342			4
2025.07.23	00:39:26.325		1.35343			4
2025.07.23	00:39:26.632		1.35344			4
2025.07.23	00:39:26.950		1.35343			4
2025.07.23	00:39:27.558		1.35342			4
2025.07.23	00:39:27.863		1.35341			4
2025.07.23	00:39:28.781		1.35342			4
2025.07.23	00:39:29.089		1.35346			4
2025.07.23	00:39:29.850		1.35342			4
2025.07.23	00:39:30.772		1.35346			4
2025.07.23	00:39:31.998	1.35267				2
2025.07.23	00:40:00.240	1.35267				2
2025.07.23	00:40:02.247	1.35273				2
2025.07.23	00:40:02.627		1.35351			4
2025.07.23	00:40:20.448		1.35352			4
2025.07.23	00:40:25.970		1.35351			4
2025.07.23	00:40:26.276		1.35352			4
2025.07.23	00:40:40.379		1.35353			4
2025.07.23	00:40:43.145		1.35351			4
2025.07.23	00:40:47.450	1.35278	1.35360			6
2025.07.23	00:40:48.679		1.35358			4
2025.07.23	00:40:49.602		1.35359			4
2025.07.23	00:40:59.738		1.35360			4
2025.07.23	00:41:00.043	1.35278				2
2025.07.23	00:41:07.132		1.35359			4
2025.07.23	00:41:12.983		1.35360			4
2025.07.23	00:41:15.447		1.35359			4
2025.07.23	00:41:19.142		1.35360			4
2025.07.23	00:41:25.927		1.35362			4
2025.07.23	00:41:26.441		1.35360			4
2025.07.23	00:41:34.446	1.35285	1.35362			6
2025.07.23	00:41:36.490	1.35286				2
2025.07.23	00:41:40.139	1.35280				2
2025.07.23	00:41:40.496		1.35361			4
2025.07.23	00:41:40.810		1.35362			4
2025.07.23	00:41:41.240		1.35361			4
2025.07.23	00:41:42.472		1.35362			4
2025.07.23	00:41:42.841	1.35258	1.35355			6
2025.07.23	00:41:43.150		1.35353			4
2025.07.23	00:41:43.458	1.35264	1.35354			6
2025.07.23	00:41:44.682	1.35265	1.35355			6
2025.07.23	00:41:46.220	1.35266	1.35356			6
2025.07.23	00:41:47.146	1.35267	1.35357			6
2025.07.23	00:41:47.454	1.35266	1.35356			6
2025.07.23	00:41:48.375	1.35268	1.35358			6
2025.07.23	00:41:49.916	1.35267	1.35357			6
2025.07.23	00:41:50.837	1.35266	1.35356			6
2025.07.23	00:41:52.991	1.35268	1.35358			6
2025.07.23	00:41:55.143	1.35269	1.35359			6
2025.07.23	00:41:55.753	1.35270	1.35360			6
2025.07.23	00:41:56.672	1.35269	1.35359			6
2025.07.23	00:41:56.981	1.35268	1.35358			6
2025.07.23	00:41:58.209	1.35270	1.35360			6
2025.07.23	00:42:00.058	1.35270				2
2025.07.23	00:42:00.360	1.35269	1.35359			6
2025.07.23	00:42:01.285	1.35267	1.35357			6
2025.07.23	00:42:01.904	1.35266	1.35356			6
2025.07.23	00:42:02.828	1.35268	1.35358			6
2025.07.23	00:42:03.137	1.35266	1.35356			6
2025.07.23	00:42:04.985	1.35264	1.35354			6
2025.07.23	00:42:05.292	1.35255	1.35355			6
2025.07.23	00:42:05.603	1.35253	1.35353			6
2025.07.23	00:42:05.910	1.35249	1.35346			6
2025.07.23	00:42:06.222	1.35248				2
2025.07.23	00:42:06.833	1.35247				2
2025.07.23	00:42:07.140	1.35250				2
2025.07.23	00:42:09.599	1.35234	1.35343			6
2025.07.23	00:42:09.906	1.35233	1.35340			6
2025.07.23	00:42:10.828	1.35241				2
2025.07.23	00:42:12.668	1.35242				2
2025.07.23	00:42:16.042	1.35243				2
2025.07.23	00:42:18.807	1.35248				2
2025.07.23	00:42:19.119	1.35249				2
2025.07.23	00:42:19.724	1.35245	1.35337			6
2025.07.23	00:42:20.032	1.35240				2
2025.07.23	00:42:22.803	1.35248				2
2025.07.23	00:42:23.112	1.35250				2
2025.07.23	00:42:23.420	1.35241				2
2025.07.23	00:42:23.726	1.35243				2
2025.07.23	00:42:24.032	1.35240	1.35333			6
2025.07.23	00:42:24.349	1.35247				2
2025.07.23	00:42:29.589	1.35248				2
2025.07.23	00:42:31.440		1.35343			4
2025.07.23	00:42:31.749	1.35241	1.35334			6
2025.07.23	00:42:32.053	1.35238				2
2025.07.23	00:42:32.977	1.35237				2
2025.07.23	00:42:33.903	1.35239				2
2025.07.23	00:42:37.289	1.35248				2
2025.07.23	00:42:37.597	1.35246				2
2025.07.23	00:42:38.217	1.35243				2
2025.07.23	00:42:39.144	1.35242	1.35331			6
2025.07.23	00:42:39.454	1.35246				2
2025.07.23	00:42:39.761	1.35245				2
2025.07.23	00:42:40.073		1.35333			4
2025.07.23	00:42:40.380		1.35331			4
2025.07.23	00:42:41.311	1.35247	1.35332			6
2025.07.23	00:42:41.622	1.35246				2
2025.07.23	00:42:49.028	1.35242	1.35327			6
2025.07.23	00:42:50.568	1.35240	1.35334			6
2025.07.23	00:42:51.950		1.35327			4
2025.07.23	00:42:52.894	1.35241				2
2025.07.23	00:42:53.817	1.35240				2
2025.07.23	00:42:54.764	1.35242				2
2025.07.23	00:42:55.069	1.35241				2
2025.07.23	00:42:55.379	1.35240				2
2025.07.23	00:42:56.393		1.35322			4
2025.07.23	00:43:01.140	1.35240				2
2025.07.23	00:43:09.398		1.35324			4
2025.07.23	00:43:10.024		1.35326			4
2025.07.23	00:43:12.350		1.35336			4
2025.07.23	00:43:12.831	1.35250	1.35337			6
2025.07.23	00:43:13.144		1.35338			4
2025.07.23	00:43:13.447		1.35340			4
2025.07.23	00:43:14.064		1.35343			4
2025.07.23	00:43:14.488		1.35341			4
2025.07.23	00:43:16.348		1.35338			4
2025.07.23	00:43:17.894		1.35339			4
2025.07.23	00:43:22.320		1.35338			4
2025.07.23	00:43:22.627		1.35340			4
2025.07.23	00:43:24.164		1.35339			4
2025.07.23	00:43:24.478		1.35338			4
2025.07.23	00:43:25.708		1.35337			4
2025.07.23	00:43:26.027		1.35339			4
2025.07.23	00:43:26.634		1.35334			4
2025.07.23	00:43:26.937		1.35329			4
2025.07.23	00:43:27.256		1.35345			4
2025.07.23	00:43:27.560		1.35347			4
2025.07.23	00:43:27.867		1.35351			4
2025.07.23	00:43:28.340		1.35346			4
2025.07.23	00:43:28.640		1.35342			4
2025.07.23	00:43:28.960		1.35347			4
2025.07.23	00:43:29.885		1.35348			4
2025.07.23	00:43:31.507		1.35335			4
2025.07.23	00:43:31.824		1.35344			4
2025.07.23	00:43:32.751		1.35343			4
2025.07.23	00:43:33.055		1.35341			4
2025.07.23	00:43:34.014		1.35338			4
2025.07.23	00:43:34.737		1.35344			4
2025.07.23	00:43:35.573		1.35341			4
2025.07.23	00:43:37.131		1.35353			4
2025.07.23	00:43:37.435		1.35349			4
2025.07.23	00:43:38.099		1.35345			4
2025.07.23	00:43:38.718		1.35348			4
2025.07.23	00:43:39.939		1.35342			4
2025.07.23	00:43:40.259		1.35348			4
2025.07.23	00:43:40.614		1.35347			4
2025.07.23	00:43:40.916		1.35344			4
2025.07.23	00:43:41.941		1.35347			4
2025.07.23	00:43:42.244		1.35346			4
2025.07.23	00:43:42.544		1.35344			4
2025.07.23	00:43:42.858		1.35341			4
2025.07.23	00:43:44.874		1.35340			4
2025.07.23	00:43:46.109		1.35354			4
2025.07.23	00:43:46.414		1.35342			4
2025.07.23	00:43:46.753		1.35340			4
2025.07.23	00:43:47.986		1.35342			4
2025.07.23	00:43:50.829		1.35345			4
2025.07.23	00:43:51.759		1.35339			4
2025.07.23	00:43:52.060		1.35345			4
2025.07.23	00:43:52.832		1.35342			4
2025.07.23	00:43:53.136		1.35343			4
2025.07.23	00:43:53.480		1.35342			4
2025.07.23	00:43:53.791		1.35340			4
2025.07.23	00:43:54.718		1.35341			4
2025.07.23	00:43:55.023		1.35339			4
2025.07.23	00:43:55.336		1.35338			4
2025.07.23	00:43:55.944		1.35336			4
2025.07.23	00:43:56.257		1.35332			4
2025.07.23	00:43:56.561		1.35336			4
2025.07.23	00:43:56.908		1.35332			4
2025.07.23	00:44:00.539	1.35250				2
2025.07.23	00:44:15.701		1.35331			4
2025.07.23	00:44:33.544		1.35339			4
2025.07.23	00:44:34.015		1.35331			4
2025.07.23	00:44:41.638		1.35334			4
2025.07.23	00:44:41.939		1.35331			4
2025.07.23	00:45:00.238	1.35250				2
2025.07.23	00:45:00.839		1.35347			4
2025.07.23	00:45:01.160		1.35336			4
2025.07.23	00:45:01.478		1.35342			4
2025.07.23	00:45:01.787		1.35343			4
2025.07.23	00:45:03.029	1.35243				2
2025.07.23	00:45:03.945	1.35239	1.35352			6
2025.07.23	00:45:04.259	1.35243	1.35346			6
2025.07.23	00:45:04.569	1.35244	1.35348			6
2025.07.23	00:45:05.182	1.35242	1.35350			6
2025.07.23	00:45:05.485		1.35352			4
2025.07.23	00:45:05.793	1.35241	1.35351			6
2025.07.23	00:45:06.107	1.35240	1.35352			6
2025.07.23	00:45:06.722	1.35250	1.35347			6
2025.07.23	00:45:07.945		1.35344			4
2025.07.23	00:45:08.257		1.35349			4
2025.07.23	00:45:11.213	1.35266	1.35329			6
2025.07.23	00:45:11.493		1.35325			4
2025.07.23	00:45:11.803		1.35326			4
2025.07.23	00:45:12.426		1.35337			4
2025.07.23	00:45:12.731	1.35267	1.35325			6
2025.07.23	00:45:13.040	1.35268	1.35326			6
2025.07.23	00:45:14.272	1.35269	1.35327			6
2025.07.23	00:45:14.581	1.35266	1.35335			6
2025.07.23	00:45:14.890		1.35332			4
2025.07.23	00:45:16.743		1.35329			4
2025.07.23	00:45:17.057		1.35326			4
2025.07.23	00:45:17.363		1.35338			4
2025.07.23	00:45:17.679		1.35332			4
2025.07.23	00:45:17.984		1.35333			4
2025.07.23	00:45:18.296	1.35267	1.35331			6
2025.07.23	00:45:18.605		1.35330			4
2025.07.23	00:45:18.905	1.35266	1.35328			6
2025.07.23	00:45:19.226	1.35267	1.35337			6
2025.07.23	00:45:19.531		1.35330			4
2025.07.23	00:45:20.457	1.35266	1.35335			6
2025.07.23	00:45:20.758		1.35328			4
2025.07.23	00:45:21.058		1.35327			4
2025.07.23	00:45:21.361		1.35331			4
2025.07.23	00:45:21.672		1.35334			4
2025.07.23	00:45:21.975		1.35335			4
2025.07.23	00:45:22.293	1.35268	1.35331			6
2025.07.23	00:45:23.520	1.35266				2
2025.07.23	00:45:24.440		1.35332			4
2025.07.23	00:45:30.016		1.35336			4
2025.07.23	00:45:31.244		1.35337			4
2025.07.23	00:45:33.094		1.35336			4
2025.07.23	00:45:42.334		1.35332			4
2025.07.23	00:45:42.643		1.35331			4
2025.07.23	00:45:45.419		1.35332			4
2025.07.23	00:45:51.593	1.35269				2
2025.07.23	00:45:53.141	1.35270	1.35328			6
2025.07.23	00:45:57.148	1.35268	1.35327			6
2025.07.23	00:45:58.378	1.35266	1.35335			6
2025.07.23	00:45:58.679	1.35269	1.35327			6
2025.07.23	00:45:59.311	1.35267	1.35326			6
2025.07.23	00:46:00.234	1.35267				2
2025.07.23	00:46:01.163	1.35266	1.35325			6
2025.07.23	00:46:01.470		1.35328			4
2025.07.23	00:46:02.085		1.35329			4
2025.07.23	00:46:02.387		1.35332			4
2025.07.23	00:46:03.915		1.35324			4
2025.07.23	00:46:04.537		1.35328			4
2025.07.23	00:46:04.844	1.35268	1.35329			6
2025.07.23	00:46:05.772	1.35269	1.35327			6
2025.07.23	00:46:06.081	1.35266	1.35330			6
2025.07.23	00:46:06.385		1.35326			4
2025.07.23	00:46:07.003		1.35329			4
2025.07.23	00:46:07.624		1.35327			4
2025.07.23	00:46:08.240		1.35325			4
2025.07.23	00:46:09.169		1.35333			4
2025.07.23	00:46:09.477		1.35328			4
2025.07.23	00:46:10.404		1.35327			4
2025.07.23	00:46:11.328		1.35328			4
2025.07.23	00:46:11.638		1.35326			4
2025.07.23	00:46:13.484		1.35329			4
2025.07.23	00:46:14.717		1.35325			4
2025.07.23	00:46:31.067		1.35335			4
2025.07.23	00:46:40.313	1.35267	1.35339			6
2025.07.23	00:46:41.544	1.35266				2
2025.07.23	00:46:46.169		1.35336			4
2025.07.23	00:46:52.635		1.35334			4
2025.07.23	00:46:52.938		1.35336			4
2025.07.23	00:46:53.239		1.35332			4
2025.07.23	00:46:53.545		1.35334			4
2025.07.23	00:46:57.559		1.35333			4
2025.07.23	00:46:58.786	1.35268	1.35335			6
2025.07.23	00:47:00.013	1.35268				2
2025.07.23	00:47:00.636	1.35266				2
2025.07.23	00:47:03.099	1.35262	1.35336			6
2025.07.23	00:47:06.497	1.35266	1.35335			6
2025.07.23	00:47:06.804	1.35263				2
2025.07.23	00:47:07.113	1.35262				2
2025.07.23	00:47:09.881	1.35263	1.35339			6
2025.07.23	00:47:10.184	1.35264				2
2025.07.23	00:47:10.485	1.35257				2
2025.07.23	00:47:10.789		1.35338			4
2025.07.23	00:47:11.097		1.35339			4
2025.07.23	00:47:11.710		1.35337			4
2025.07.23	00:47:12.018		1.35339			4
2025.07.23	00:47:12.944	1.35270	1.35338			6
2025.07.23	00:47:13.256	1.35264	1.35337			6
2025.07.23	00:47:13.565	1.35269				2
2025.07.23	00:47:13.874	1.35265				2
2025.07.23	00:47:14.175		1.35336			4
2025.07.23	00:47:15.721	1.35266				2
2025.07.23	00:47:18.192	1.35268	1.35337			6
2025.07.23	00:47:18.504	1.35267				2
2025.07.23	00:47:18.812	1.35266				2
2025.07.23	00:47:20.355	1.35265				2
2025.07.23	00:47:21.586		1.35336			4
2025.07.23	00:47:25.596	1.35270				2
2025.07.23	00:47:29.902	1.35268	1.35334			6
2025.07.23	00:47:40.072	1.35267	1.35337			6
2025.07.23	00:47:41.624	1.35268				2
2025.07.23	00:47:43.778	1.35269				2
2025.07.23	00:47:45.625	1.35270				2
2025.07.23	00:47:53.963	1.35271				2
2025.07.23	00:47:56.121	1.35268	1.35333			6
2025.07.23	00:48:00.124	1.35268				2
2025.07.23	00:48:01.361	1.35264	1.35339			6
2025.07.23	00:48:05.368	1.35266				2
2025.07.23	00:48:08.136	1.35267				2
2025.07.23	00:48:09.981	1.35268				2
2025.07.23	00:48:23.518	1.35262				2
2025.07.23	00:48:26.583	1.35263				2
2025.07.23	00:48:26.887	1.35267				2
2025.07.23	00:48:27.201	1.35275	1.35336			6
2025.07.23	00:48:27.816	1.35274	1.35334			6
2025.07.23	00:48:28.123	1.35265	1.35339			6
2025.07.23	00:48:29.660	1.35270	1.35336			6
2025.07.23	00:48:32.743	1.35267	1.35333			6
2025.07.23	00:48:33.046	1.35269				2
2025.07.23	00:48:39.805	1.35267	1.35331			6
2025.07.23	00:48:41.958		1.35339			4
2025.07.23	00:48:42.262	1.35269	1.35337			6
2025.07.23	00:48:42.874		1.35331			4
2025.07.23	00:48:43.180		1.35332			4
2025.07.23	00:48:43.797	1.35268	1.35331			6
2025.07.23	00:48:44.103	1.35266	1.35334			6
2025.07.23	00:48:45.944	1.35271	1.35339			6
2025.07.23	00:48:46.253		1.35332			4
2025.07.23	00:48:46.558	1.35269				2
2025.07.23	00:48:52.696	1.35268	1.35330			6
2025.07.23	00:48:52.997	1.35266	1.35329			6
2025.07.23	00:48:53.303	1.35264	1.35339			6
2025.07.23	00:48:55.765	1.35265	1.35338			6
2025.07.23	00:48:57.911	1.35270	1.35336			6
2025.07.23	00:48:58.833	1.35269				2
2025.07.23	00:48:59.139		1.35335			4
2025.07.23	00:49:00.059	1.35269				2
2025.07.23	00:49:04.044	1.35271	1.35334			6
2025.07.23	00:49:08.656	1.35272	1.35335			6
2025.07.23	00:49:10.190	1.35268	1.35339			6
2025.07.23	00:49:10.496	1.35274	1.35338			6
2025.07.23	00:49:10.805	1.35273	1.35339			6
2025.07.23	00:49:11.114		1.35338			4
2025.07.23	00:49:11.423	1.35272	1.35334			6
2025.07.23	00:49:15.106	1.35269	1.35338			6
2025.07.23	00:49:15.409		1.35334			4
2025.07.23	00:49:18.182		1.35336			4
2025.07.23	00:49:18.788	1.35266	1.35335			6
2025.07.23	00:49:19.709	1.35262	1.35339			6
2025.07.23	00:49:20.022	1.35264				2
2025.07.23	00:49:20.327	1.35268				2
2025.07.23	00:49:21.860	1.35273	1.35335			6
2025.07.23	00:49:22.169	1.35275	1.35334			6
2025.07.23	00:49:23.089	1.35269	1.35338			6
2025.07.23	00:49:23.396	1.35275	1.35334			6
2025.07.23	00:49:23.709	1.35276	1.35335			6
2025.07.23	00:49:24.322	1.35268	1.35339			6
2025.07.23	00:49:29.543	1.35267				2
2025.07.23	00:49:34.153	1.35268				2
2025.07.23	00:49:38.142	1.35275	1.35334			6
2025.07.23	00:49:39.378	1.35268	1.35339			6
2025.07.23	00:49:39.989	1.35269				2
2025.07.23	00:49:40.901	1.35268				2
2025.07.23	00:49:43.363	1.35267				2
2025.07.23	00:49:44.288	1.35268				2
2025.07.23	00:49:51.677	1.35269				2
2025.07.23	00:49:53.821	1.35272				2
2025.07.23	00:49:54.127	1.35270				2
2025.07.23	00:50:00.288	1.35270				2
2025.07.23	00:50:08.305	1.35271				2
2025.07.23	00:50:08.607	1.35270				2
2025.07.23	00:50:15.989	1.35268				2
2025.07.23	00:50:18.756	1.35269				2
2025.07.23	00:50:20.290	1.35272				2
2025.07.23	00:50:25.221	1.35275				2
2025.07.23	00:50:26.142	1.35271				2
2025.07.23	00:50:31.679	1.35270				2
2025.07.23	00:50:38.752	1.35273				2
2025.07.23	00:50:39.060	1.35272				2
2025.07.23	00:50:39.672		1.35339			4
2025.07.23	00:50:39.979	1.35271				2
2025.07.23	00:50:40.293	1.35270				2
2025.07.23	00:50:40.909	1.35271				2
2025.07.23	00:50:44.907	1.35273				2
2025.07.23	00:50:48.598	1.35271				2
2025.07.23	00:50:51.070	1.35272				2
2025.07.23	00:50:55.987	1.35274				2
2025.07.23	00:50:56.300	1.35273				2
2025.07.23	00:50:56.909	1.35272				2
2025.07.23	00:51:00.296	1.35272				2
2025.07.23	00:51:12.610	1.35274				2
2025.07.23	00:51:18.148	1.35277				2
2025.07.23	00:51:18.455	1.35274				2
2025.07.23	00:51:19.988	1.35275				2
2025.07.23	00:51:21.221	1.35273				2
2025.07.23	00:51:22.438	1.35274				2
2025.07.23	00:51:25.815	1.35275				2
2025.07.23	00:51:27.355	1.35276				2
2025.07.23	00:51:34.425	1.35277				2
2025.07.23	00:51:39.968		1.35339			4
2025.07.23	00:51:47.053	1.35276				2
2025.07.23	00:52:00.285	1.35276				2
2025.07.23	00:52:08.907	1.35279				2
2025.07.23	00:52:09.212	1.35278				2
2025.07.23	00:52:10.136	1.35276				2
2025.07.23	00:52:27.364	1.35278				2
2025.07.23	00:52:31.677	1.35269	1.35314			6
2025.07.23	00:52:34.752	1.35270				2
2025.07.23	00:52:40.300	1.35271				2
2025.07.23	00:52:51.695	1.35273				2
2025.07.23	00:52:52.003	1.35271				2
2025.07.23	00:53:00.009	1.35271				2
2025.07.23	00:53:05.567	1.35270				2
2025.07.23	00:53:07.104	1.35269				2
2025.07.23	00:53:08.960	1.35270				2
2025.07.23	00:53:10.801	1.35271				2
2025.07.23	00:53:11.112	1.35270				2
2025.07.23	00:53:17.877	1.35271				2
2025.07.23	00:53:25.265	1.35270				2
2025.07.23	00:53:31.732		1.35314			4
2025.07.23	00:53:35.430	1.35271	1.35319			6
2025.07.23	00:53:57.908	1.35270				2
2025.07.23	00:54:00.057	1.35266				2
2025.07.23	00:54:02.512	1.35267				2
2025.07.23	00:54:02.816	1.35266				2
2025.07.23	00:54:35.710		1.35319			4
2025.07.23	00:54:40.324		1.35314			4
2025.07.23	00:55:00.010	1.35266				2
2025.07.23	00:55:35.344	1.35269				2
2025.07.23	00:55:40.570		1.35314			4
2025.07.23	00:56:00.228	1.35269				2
2025.07.23	00:56:40.743		1.35314			4
2025.07.23	00:56:53.019		1.35318			4
2025.07.23	00:57:00.076	1.35269				2
2025.07.23	00:57:12.370	1.35271	1.35313			6
2025.07.23	00:57:14.515		1.35316			4
2025.07.23	00:57:15.132		1.35317			4
2025.07.23	00:57:15.439		1.35316			4
2025.07.23	00:57:15.748		1.35317			4
2025.07.23	00:57:20.656		1.35318			4
2025.07.23	00:57:24.334		1.35316			4
2025.07.23	00:57:25.874		1.35317			4
2025.07.23	00:57:26.492		1.35318			4
2025.07.23	00:57:27.099		1.35317			4
2025.07.23	00:57:51.332		1.35311			4
2025.07.23	00:58:00.243	1.35271				2
2025.07.23	00:58:11.616	1.35268				2
2025.07.23	00:58:14.074		1.35314			4
2025.07.23	00:58:16.217		1.35312			4
2025.07.23	00:58:17.148		1.35311			4
2025.07.23	00:58:18.980	1.35255	1.35333			6
2025.07.23	00:58:19.285	1.35240	1.35324			6
2025.07.23	00:58:19.602		1.35335			4
2025.07.23	00:58:19.908	1.35251	1.35323			6
2025.07.23	00:58:20.216		1.35322			4
2025.07.23	00:58:20.521	1.35240	1.35317			6
2025.07.23	00:58:20.832	1.35247	1.35305			6
2025.07.23	00:58:21.138	1.35251	1.35314			6
2025.07.23	00:58:21.448	1.35248	1.35312			6
2025.07.23	00:58:21.752	1.35250	1.35308			6
2025.07.23	00:58:22.060	1.35248	1.35309			6
2025.07.23	00:58:22.370	1.35249				2
2025.07.23	00:58:23.601	1.35245	1.35304			6
2025.07.23	00:58:23.911	1.35252	1.35310			6
2025.07.23	00:58:24.223	1.35251	1.35309			6
2025.07.23	00:58:24.527	1.35252	1.35310			6
2025.07.23	00:58:24.836	1.35251	1.35309			6
2025.07.23	00:58:25.141	1.35246	1.35304			6
2025.07.23	00:58:25.448	1.35251	1.35309			6
2025.07.23	00:58:26.985	1.35240				2
2025.07.23	00:58:27.291	1.35241	1.35303			6
2025.07.23	00:58:27.907	1.35240	1.35305			6
2025.07.23	00:58:28.217	1.35242	1.35307			6
2025.07.23	00:58:28.823	1.35241	1.35305			6
2025.07.23	00:58:29.132	1.35242	1.35303			6
2025.07.23	00:58:29.438	1.35245				2
2025.07.23	00:58:32.523	1.35246	1.35304			6
2025.07.23	00:58:34.365	1.35244	1.35302			6
2025.07.23	00:58:35.287	1.35248	1.35306			6
2025.07.23	00:58:35.597	1.35246	1.35304			6
2025.07.23	00:58:36.826	1.35245	1.35303			6
2025.07.23	00:58:37.130	1.35244	1.35302			6
2025.07.23	00:58:38.052	1.35243	1.35301			6
2025.07.23	00:58:38.362	1.35240	1.35307			6
2025.07.23	00:58:38.673		1.35300			4
2025.07.23	00:58:38.977		1.35302			4
2025.07.23	00:58:39.286	1.35238	1.35296			6
2025.07.23	00:58:39.594	1.35240	1.35299			6
2025.07.23	00:58:40.824	1.35241				2
2025.07.23	00:58:42.360	1.35242	1.35300			6
2025.07.23	00:58:43.284	1.35241	1.35299			6
2025.07.23	00:58:44.211	1.35240	1.35298			6
2025.07.23	00:58:44.827		1.35305			4
2025.07.23	00:58:46.979		1.35306			4
2025.07.23	00:58:48.205		1.35301			4
2025.07.23	00:58:50.959		1.35300			4
2025.07.23	00:58:53.414		1.35299			4
2025.07.23	00:58:54.640	1.35238	1.35296			6
2025.07.23	00:58:54.946	1.35239	1.35297			6
2025.07.23	00:58:56.482	1.35240	1.35301			6
2025.07.23	00:58:56.786	1.35234	1.35292			6
2025.07.23	00:58:57.706	1.35240	1.35308			6
2025.07.23	00:58:58.010	1.35233	1.35291			6
2025.07.23	00:59:00.158	1.35240	1.35303			6
2025.07.23	00:59:00.463		1.35304			4
2025.07.23	00:59:00.771		1.35305			4
2025.07.23	00:59:01.080	1.35239	1.35297			6
2025.07.23	00:59:01.385	1.35237	1.35292			6
2025.07.23	00:59:01.697		1.35293			4
2025.07.23	00:59:02.003	1.35240	1.35301			6
2025.07.23	00:59:02.312	1.35234	1.35292			6
2025.07.23	00:59:02.621	1.35235	1.35293			6
2025.07.23	00:59:02.930	1.35237	1.35291			6
2025.07.23	00:59:03.238		1.35294			4
2025.07.23	00:59:03.545		1.35293			4
2025.07.23	00:59:04.166		1.35292			4
2025.07.23	00:59:05.086		1.35291			4
2025.07.23	00:59:06.007		1.35292			4
2025.07.23	00:59:06.312	1.35241	1.35299			6
2025.07.23	00:59:06.618	1.35240	1.35298			6
2025.07.23	00:59:07.851	1.35237	1.35291			6
2025.07.23	00:59:08.163	1.35240	1.35313			6
2025.07.23	00:59:09.081		1.35315			4
2025.07.23	00:59:10.623		1.35316			4
2025.07.23	00:59:10.929		1.35315			4
2025.07.23	00:59:13.080		1.35314			4
2025.07.23	00:59:13.387		1.35318			4
2025.07.23	00:59:14.312		1.35314			4
2025.07.23	00:59:14.624	1.35236	1.35289			6
2025.07.23	00:59:14.930		1.35287			4
2025.07.23	00:59:15.240		1.35286			4
2025.07.23	00:59:15.858		1.35285			4
2025.07.23	00:59:18.022	1.35240	1.35318			6
2025.07.23	00:59:18.636		1.35324			4
2025.07.23	00:59:18.941	1.35239	1.35321			6
2025.07.23	00:59:19.869	1.35236	1.35289			6
2025.07.23	00:59:21.100	1.35239	1.35316			6
2025.07.23	00:59:21.411		1.35320			4
2025.07.23	00:59:22.024		1.35318			4
2025.07.23	00:59:23.869		1.35315			4
2025.07.23	00:59:25.401		1.35319			4
2025.07.23	00:59:27.247		1.35317			4
2025.07.23	00:59:29.395	1.35236	1.35289			6
2025.07.23	00:59:29.704		1.35291			4
2025.07.23	00:59:30.318	1.35239	1.35317			6
2025.07.23	00:59:32.474	1.35236	1.35289			6
2025.07.23	00:59:32.780		1.35292			4
2025.07.23	00:59:33.093	1.35239	1.35318			6
2025.07.23	00:59:34.015		1.35320			4
2025.07.23	00:59:34.322		1.35318			4
2025.07.23	00:59:35.866		1.35319			4
2025.07.23	00:59:37.097		1.35316			4
2025.07.23	00:59:38.028		1.35319			4
2025.07.23	00:59:39.564		1.35318			4
2025.07.23	00:59:40.175		1.35319			4
2025.07.23	00:59:40.786	1.35236	1.35286			6
2025.07.23	00:59:42.308	1.35239	1.35315			6
2025.07.23	00:59:43.864		1.35320			4
2025.07.23	00:59:44.168	1.35236	1.35289			6
2025.07.23	00:59:44.478		1.35288			4
2025.07.23	00:59:45.083	1.35239	1.35316			6
2025.07.23	00:59:47.242		1.35318			4
2025.07.23	00:59:51.828		1.35299			4
2025.07.23	00:59:54.593	1.35236	1.35291			6
2025.07.23	00:59:54.897	1.35239	1.35299			6
2025.07.23	00:59:56.430	1.35236	1.35291			6
2025.07.23	00:59:56.737	1.35239	1.35299			6
2025.07.23	00:59:57.672		1.35314			4
2025.07.23	00:59:58.292		1.35302			4
2025.07.23	01:00:00.130	1.35227	1.35319			6
2025.07.23	01:00:00.431	1.35224	1.35290			6
2025.07.23	01:00:00.732	1.35229				2
2025.07.23	01:00:01.036		1.35288			4
2025.07.23	01:00:01.342	1.35237	1.35289			6
2025.07.23	01:00:01.651	1.35242	1.35294			6
2025.07.23	01:00:01.957	1.35229	1.35295			6
2025.07.23	01:00:02.266	1.35238	1.35294			6
2025.07.23	01:00:02.567	1.35249	1.35292			6
2025.07.23	01:00:02.868	1.35247	1.35291			6
2025.07.23	01:00:03.172	1.35248				2
2025.07.23	01:00:03.473	1.35249				2
2025.07.23	01:00:03.776	1.35247	1.35292			6
2025.07.23	01:00:04.079	1.35249	1.35291			6
2025.07.23	01:00:04.684	1.35250	1.35292			6
2025.07.23	01:00:04.985	1.35252	1.35293			6
2025.07.23	01:00:05.290	1.35272	1.35280			6
2025.07.23	01:00:05.601	1.35253	1.35292			6
2025.07.23	01:00:05.906	1.35251	1.35290			6
2025.07.23	01:00:06.212	1.35250	1.35294			6
2025.07.23	01:00:06.522		1.35292			4
2025.07.23	01:00:06.830	1.35252	1.35296			6
2025.07.23	01:00:07.138	1.35253	1.35298			6
2025.07.23	01:00:07.451		1.35297			4
2025.07.23	01:00:07.754		1.35296			4
2025.07.23	01:00:08.055		1.35297			4
2025.07.23	01:00:08.666		1.35296			4
2025.07.23	01:00:09.283		1.35297			4
2025.07.23	01:00:09.589	1.35246	1.35298			6
2025.07.23	01:00:09.891	1.35255	1.35296			6
2025.07.23	01:00:10.194		1.35297			4
2025.07.23	01:00:10.501		1.35296			4
2025.07.23	01:00:10.809		1.35298			4
2025.07.23	01:00:11.115		1.35297			4
2025.07.23	01:00:11.423		1.35296			4
2025.07.23	01:00:11.724		1.35297			4
2025.07.23	01:00:12.033		1.35298			4
2025.07.23	01:00:12.341		1.35299			4
2025.07.23	01:00:13.257		1.35298			4
2025.07.23	01:00:14.165		1.35296			4
2025.07.23	01:00:14.469		1.35295			4
2025.07.23	01:00:15.085		1.35296			4
2025.07.23	01:00:15.394		1.35295			4
2025.07.23	01:00:16.001		1.35296			4
2025.07.23	01:00:16.916	1.35256	1.35294			6
2025.07.23	01:00:17.224		1.35296			4
2025.07.23	01:00:17.837	1.35277	1.35289			6
2025.07.23	01:00:18.140	1.35276	1.35288			6
2025.07.23	01:00:21.795	1.35272	1.35281			6
2025.07.23	01:00:22.721	1.35273				2
2025.07.23	01:00:23.340	1.35268	1.35277			6
2025.07.23	01:00:23.645	1.35267	1.35279			6
2025.07.23	01:00:24.255	1.35266	1.35277			6
2025.07.23	01:00:25.792	1.35265	1.35278			6
2025.07.23	01:00:30.079	1.35266				2
2025.07.23	01:00:33.141		1.35279			4
2025.07.23	01:00:36.210		1.35280			4
2025.07.23	01:00:41.414	1.35268	1.35278			6
2025.07.23	01:00:42.938		1.35279			4
2025.07.23	01:00:43.858		1.35278			4
2025.07.23	01:00:45.380		1.35279			4
2025.07.23	01:00:45.682		1.35271			4
2025.07.23	01:00:45.983		1.35270			4
2025.07.23	01:00:47.201		1.35279			4
2025.07.23	01:00:50.882		1.35271			4
2025.07.23	01:00:51.185		1.35279			4
2025.07.23	01:00:51.793		1.35271			4
2025.07.23	01:00:52.407	1.35272	1.35280			6
2025.07.23	01:00:52.715	1.35273	1.35281			6
2025.07.23	01:00:55.788		1.35280			4
2025.07.23	01:00:56.090	1.35265	1.35272			6
2025.07.23	01:00:56.698	1.35260	1.35271			6
2025.07.23	01:00:57.003	1.35257	1.35267			6
2025.07.23	01:00:57.315	1.35263	1.35271			6
2025.07.23	01:00:57.624	1.35261				2
2025.07.23	01:00:58.845	1.35264				2
2025.07.23	01:00:59.156		1.35272			4
2025.07.23	01:01:00.061	1.35264				2
2025.07.23	01:01:00.364	1.35266	1.35269			6
2025.07.23	01:01:01.898	1.35267	1.35270			6
2025.07.23	01:01:02.511	1.35266	1.35269			6
2025.07.23	01:01:03.120	1.35267	1.35270			6
2025.07.23	01:01:24.769	1.35266	1.35269			6
2025.07.23	01:01:25.077	1.35265	1.35268			6
2025.07.23	01:01:25.386	1.35266	1.35269			6
2025.07.23	01:01:35.198	1.35265	1.35268			6
2025.07.23	01:01:43.155		1.35267			4
2025.07.23	01:01:43.460	1.35262	1.35265			6
2025.07.23	01:01:44.375	1.35263	1.35266			6
2025.07.23	01:01:45.300	1.35266	1.35269			6
2025.07.23	01:01:45.600	1.35265	1.35267			6
2025.07.23	01:01:46.215		1.35268			4
2025.07.23	01:01:48.337	1.35263	1.35266			6
2025.07.23	01:01:51.690	1.35264	1.35267			6
2025.07.23	01:01:52.001	1.35261	1.35264			6
2025.07.23	01:01:52.308	1.35262	1.35265			6
2025.07.23	01:01:52.920	1.35261	1.35264			6
2025.07.23	01:01:53.233	1.35262	1.35265			6
2025.07.23	01:01:53.841	1.35261	1.35264			6
2025.07.23	01:01:59.628	1.35263	1.35266			6
2025.07.23	01:02:00.235	1.35263				2
2025.07.23	01:02:00.548	1.35262	1.35265			6
2025.07.23	01:02:00.858	1.35261	1.35264			6
2025.07.23	01:02:01.778	1.35262	1.35265			6
2025.07.23	01:02:02.392	1.35263	1.35266			6
2025.07.23	01:02:04.526	1.35262	1.35265			6
2025.07.23	01:02:04.833	1.35263	1.35266			6
2025.07.23	01:02:06.366	1.35264	1.35267			6
2025.07.23	01:02:06.677	1.35263	1.35266			6
2025.07.23	01:02:07.596	1.35262	1.35265			6
2025.07.23	01:02:07.898	1.35263	1.35266			6
2025.07.23	01:02:08.210	1.35262	1.35265			6
2025.07.23	01:02:08.524	1.35263	1.35266			6
2025.07.23	01:02:09.432	1.35262	1.35265			6
2025.07.23	01:02:11.267	1.35261	1.35264			6
2025.07.23	01:02:14.034	1.35262	1.35265			6
2025.07.23	01:02:20.156	1.35264	1.35267			6
2025.07.23	01:02:26.592	1.35263	1.35266			6
2025.07.23	01:02:30.259	1.35262	1.35265			6
2025.07.23	01:02:30.570	1.35261	1.35264			6
2025.07.23	01:02:31.181	1.35262	1.35265			6
2025.07.23	01:02:40.367	1.35264	1.35267			6
2025.07.23	01:02:41.292	1.35262	1.35265			6
2025.07.23	01:02:45.278	1.35261	1.35264			6
2025.07.23	01:02:46.501	1.35262	1.35265			6
2025.07.23	01:02:54.161	1.35261	1.35264			6
2025.07.23	01:02:55.386	1.35262	1.35265			6
2025.07.23	01:03:00.293	1.35262				2
2025.07.23	01:03:05.808	1.35261	1.35264			6
2025.07.23	01:03:06.718	1.35262	1.35265			6
2025.07.23	01:03:07.031	1.35261	1.35264			6
2025.07.23	01:03:15.262	1.35262	1.35265			6
2025.07.23	01:03:15.571	1.35261	1.35264			6
2025.07.23	01:03:29.035	1.35262	1.35265			6
2025.07.23	01:03:29.342	1.35261	1.35264			6
2025.07.23	01:03:31.793	1.35262	1.35265			6
2025.07.23	01:03:32.102	1.35261				2
2025.07.23	01:03:32.720	1.35262	1.35266			6
2025.07.23	01:03:34.254		1.35265			4
2025.07.23	01:03:35.167	1.35263	1.35266			6
2025.07.23	01:03:36.696	1.35262	1.35265			6
2025.07.23	01:03:38.218	1.35263	1.35266			6
2025.07.23	01:03:39.435	1.35262	1.35265			6
2025.07.23	01:03:47.346	1.35261	1.35264			6
2025.07.23	01:03:49.159	1.35262	1.35265			6
2025.07.23	01:03:52.809	1.35260	1.35263			6
2025.07.23	01:03:54.342		1.35264			4
2025.07.23	01:04:00.153	1.35260				2
2025.07.23	01:04:00.760	1.35261	1.35265			6
2025.07.23	01:04:01.377	1.35262				2
2025.07.23	01:04:01.683	1.35261	1.35264			6
2025.07.23	01:04:02.292		1.35265			4
2025.07.23	01:04:03.209	1.35262	1.35266			6
2025.07.23	01:04:07.193		1.35265			4
2025.07.23	01:04:10.868	1.35263	1.35266			6
2025.07.23	01:04:19.115	1.35262	1.35265			6
2025.07.23	01:04:21.869	1.35263	1.35266			6
2025.07.23	01:04:22.174	1.35262	1.35265			6
2025.07.23	01:04:29.797	1.35263	1.35266			6
2025.07.23	01:04:33.804	1.35262	1.35265			6
2025.07.23	01:04:37.180	1.35263	1.35266			6
2025.07.23	01:04:37.786	1.35262	1.35265			6
2025.07.23	01:04:44.163	1.35263	1.35266			6
2025.07.23	01:04:45.375	1.35261	1.35268			6
2025.07.23	01:04:46.293	1.35265	1.35271			6
2025.07.23	01:04:47.218	1.35263	1.35273			6
2025.07.23	01:04:48.135	1.35262				2
2025.07.23	01:04:49.362	1.35263				2
2025.07.23	01:04:50.286		1.35272			4
2025.07.23	01:04:51.205	1.35264				2
2025.07.23	01:04:52.122		1.35271			4
2025.07.23	01:04:53.355	1.35265				2
2025.07.23	01:04:54.271		1.35270			4
2025.07.23	01:04:55.194	1.35266				2
2025.07.23	01:04:57.337		1.35269			4
2025.07.23	01:05:00.078	1.35266				2
2025.07.23	01:05:12.257	1.35276	1.35279			6
2025.07.23	01:05:12.560	1.35274	1.35277			6
2025.07.23	01:05:13.163	1.35272	1.35281			6
2025.07.23	01:05:16.226		1.35280			4
2025.07.23	01:05:16.532		1.35278			4
2025.07.23	01:05:16.835	1.35270				2
2025.07.23	01:05:19.290		1.35277			4
2025.07.23	01:05:21.121		1.35276			4
2025.07.23	01:05:22.044		1.35275			4
2025.07.23	01:05:23.277		1.35274			4
2025.07.23	01:05:25.428		1.35275			4
2025.07.23	01:05:26.349	1.35271				2
2025.07.23	01:05:27.267	1.35270	1.35274			6
2025.07.23	01:05:29.093	1.35271				2
2025.07.23	01:05:30.320	1.35270	1.35273			6
2025.07.23	01:05:32.164	1.35268	1.35271			6
2025.07.23	01:05:32.773	1.35269	1.35272			6
2025.07.23	01:05:33.079	1.35268	1.35271			6
2025.07.23	01:05:33.385	1.35269	1.35272			6
2025.07.23	01:05:35.836	1.35268	1.35271			6
2025.07.23	01:05:39.502	1.35269	1.35272			6
2025.07.23	01:05:41.624	1.35268	1.35271			6
2025.07.23	01:05:41.931	1.35269	1.35272			6
2025.07.23	01:05:44.071	1.35271	1.35274			6
2025.07.23	01:05:50.168	1.35270	1.35273			6
2025.07.23	01:05:50.784	1.35271	1.35274			6
2025.07.23	01:05:52.016	1.35272	1.35275			6
2025.07.23	01:05:53.553	1.35271	1.35274			6
2025.07.23	01:05:54.775	1.35270	1.35273			6
2025.07.23	01:05:55.388	1.35271	1.35274			6
2025.07.23	01:05:59.359	1.35272	1.35275			6
2025.07.23	01:06:00.265	1.35272				2
2025.07.23	01:06:00.569	1.35271	1.35274			6
2025.07.23	01:06:01.183	1.35272	1.35275			6
2025.07.23	01:06:02.401	1.35273	1.35276			6
2025.07.23	01:06:05.476	1.35272	1.35275			6
2025.07.23	01:06:06.698	1.35273	1.35276			6
2025.07.23	01:06:25.941	1.35272	1.35275			6
2025.07.23	01:06:28.702	1.35273	1.35276			6
2025.07.23	01:06:29.308	1.35271	1.35274			6
2025.07.23	01:06:32.047	1.35270	1.35273			6
2025.07.23	01:06:33.895	1.35272	1.35275			6
2025.07.23	01:06:40.959	1.35271	1.35274			6
2025.07.23	01:06:43.101	1.35272	1.35275			6
2025.07.23	01:06:43.407	1.35270	1.35273			6
2025.07.23	01:06:54.445	1.35272	1.35275			6
2025.07.23	01:06:59.973	1.35266	1.35269			6
2025.07.23	01:07:00.283	1.35266				2
2025.07.23	01:07:01.202	1.35262	1.35273			6
2025.07.23	01:07:07.328		1.35272			4
2025.07.23	01:07:08.251	1.35263				2
2025.07.23	01:07:09.169		1.35271			4
2025.07.23	01:07:10.395	1.35264	1.35270			6
2025.07.23	01:07:11.319	1.35265				2
2025.07.23	01:07:12.239		1.35269			4
2025.07.23	01:07:14.383	1.35266				2
2025.07.23	01:07:16.836	1.35265	1.35268			6
2025.07.23	01:07:17.145	1.35266	1.35269			6
2025.07.23	01:07:53.282	1.35265	1.35268			6
2025.07.23	01:08:00.011	1.35266	1.35269			6
2025.07.23	01:08:19.331	1.35265	1.35268			6
2025.07.23	01:08:26.721	1.35264	1.35267			6
2025.07.23	01:08:27.339	1.35265	1.35268			6
2025.07.23	01:08:28.262		1.35269			4
2025.07.23	01:08:29.189		1.35270			4
2025.07.23	01:08:29.504	1.35264	1.35269			6
2025.07.23	01:08:31.356	1.35265				2
2025.07.23	01:08:32.282	1.35264	1.35268			6
2025.07.23	01:08:33.210		1.35270			4
2025.07.23	01:08:33.828	1.35263	1.35269			6
2025.07.23	01:08:34.134		1.35268			4
2025.07.23	01:08:36.289	1.35264				2
2025.07.23	01:08:38.764	1.35266	1.35270			6
2025.07.23	01:08:39.377	1.35262	1.35273			6
2025.07.23	01:08:42.155		1.35272			4
2025.07.23	01:08:43.396	1.35263				2
2025.07.23	01:08:44.322		1.35271			4
2025.07.23	01:08:45.254	1.35264	1.35270			6
2025.07.23	01:08:46.181	1.35265				2
2025.07.23	01:08:48.359		1.35269			4
2025.07.23	01:08:50.216	1.35266				2
2025.07.23	01:08:59.408	1.35265	1.35268			6
2025.07.23	01:09:00.016	1.35265				2
2025.07.23	01:09:02.768	1.35266	1.35269			6
2025.07.23	01:09:06.120	1.35265	1.35268			6
2025.07.23	01:09:06.730	1.35266	1.35269			6
2025.07.23	01:09:07.351	1.35265	1.35268			6
2025.07.23	01:09:11.328	1.35266	1.35269			6
2025.07.23	01:09:11.941	1.35265	1.35268			6
2025.07.23	01:09:12.847	1.35266	1.35269			6
2025.07.23	01:09:15.299	1.35265	1.35268			6
2025.07.23	01:09:16.211		1.35271			4
2025.07.23	01:09:17.135	1.35263	1.35273			6
2025.07.23	01:09:19.307		1.35269			4
2025.07.23	01:09:30.130		1.35268			4
2025.07.23	01:09:31.361	1.35264				2
2025.07.23	01:09:33.192		1.35267			4
2025.07.23	01:09:34.410	1.35265	1.35268			6
2025.07.23	01:09:35.324		1.35269			4
2025.07.23	01:09:36.243		1.35268			4
2025.07.23	01:09:36.548	1.35264	1.35267			6
2025.07.23	01:09:37.154		1.35268			4
2025.07.23	01:09:37.457	1.35263	1.35267			6
2025.07.23	01:09:39.291	1.35264				2
2025.07.23	01:09:50.304	1.35265	1.35268			6
2025.07.23	01:09:57.400	1.35266	1.35269			6
2025.07.23	01:10:00.136	1.35265	1.35268			6
2025.07.23	01:10:03.191	1.35266	1.35269			6
2025.07.23	01:10:03.500	1.35265	1.35268			6
2025.07.23	01:10:06.564	1.35264	1.35267			6
2025.07.23	01:10:07.173	1.35265	1.35268			6
2025.07.23	01:10:14.221	1.35264	1.35267			6
2025.07.23	01:10:17.587	1.35265	1.35268			6
2025.07.23	01:10:18.505	1.35263	1.35266			6
2025.07.23	01:10:19.122	1.35264	1.35267			6
2025.07.23	01:10:20.343	1.35263				2
2025.07.23	01:10:21.263	1.35264				2
2025.07.23	01:10:22.787	1.35263	1.35266			6
2025.07.23	01:10:24.017	1.35264	1.35267			6
2025.07.23	01:10:24.322	1.35263				2
2025.07.23	01:10:25.244	1.35262	1.35270			6
2025.07.23	01:10:29.280	1.35263	1.35269			6
2025.07.23	01:10:30.210	1.35262				2
2025.07.23	01:10:31.135	1.35264				2
2025.07.23	01:10:31.751	1.35265	1.35270			6
2025.07.23	01:10:32.366	1.35264	1.35269			6
2025.07.23	01:10:33.283	1.35263	1.35270			6
2025.07.23	01:10:39.789	1.35262	1.35271			6
2025.07.23	01:10:43.206		1.35270			4
2025.07.23	01:10:44.126	1.35264	1.35269			6
2025.07.23	01:10:45.351		1.35268			4
2025.07.23	01:10:46.259	1.35265				2
2025.07.23	01:10:49.008	1.35264	1.35267			6
2025.07.23	01:10:51.152		1.35268			4
2025.07.23	01:10:52.376		1.35267			4
2025.07.23	01:10:54.213	1.35265	1.35268			6
2025.07.23	01:10:55.125	1.35264				2
2025.07.23	01:10:56.337	1.35262	1.35271			6
2025.07.23	01:10:57.258		1.35269			4
2025.07.23	01:10:58.177	1.35263	1.35268			6
2025.07.23	01:10:59.401	1.35265				2
2025.07.23	01:11:00.020	1.35265				2
2025.07.23	01:11:03.365	1.35266	1.35269			6
2025.07.23	01:11:16.225	1.35267	1.35270			6
2025.07.23	01:11:16.539	1.35266	1.35269			6
2025.07.23	01:11:16.839	1.35267	1.35270			6
2025.07.23	01:11:17.445	1.35266	1.35269			6
2025.07.23	01:11:17.750	1.35267	1.35270			6
2025.07.23	01:11:19.261	1.35264	1.35273			6
2025.07.23	01:11:20.181	1.35265	1.35271			6
2025.07.23	01:11:21.095	1.35266	1.35270			6
2025.07.23	01:11:22.328	1.35267				2
2025.07.23	01:11:39.078	1.35266	1.35269			6
2025.07.23	01:11:50.073	1.35267	1.35270			6
2025.07.23	01:11:57.984	1.35266	1.35269			6
2025.07.23	01:12:00.126	1.35266				2
2025.07.23	01:12:02.879	1.35267	1.35270			6
2025.07.23	01:12:03.492	1.35266	1.35269			6
2025.07.23	01:12:08.352	1.35267	1.35270			6
2025.07.23	01:12:09.275	1.35264	1.35272			6
2025.07.23	01:12:10.196	1.35265				2
2025.07.23	01:12:11.118		1.35271			4
2025.07.23	01:12:12.346	1.35266				2
2025.07.23	01:12:13.272		1.35270			4
2025.07.23	01:12:15.123	1.35267				2
2025.07.23	01:12:33.455	1.35266	1.35269			6
2025.07.23	01:12:56.270	1.35267	1.35270			6
2025.07.23	01:13:00.268	1.35267				2
2025.07.23	01:13:02.721	1.35264	1.35267			6
2025.07.23	01:13:03.033	1.35263	1.35266			6
2025.07.23	01:13:03.351	1.35261	1.35271			6
2025.07.23	01:13:09.202		1.35270			4
2025.07.23	01:13:11.348		1.35269			4
2025.07.23	01:13:12.273	1.35262				2
2025.07.23	01:13:13.202		1.35268			4
2025.07.23	01:13:14.134	1.35263				2
2025.07.23	01:13:15.363		1.35267			4
2025.07.23	01:13:18.117	1.35264				2
2025.07.23	01:13:39.441	1.35263	1.35266			6
2025.07.23	01:13:40.361	1.35261	1.35268			6
2025.07.23	01:13:41.283		1.35267			4
2025.07.23	01:13:42.210	1.35262				2
2025.07.23	01:13:43.133		1.35266			4
2025.07.23	01:13:45.291	1.35263				2
2025.07.23	01:13:49.245	1.35264	1.35267			6
2025.07.23	01:13:50.150	1.35263	1.35268			6
2025.07.23	01:13:51.379		1.35267			4
2025.07.23	01:13:51.996	1.35262	1.35266			6
2025.07.23	01:13:52.309	1.35261	1.35269			6
2025.07.23	01:13:53.237		1.35268			4
2025.07.23	01:13:53.553	1.35262	1.35269			6
2025.07.23	01:13:54.171	1.35261	1.35271			6
2025.07.23	01:13:55.398		1.35270			4
2025.07.23	01:13:56.323		1.35269			4
2025.07.23	01:13:57.248	1.35262	1.35268			6
2025.07.23	01:13:58.177	1.35263				2
2025.07.23	01:13:59.107		1.35267			4
2025.07.23	01:14:00.037	1.35263				2
2025.07.23	01:14:00.343	1.35264				2
2025.07.23	01:14:22.939	1.35263	1.35266			6
2025.07.23	01:14:23.250	1.35264	1.35267			6
2025.07.23	01:14:31.500	1.35263	1.35266			6
2025.07.23	01:14:35.445	1.35264	1.35267			6
2025.07.23	01:15:00.289	1.35264				2
2025.07.23	01:15:01.214	1.35263	1.35266			6
2025.07.23	01:15:03.991	1.35265	1.35268			6
2025.07.23	01:15:04.297	1.35270	1.35272			6
2025.07.23	01:15:05.222	1.35268	1.35271			6
2025.07.23	01:15:13.246		1.35270			4
2025.07.23	01:15:14.170		1.35269			4
2025.07.23	01:15:14.786		1.35270			4
2025.07.23	01:15:16.334	1.35267	1.35269			6
2025.07.23	01:15:18.185		1.35268			4
2025.07.23	01:15:20.477		1.35269			4
2025.07.23	01:15:22.323		1.35268			4
2025.07.23	01:15:35.156	1.35266	1.35267			6
2025.07.23	01:15:36.381	1.35267	1.35271			6
2025.07.23	01:15:37.006		1.35270			4
2025.07.23	01:15:40.393		1.35269			4
2025.07.23	01:15:41.312		1.35268			4
2025.07.23	01:15:43.161	1.35266	1.35267			6
2025.07.23	01:15:50.808	1.35267	1.35268			6
2025.07.23	01:15:52.335		1.35269			4
2025.07.23	01:15:53.251		1.35268			4
2025.07.23	01:15:54.174	1.35264	1.35266			6
2025.07.23	01:15:54.481	1.35263				2
2025.07.23	01:15:54.789	1.35264	1.35267			6
2025.07.23	01:15:55.097		1.35270			4
2025.07.23	01:15:56.952		1.35268			4
2025.07.23	01:15:57.268		1.35269			4
2025.07.23	01:15:57.570	1.35261	1.35268			6
2025.07.23	01:16:00.036	1.35261	1.35269			6
2025.07.23	01:16:00.341		1.35268			4
2025.07.23	01:16:00.643		1.35267			4
2025.07.23	01:16:01.269		1.35268			4
2025.07.23	01:16:04.351	1.35263	1.35270			6
2025.07.23	01:16:04.962		1.35271			4
2025.07.23	01:16:05.273	1.35262	1.35269			6
2025.07.23	01:16:06.199	1.35263				2
2025.07.23	01:16:09.276		1.35270			4
2025.07.23	01:16:09.585		1.35269			4
2025.07.23	01:16:10.203	1.35264	1.35272			6
2025.07.23	01:16:10.517		1.35273			4
2025.07.23	01:16:11.139		1.35272			4
2025.07.23	01:16:12.067		1.35273			4
2025.07.23	01:16:14.224		1.35272			4
2025.07.23	01:16:14.538		1.35270			4
2025.07.23	01:16:14.844	1.35265				2
2025.07.23	01:16:18.256	1.35266				2
2025.07.23	01:16:18.558	1.35265				2
2025.07.23	01:16:19.174	1.35266				2
2025.07.23	01:16:20.099	1.35267				2
2025.07.23	01:16:21.024	1.35266				2
2025.07.23	01:16:21.330	1.35267				2
2025.07.23	01:16:23.483		1.35271			4
2025.07.23	01:16:25.318		1.35270			4
2025.07.23	01:16:29.626	1.35268	1.35271			6
2025.07.23	01:16:40.298	1.35267	1.35270			6
2025.07.23	01:16:51.901	1.35268	1.35271			6
2025.07.23	01:16:55.872	1.35267	1.35270			6
2025.07.23	01:17:00.145	1.35267				2
2025.07.23	01:17:34.090	1.35259	1.35262			6
2025.07.23	01:17:35.312	1.35255	1.35263			6
2025.07.23	01:17:36.541	1.35253				2
2025.07.23	01:17:39.019	1.35254				2
2025.07.23	01:17:40.568	1.35253				2
2025.07.23	01:17:41.192	1.35254				2
2025.07.23	01:17:41.497	1.35255				2
2025.07.23	01:17:41.804	1.35254				2
2025.07.23	01:17:43.362	1.35255				2
2025.07.23	01:17:44.284		1.35262			4
2025.07.23	01:17:45.206	1.35256				2
2025.07.23	01:17:46.129		1.35261			4
2025.07.23	01:17:47.360	1.35257				2
2025.07.23	01:17:50.109	1.35258				2
2025.07.23	01:18:00.176	1.35258				2
2025.07.23	01:18:45.106	1.35257	1.35260			6
2025.07.23	01:18:45.411	1.35258	1.35261			6
2025.07.23	01:18:49.084	1.35257	1.35260			6
2025.07.23	01:19:00.110	1.35257				2
2025.07.23	01:19:01.033	1.35258	1.35261			6
2025.07.23	01:19:01.951	1.35260	1.35263			6
2025.07.23	01:19:02.563	1.35266	1.35269			6
2025.07.23	01:19:03.181		1.35272			4
2025.07.23	01:19:06.552	1.35269	1.35273			6
2025.07.23	01:19:08.704		1.35272			4
2025.07.23	01:19:09.011		1.35271			4
2025.07.23	01:19:09.932	1.35268	1.35269			6
2025.07.23	01:19:10.242	1.35261	1.35267			6
2025.07.23	01:19:10.553	1.35260				2
2025.07.23	01:19:10.858	1.35267	1.35270			6
2025.07.23	01:19:11.167		1.35269			4
2025.07.23	01:19:12.081		1.35270			4
2025.07.23	01:19:12.388		1.35269			4
2025.07.23	01:19:14.223		1.35268			4
2025.07.23	01:19:16.371	1.35266				2
2025.07.23	01:19:18.820		1.35269			4
2025.07.23	01:19:19.120		1.35268			4
2025.07.23	01:19:21.876		1.35269			4
2025.07.23	01:19:47.836	1.35267	1.35270			6
2025.07.23	01:19:48.151	1.35266	1.35269			6
2025.07.23	01:20:00.032	1.35266				2
2025.07.23	01:20:00.333	1.35268	1.35271			6
2025.07.23	01:20:05.812	1.35269	1.35272			6
2025.07.23	01:20:24.563	1.35268	1.35271			6
2025.07.23	01:20:37.234	1.35269	1.35272			6
2025.07.23	01:20:57.272	1.35268	1.35271			6
2025.07.23	01:21:00.030	1.35268				2
2025.07.23	01:21:00.649	1.35267	1.35270			6
2025.07.23	01:21:00.956	1.35268	1.35271			6
2025.07.23	01:21:13.928	1.35269	1.35272			6
2025.07.23	01:21:16.708	1.35268	1.35271			6
2025.07.23	01:21:17.012	1.35269	1.35272			6
2025.07.23	01:21:17.635	1.35268	1.35271			6
2025.07.23	01:21:17.941	1.35269	1.35272			6
2025.07.23	01:21:19.182	1.35268	1.35271			6
2025.07.23	01:21:19.491	1.35269	1.35272			6
2025.07.23	01:21:27.869	1.35268	1.35271			6
2025.07.23	01:21:29.740	1.35269	1.35272			6
2025.07.23	01:21:31.293	1.35268				2
2025.07.23	01:21:32.224	1.35269				2
2025.07.23	01:21:32.532	1.35268	1.35271			6
2025.07.23	01:21:32.844	1.35269	1.35272			6
2025.07.23	01:21:33.148	1.35268	1.35271			6
2025.07.23	01:21:33.460	1.35269	1.35272			6
2025.07.23	01:21:33.775	1.35268	1.35271			6
2025.07.23	01:21:34.078	1.35269	1.35272			6
2025.07.23	01:21:34.384	1.35268				2
2025.07.23	01:21:35.315	1.35269				2
2025.07.23	01:21:35.932	1.35268	1.35271			6
2025.07.23	01:21:36.240		1.35272			4
2025.07.23	01:21:38.099		1.35271			4
2025.07.23	01:21:38.403	1.35269	1.35272			6
2025.07.23	01:21:38.718	1.35268	1.35271			6
2025.07.23	01:21:39.023	1.35269	1.35272			6
2025.07.23	01:21:39.330	1.35268				2
2025.07.23	01:21:41.195		1.35271			4
2025.07.23	01:21:41.506	1.35269	1.35272			6
2025.07.23	01:21:41.817	1.35268	1.35271			6
2025.07.23	01:21:42.120		1.35272			4
2025.07.23	01:21:44.279		1.35271			4
2025.07.23	01:21:44.585	1.35269	1.35272			6
2025.07.23	01:21:45.204	1.35268				2
2025.07.23	01:21:47.366		1.35271			4
2025.07.23	01:21:47.674	1.35269	1.35272			6
2025.07.23	01:21:49.215	1.35268				2
2025.07.23	01:21:51.373	1.35269				2
2025.07.23	01:22:00.005	1.35269				2
2025.07.23	01:22:19.134	1.35268	1.35271			6
2025.07.23	01:22:21.602	1.35269	1.35272			6
2025.07.23	01:22:23.144	1.35268	1.35273			6
2025.07.23	01:22:24.385		1.35272			4
2025.07.23	01:22:25.310	1.35269				2
2025.07.23	01:22:25.925	1.35268	1.35271			6
2025.07.23	01:22:27.156	1.35267	1.35272			6
2025.07.23	01:22:28.381	1.35268				2
2025.07.23	01:22:30.237		1.35271			4
2025.07.23	01:22:50.916	1.35269	1.35272			6
2025.07.23	01:22:52.765	1.35268	1.35271			6
2025.07.23	01:22:54.311	1.35265	1.35272			6
2025.07.23	01:22:58.012	1.35266				2
2025.07.23	01:22:58.320	1.35267				2
2025.07.23	01:22:59.246	1.35265				2
2025.07.23	01:23:00.172	1.35265				2
2025.07.23	01:23:02.949	1.35267	1.35273			6
2025.07.23	01:23:04.798		1.35272			4
2025.07.23	01:23:08.200	1.35266				2
2025.07.23	01:23:10.046	1.35268	1.35273			6
2025.07.23	01:23:13.136	1.35277	1.35278			6
2025.07.23	01:23:13.446	1.35272				2
2025.07.23	01:23:14.067	1.35270				2
2025.07.23	01:23:14.377	1.35271				2
2025.07.23	01:23:15.604	1.35270				2
2025.07.23	01:23:15.914	1.35271				2
2025.07.23	01:23:17.456	1.35270				2
2025.07.23	01:23:18.377	1.35271				2
2025.07.23	01:23:20.235	1.35272				2
2025.07.23	01:23:21.159	1.35273				2
2025.07.23	01:23:22.398	1.35274				2
2025.07.23	01:23:23.321	1.35273				2
2025.07.23	01:23:24.244	1.35272				2
2025.07.23	01:23:25.171	1.35271				2
2025.07.23	01:23:26.406	1.35272				2
2025.07.23	01:23:27.330		1.35277			4
2025.07.23	01:23:28.257	1.35273				2
2025.07.23	01:23:30.098	1.35276	1.35278			6
2025.07.23	01:23:31.014	1.35275				2
2025.07.23	01:23:31.319	1.35273				2
2025.07.23	01:23:34.096	1.35274				2
2025.07.23	01:23:35.331	1.35275				2
2025.07.23	01:23:36.256	1.35274				2
2025.07.23	01:23:37.174	1.35275				2
2025.07.23	01:23:37.476	1.35276	1.35279			6
2025.07.23	01:23:37.778	1.35277	1.35281			6
2025.07.23	01:23:38.390	1.35276	1.35282			6
2025.07.23	01:23:39.329	1.35277				2
2025.07.23	01:23:40.257		1.35281			4
2025.07.23	01:23:40.561	1.35279	1.35282			6
2025.07.23	01:23:40.863	1.35278				2
2025.07.23	01:23:44.208	1.35279				2
2025.07.23	01:23:47.268	1.35278	1.35281			6
2025.07.23	01:24:00.081	1.35278				2
2025.07.23	01:24:00.990	1.35279	1.35282			6
2025.07.23	01:24:01.294	1.35278	1.35281			6
2025.07.23	01:24:08.324	1.35279	1.35282			6
2025.07.23	01:24:17.435	1.35278	1.35281			6
2025.07.23	01:25:00.188	1.35278				2
2025.07.23	01:25:17.731		1.35281			4
2025.07.23	01:25:23.896	1.35276	1.35279			6
2025.07.23	01:25:24.205	1.35274	1.35282			6
2025.07.23	01:25:30.374		1.35281			4
2025.07.23	01:25:31.303	1.35275				2
2025.07.23	01:25:32.231		1.35280			4
2025.07.23	01:25:34.389	1.35276				2
2025.07.23	01:25:37.158		1.35279			4
2025.07.23	01:25:52.170	1.35277	1.35280			6
2025.07.23	01:25:52.482	1.35275	1.35278			6
2025.07.23	01:25:53.398	1.35276	1.35279			6
2025.07.23	01:26:00.149	1.35276				2
2025.07.23	01:26:16.678	1.35277	1.35280			6
2025.07.23	01:26:20.054	1.35276	1.35279			6
2025.07.23	01:26:20.357		1.35280			4
2025.07.23	01:26:22.192		1.35279			4
2025.07.23	01:26:52.290	1.35277	1.35280			6
2025.07.23	01:26:52.593	1.35276	1.35279			6
2025.07.23	01:26:53.208		1.35280			4
2025.07.23	01:26:54.126	1.35275	1.35282			6
2025.07.23	01:26:56.270		1.35281			4
2025.07.23	01:26:58.110		1.35280			4
2025.07.23	01:27:00.251	1.35276				2
2025.07.23	01:27:02.396		1.35279			4
2025.07.23	01:27:04.234	1.35275	1.35278			6
2025.07.23	01:27:04.846	1.35276	1.35279			6
2025.07.23	01:27:06.386	1.35275	1.35281			6
2025.07.23	01:27:07.304		1.35282			4
2025.07.23	01:27:11.291		1.35281			4
2025.07.23	01:27:13.128		1.35280			4
2025.07.23	01:27:14.356	1.35276				2
2025.07.23	01:27:15.268		1.35279			4
2025.07.23	01:27:15.576		1.35277			4
2025.07.23	01:27:23.223		1.35279			4
2025.07.23	01:27:23.530	1.35277	1.35280			6
2025.07.23	01:27:24.133		1.35279			4
2025.07.23	01:27:24.436	1.35276				2
2025.07.23	01:27:42.474	1.35275	1.35278			6
2025.07.23	01:27:42.781	1.35276	1.35279			6
2025.07.23	01:27:43.088	1.35275	1.35278			6
2025.07.23	01:27:43.394	1.35276	1.35279			6
2025.07.23	01:27:43.704	1.35275	1.35278			6
2025.07.23	01:27:44.011	1.35276	1.35279			6
2025.07.23	01:27:47.380		1.35278			4
2025.07.23	01:27:53.209		1.35279			4
2025.07.23	01:27:53.510		1.35278			4
2025.07.23	01:28:00.255	1.35276				2
2025.07.23	01:28:06.731	1.35277				2
2025.07.23	01:28:07.341	1.35276				2
2025.07.23	01:28:14.075	1.35275				2
2025.07.23	01:28:14.380	1.35276				2
2025.07.23	01:28:15.296	1.35274				2
2025.07.23	01:28:20.536		1.35282			4
2025.07.23	01:28:24.231	1.35275	1.35281			6
2025.07.23	01:28:26.384		1.35280			4
2025.07.23	01:28:27.307	1.35276				2
2025.07.23	01:28:29.155		1.35279			4
2025.07.23	01:28:42.303	1.35274	1.35282			6
2025.07.23	01:28:45.382		1.35281			4
2025.07.23	01:28:46.306		1.35280			4
2025.07.23	01:28:47.231	1.35275				2
2025.07.23	01:28:48.158		1.35279			4
2025.07.23	01:28:50.310	1.35276				2
2025.07.23	01:29:00.022	1.35276				2
2025.07.23	01:29:00.327	1.35274	1.35277			6
2025.07.23	01:29:00.628	1.35275	1.35278			6
2025.07.23	01:29:01.233	1.35270	1.35280			6
2025.07.23	01:29:05.228	1.35271				2
2025.07.23	01:29:05.546	1.35270				2
2025.07.23	01:29:06.158		1.35279			4
2025.07.23	01:29:08.315	1.35271				2
2025.07.23	01:29:09.239	1.35270				2
2025.07.23	01:29:10.159	1.35271				2
2025.07.23	01:29:10.769	1.35270				2
2025.07.23	01:29:14.753	1.35271				2
2025.07.23	01:29:15.668	1.35272				2
2025.07.23	01:29:16.894		1.35278			4
2025.07.23	01:29:17.203	1.35271				2
2025.07.23	01:29:20.587	1.35272				2
2025.07.23	01:29:21.200	1.35273				2
2025.07.23	01:29:26.094	1.35274				2
2025.07.23	01:29:28.239		1.35277			4
2025.07.23	01:29:31.306	1.35275	1.35278			6
2025.07.23	01:29:32.223	1.35274				2
2025.07.23	01:29:34.387	1.35275				2
2025.07.23	01:29:36.231	1.35276				2
2025.07.23	01:29:36.841	1.35275				2
2025.07.23	01:29:40.202	1.35273				2
2025.07.23	01:29:40.521	1.35272				2
2025.07.23	01:29:47.258	1.35273				2
2025.07.23	01:29:49.096	1.35274				2
2025.07.23	01:29:52.145		1.35277			4
2025.07.23	01:30:00.075	1.35274				2
2025.07.23	01:30:12.920	1.35270	1.35273			6
2025.07.23	01:30:14.143	1.35266	1.35274			6
2025.07.23	01:30:15.683	1.35267				2
2025.07.23	01:30:15.993	1.35266				2
2025.07.23	01:30:16.607	1.35267				2
2025.07.23	01:30:17.224	1.35265	1.35272			6
2025.07.23	01:30:17.526	1.35264				2
2025.07.23	01:30:21.835	1.35265				2
2025.07.23	01:30:23.373	1.35264				2
2025.07.23	01:30:26.146	1.35265	1.35271			6
2025.07.23	01:30:27.058	1.35266	1.35272			6
2025.07.23	01:30:28.279		1.35271			4
2025.07.23	01:30:29.194	1.35267				2
2025.07.23	01:30:32.247		1.35270			4
2025.07.23	01:30:46.600	1.35265	1.35268			6
2025.07.23	01:30:46.903	1.35267	1.35270			6
2025.07.23	01:30:48.116	1.35266	1.35271			6
2025.07.23	01:30:49.335	1.35267				2
2025.07.23	01:30:51.165		1.35270			4
2025.07.23	01:30:59.664	1.35265	1.35266			6
2025.07.23	01:30:59.967	1.35262	1.35265			6
2025.07.23	01:31:00.269	1.35261	1.35264			6
2025.07.23	01:31:00.575	1.35262	1.35265			6
2025.07.23	01:31:00.883	1.35263	1.35266			6
2025.07.23	01:31:01.184	1.35260	1.35267			6
2025.07.23	01:31:03.022		1.35266			4
2025.07.23	01:31:08.267	1.35261				2
2025.07.23	01:31:09.184	1.35262				2
2025.07.23	01:31:12.256	1.35263				2
2025.07.23	01:31:13.477	1.35264	1.35267			6
2025.07.23	01:31:14.091		1.35266			4
2025.07.23	01:31:18.378	1.35260	1.35263			6
2025.07.23	01:31:18.680	1.35262	1.35265			6
2025.07.23	01:31:26.324	1.35260	1.35263			6
2025.07.23	01:31:27.539	1.35259	1.35262			6
2025.07.23	01:31:28.448	1.35257	1.35260			6
2025.07.23	01:31:29.358	1.35256				2
2025.07.23	01:31:31.209	1.35257				2
2025.07.23	01:31:34.575	1.35254	1.35257			6
2025.07.23	01:31:35.486	1.35257	1.35260			6
2025.07.23	01:32:00.197	1.35257				2
2025.07.23	01:32:19.235	1.35255	1.35257			6
2025.07.23	01:32:19.841	1.35257	1.35260			6
2025.07.23	01:32:20.144	1.35255	1.35261			6
2025.07.23	01:32:21.381		1.35262			4
2025.07.23	01:32:23.231		1.35261			4
2025.07.23	01:32:26.003	1.35254				2
2025.07.23	01:32:26.307	1.35250	1.35256			6
2025.07.23	01:32:26.613		1.35258			4
2025.07.23	01:32:27.234		1.35255			4
2025.07.23	01:32:35.251	1.35251				2
2025.07.23	01:32:35.558	1.35253				2
2025.07.23	01:32:35.867		1.35259			4
2025.07.23	01:32:36.174	1.35252				2
2025.07.23	01:32:36.482		1.35260			4
2025.07.23	01:32:37.102	1.35253				2
2025.07.23	01:32:38.336		1.35255			4
2025.07.23	01:32:38.640	1.35251				2
2025.07.23	01:32:39.261	1.35250				2
2025.07.23	01:32:40.808		1.35256			4
2025.07.23	01:32:41.114	1.35252				2
2025.07.23	01:32:41.730	1.35254				2
2025.07.23	01:32:45.139	1.35255				2
2025.07.23	01:32:46.982		1.35259			4
2025.07.23	01:32:47.285	1.35256				2
2025.07.23	01:32:50.343	1.35260	1.35261			6
2025.07.23	01:32:50.654	1.35259				2
2025.07.23	01:32:51.260	1.35256	1.35259			6
2025.07.23	01:32:54.310	1.35255	1.35256			6
2025.07.23	01:33:00.113	1.35255				2
2025.07.23	01:33:03.487	1.35256	1.35259			6
2025.07.23	01:33:15.998	1.35257	1.35260			6
2025.07.23	01:33:34.047	1.35258	1.35261			6
2025.07.23	01:33:37.103	1.35257	1.35260			6
2025.07.23	01:34:00.300	1.35257				2
2025.07.23	01:34:27.561	1.35258	1.35261			6
2025.07.23	01:34:28.483	1.35257	1.35260			6
2025.07.23	01:34:30.320		1.35261			4
2025.07.23	01:34:31.237		1.35260			4
2025.07.23	01:34:44.118		1.35261			4
2025.07.23	01:34:45.341	1.35256	1.35260			6
2025.07.23	01:34:45.650	1.35257	1.35261			6
2025.07.23	01:34:46.257		1.35260			4
2025.07.23	01:35:00.077	1.35257				2
2025.07.23	01:35:02.226		1.35261			4
2025.07.23	01:35:05.287		1.35260			4
2025.07.23	01:35:07.133	1.35258	1.35261			6
2025.07.23	01:35:08.356	1.35257				2
2025.07.23	01:35:10.197	1.35258				2
2025.07.23	01:35:17.960	1.35257	1.35260			6
2025.07.23	01:35:19.192		1.35261			4
2025.07.23	01:35:20.114		1.35260			4
2025.07.23	01:35:25.331		1.35261			4
2025.07.23	01:35:26.254	1.35255	1.35262			6
2025.07.23	01:35:27.176	1.35256				2
2025.07.23	01:35:28.403		1.35261			4
2025.07.23	01:35:29.318	1.35257				2
2025.07.23	01:35:31.155		1.35260			4
2025.07.23	01:35:44.935	1.35256	1.35259			6
2025.07.23	01:35:46.172		1.35260			4
2025.07.23	01:35:48.316		1.35259			4
2025.07.23	01:35:50.770	1.35257	1.35260			6
2025.07.23	01:35:52.306	1.35255	1.35261			6
2025.07.23	01:35:54.451		1.35260			4
2025.07.23	01:36:00.279	1.35255				2
2025.07.23	01:36:02.124	1.35256				2
2025.07.23	01:36:03.961	1.35257				2
2025.07.23	01:36:04.874		1.35261			4
2025.07.23	01:36:05.178	1.35256				2
2025.07.23	01:36:06.403	1.35257				2
2025.07.23	01:36:08.240	1.35255				2
2025.07.23	01:36:09.162	1.35256				2
2025.07.23	01:36:10.391	1.35254				2
2025.07.23	01:36:21.121	1.35255				2
2025.07.23	01:36:22.341	1.35256				2
2025.07.23	01:36:23.262		1.35260			4
2025.07.23	01:36:24.167	1.35257				2
2025.07.23	01:36:28.732	1.35253	1.35256			6
2025.07.23	01:36:29.035	1.35254	1.35257			6
2025.07.23	01:36:30.264	1.35250				2
2025.07.23	01:36:33.935	1.35251				2
2025.07.23	01:36:35.767	1.35250				2
2025.07.23	01:36:37.298	1.35251				2
2025.07.23	01:36:40.373	1.35252				2
2025.07.23	01:36:42.208	1.35253				2
2025.07.23	01:36:42.823		1.35256			4
2025.07.23	01:37:00.194	1.35253				2
2025.07.23	01:37:12.414	1.35254				2
2025.07.23	01:37:29.214	1.35255				2
2025.07.23	01:37:29.521	1.35257	1.35258			6
2025.07.23	01:37:30.130	1.35254				2
2025.07.23	01:37:37.243	1.35255				2
2025.07.23	01:37:38.163	1.35256				2
2025.07.23	01:37:40.323	1.35257				2
2025.07.23	01:37:41.251		1.35259			4
2025.07.23	01:37:41.866	1.35256				2
2025.07.23	01:37:42.177	1.35257				2
2025.07.23	01:37:42.486	1.35256				2
2025.07.23	01:37:42.797	1.35257				2
2025.07.23	01:37:46.167	1.35258				2
2025.07.23	01:37:47.388	1.35257				2
2025.07.23	01:37:50.142	1.35256				2
2025.07.23	01:37:50.443	1.35257				2
2025.07.23	01:37:51.061	1.35258	1.35260			6
2025.07.23	01:37:51.366		1.35261			4
2025.07.23	01:37:52.286	1.35257				2
2025.07.23	01:37:53.200	1.35256				2
2025.07.23	01:37:54.123	1.35257				2
2025.07.23	01:37:56.257	1.35258				2
2025.07.23	01:38:00.251	1.35258				2
2025.07.23	01:38:03.003	1.35259				2
2025.07.23	01:38:05.159		1.35260			4
2025.07.23	01:38:08.531	1.35258				2
2025.07.23	01:38:24.101	1.35259				2
2025.07.23	01:38:27.148	1.35258				2
2025.07.23	01:38:27.450		1.35261			4
2025.07.23	01:38:28.060	1.35259				2
2025.07.23	01:38:37.536	1.35258				2
2025.07.23	01:38:43.345	1.35259				2
2025.07.23	01:38:48.228	1.35260	1.35262			6
2025.07.23	01:38:48.534	1.35259				2
2025.07.23	01:38:52.499	1.35265	1.35268			6
2025.07.23	01:38:52.801	1.35263	1.35266			6
2025.07.23	01:38:53.110	1.35260				2
2025.07.23	01:38:55.872	1.35261				2
2025.07.23	01:38:56.184	1.35260				2
2025.07.23	01:38:57.423	1.35261				2
2025.07.23	01:39:00.208	1.35261				2
2025.07.23	01:39:02.373	1.35262				2
2025.07.23	01:39:03.300	1.35263				2
2025.07.23	01:39:05.150	1.35264				2
2025.07.23	01:39:09.153	1.35265				2
2025.07.23	01:39:10.664	1.35264				2
2025.07.23	01:39:10.971	1.35265				2
2025.07.23	01:39:11.277	1.35264				2
2025.07.23	01:39:11.577	1.35265				2
2025.07.23	01:39:15.853		1.35267			4
2025.07.23	01:39:17.671		1.35266			4
2025.07.23	01:39:18.581	1.35264				2
2025.07.23	01:39:18.882	1.35265				2
2025.07.23	01:39:20.415		1.35267			4
2025.07.23	01:39:20.716	1.35264				2
2025.07.23	01:39:21.021	1.35265				2
2025.07.23	01:39:21.322	1.35264				2
2025.07.23	01:39:24.701		1.35266			4
2025.07.23	01:39:28.354	1.35263				2
2025.07.23	01:39:30.179	1.35265				2
2025.07.23	01:39:31.097	1.35263				2
2025.07.23	01:39:31.412	1.35262				2
2025.07.23	01:39:32.336	1.35263				2
2025.07.23	01:39:34.188	1.35264				2
2025.07.23	01:39:35.731	1.35265				2
2025.07.23	01:39:39.732	1.35268	1.35270			6
2025.07.23	01:39:41.255	1.35265				2
2025.07.23	01:39:42.480	1.35266				2
2025.07.23	01:39:46.179	1.35267	1.35271			6
2025.07.23	01:39:50.185	1.35268				2
2025.07.23	01:40:00.287	1.35268				2
2025.07.23	01:40:11.543	1.35267	1.35270			6
2025.07.23	01:40:34.475	1.35266	1.35269			6
2025.07.23	01:40:41.226	1.35267	1.35270			6
2025.07.23	01:40:41.837	1.35266	1.35269			6
2025.07.23	01:41:00.226	1.35266				2
2025.07.23	01:41:09.490		1.35268			4
2025.07.23	01:41:10.413	1.35267	1.35270			6
2025.07.23	01:41:13.197	1.35266	1.35269			6
2025.07.23	01:41:15.355	1.35267	1.35270			6
2025.07.23	01:41:16.286	1.35266				2
2025.07.23	01:41:18.135		1.35269			4
2025.07.23	01:41:18.750	1.35267	1.35270			6
2025.07.23	01:41:19.061	1.35266	1.35269			6
2025.07.23	01:41:19.367		1.35270			4
2025.07.23	01:41:22.144	1.35267				2
2025.07.23	01:41:23.378	1.35266				2
2025.07.23	01:41:26.157	1.35267				2
2025.07.23	01:41:44.639	1.35266	1.35269			6
2025.07.23	01:42:00.126	1.35266				2
2025.07.23	01:42:14.068	1.35267	1.35270			6
2025.07.23	01:42:14.376	1.35266	1.35269			6
2025.07.23	01:42:19.018	1.35267	1.35270			6
2025.07.23	01:42:20.259	1.35266				2
2025.07.23	01:42:25.227		1.35269			4
2025.07.23	01:42:25.852	1.35267	1.35270			6
2025.07.23	01:42:29.254	1.35266	1.35269			6
2025.07.23	01:42:30.176	1.35265	1.35270			6
2025.07.23	01:42:34.532	1.35266				2
2025.07.23	01:42:35.139	1.35265				2
2025.07.23	01:42:40.127	1.35266				2
2025.07.23	01:42:43.220	1.35267				2
2025.07.23	01:43:00.096	1.35267				2
2025.07.23	01:43:30.468		1.35270			4
2025.07.23	01:43:46.844	1.35268	1.35271			6
2025.07.23	01:43:47.147	1.35265				2
2025.07.23	01:43:51.761		1.35270			4
2025.07.23	01:44:00.053	1.35265				2
2025.07.23	01:44:05.301	1.35266				2
2025.07.23	01:44:07.150	1.35267				2
2025.07.23	01:44:09.286	1.35266				2
2025.07.23	01:44:10.206	1.35267				2
2025.07.23	01:44:11.123	1.35266				2
2025.07.23	01:44:13.878	1.35267				2
2025.07.23	01:44:14.184	1.35266				2
2025.07.23	01:44:16.328	1.35265				2
2025.07.23	01:44:16.634	1.35266				2
2025.07.23	01:44:17.856	1.35265				2
2025.07.23	01:44:18.163	1.35266				2
2025.07.23	01:44:19.079	1.35267				2
2025.07.23	01:44:20.306	1.35264				2
2025.07.23	01:44:21.230	1.35265				2
2025.07.23	01:44:24.311	1.35266				2
2025.07.23	01:44:26.165	1.35267				2
2025.07.23	01:44:48.399	1.35266	1.35269			6
2025.07.23	01:44:49.323	1.35265	1.35270			6
2025.07.23	01:44:50.247	1.35266				2
2025.07.23	01:44:51.174	1.35265				2
2025.07.23	01:44:53.329		1.35269			4
2025.07.23	01:44:55.178	1.35266	1.35270			6
2025.07.23	01:44:55.796	1.35265	1.35269			6
2025.07.23	01:44:56.102	1.35264	1.35270			6
2025.07.23	01:44:57.342	1.35265				2
2025.07.23	01:44:58.266		1.35269			4
2025.07.23	01:44:58.881	1.35266	1.35270			6
2025.07.23	01:44:59.195	1.35265				2
2025.07.23	01:45:00.121	1.35266				2
2025.07.23	01:45:00.423	1.35265	1.35269			6
2025.07.23	01:45:01.353	1.35266	1.35270			6
2025.07.23	01:45:01.660	1.35265	1.35269			6
2025.07.23	01:45:01.972	1.35266	1.35270			6
2025.07.23	01:45:02.282	1.35265				2
2025.07.23	01:45:02.583	1.35266				2
2025.07.23	01:45:04.122	1.35267				2
2025.07.23	01:45:05.353		1.35271			4
2025.07.23	01:45:05.654	1.35266	1.35270			6
2025.07.23	01:45:06.265		1.35271			4
2025.07.23	01:45:07.198	1.35265				2
2025.07.23	01:45:07.512		1.35270			4
2025.07.23	01:45:09.352	1.35266				2
2025.07.23	01:45:11.197	1.35267				2
2025.07.23	01:45:16.108	1.35266				2
2025.07.23	01:45:17.340	1.35267				2
2025.07.23	01:45:17.641	1.35266	1.35269			6
2025.07.23	01:45:17.945	1.35267	1.35270			6
2025.07.23	01:45:19.162	1.35266				2
2025.07.23	01:45:20.379	1.35265				2
2025.07.23	01:45:21.297	1.35266				2
2025.07.23	01:45:22.221		1.35269			4
2025.07.23	01:45:23.150	1.35265	1.35270			6
2025.07.23	01:45:24.385	1.35266				2
2025.07.23	01:45:25.309		1.35269			4
2025.07.23	01:45:25.623	1.35267	1.35270			6
2025.07.23	01:45:27.465	1.35266				2
2025.07.23	01:45:27.772	1.35267				2
2025.07.23	01:45:28.077	1.35266				2
2025.07.23	01:45:28.386	1.35265				2
2025.07.23	01:45:31.135	1.35266				2
2025.07.23	01:45:32.365	1.35267				2
2025.07.23	01:45:37.580	1.35268				2
2025.07.23	01:45:37.890	1.35267				2
2025.07.23	01:45:43.389	1.35268				2
2025.07.23	01:45:51.036	1.35267				2
2025.07.23	01:46:00.176	1.35267				2
2025.07.23	01:46:09.936	1.35266	1.35269			6
2025.07.23	01:46:10.243	1.35267	1.35270			6
2025.07.23	01:46:22.173	1.35266	1.35269			6
2025.07.23	01:46:23.401	1.35265	1.35270			6
2025.07.23	01:46:36.064		1.35271			4
2025.07.23	01:46:40.380	1.35266	1.35270			6
2025.07.23	01:46:40.996	1.35267	1.35271			6
2025.07.23	01:46:41.297		1.35270			4
2025.07.23	01:46:42.221	1.35265	1.35271			6
2025.07.23	01:46:57.326	1.35266				2
2025.07.23	01:46:58.237	1.35265				2
2025.07.23	01:47:00.083	1.35265				2
2025.07.23	01:47:02.236	1.35266				2
2025.07.23	01:47:02.537	1.35265	1.35270			6
2025.07.23	01:47:03.143		1.35271			4
2025.07.23	01:47:04.983		1.35270			4
2025.07.23	01:47:05.291	1.35266	1.35271			6
2025.07.23	01:47:06.212		1.35270			4
2025.07.23	01:47:07.136	1.35267				2
2025.07.23	01:47:14.494	1.35266	1.35269			6
2025.07.23	01:47:15.114	1.35267	1.35270			6
2025.07.23	01:47:16.323	1.35265	1.35271			6
2025.07.23	01:47:17.244	1.35266				2
2025.07.23	01:47:17.862	1.35265	1.35270			6
2025.07.23	01:47:18.169	1.35267	1.35271			6
2025.07.23	01:47:19.390		1.35270			4
2025.07.23	01:47:29.142	1.35268	1.35271			6
2025.07.23	01:47:30.362	1.35267				2
2025.07.23	01:47:31.280	1.35266				2
2025.07.23	01:47:31.892	1.35265				2
2025.07.23	01:47:32.203	1.35266				2
2025.07.23	01:47:32.506	1.35267				2
2025.07.23	01:47:34.347	1.35266				2
2025.07.23	01:47:35.271	1.35267				2
2025.07.23	01:47:35.576	1.35266	1.35270			6
2025.07.23	01:47:36.187		1.35271			4
2025.07.23	01:47:37.103	1.35267	1.35270			6
2025.07.23	01:47:41.963	1.35268	1.35271			6
2025.07.23	01:47:42.879	1.35267	1.35270			6
2025.07.23	01:47:43.183	1.35265	1.35271			6
2025.07.23	01:47:50.298	1.35266	1.35270			6
2025.07.23	01:47:51.225	1.35267				2
2025.07.23	01:47:52.762	1.35268	1.35271			6
2025.07.23	01:47:53.365	1.35266				2
2025.07.23	01:47:56.153	1.35267				2
2025.07.23	01:47:57.382	1.35268				2
2025.07.23	01:48:00.146	1.35268				2
2025.07.23	01:48:00.454	1.35267	1.35270			6
2025.07.23	01:48:01.361	1.35268	1.35271			6
2025.07.23	01:48:03.497	1.35267	1.35270			6
2025.07.23	01:48:06.263	1.35266	1.35269			6
2025.07.23	01:48:07.182		1.35271			4
2025.07.23	01:48:14.231	1.35276	1.35277			6
2025.07.23	01:48:14.540	1.35274	1.35278			6
2025.07.23	01:48:15.159	1.35275				2
2025.07.23	01:48:15.471	1.35274				2
2025.07.23	01:48:16.706		1.35279			4
2025.07.23	01:48:17.318	1.35275				2
2025.07.23	01:48:17.636	1.35274				2
2025.07.23	01:48:19.481	1.35275				2
2025.07.23	01:48:19.789	1.35274				2
2025.07.23	01:48:21.645	1.35275				2
2025.07.23	01:48:30.243	1.35276				2
2025.07.23	01:48:36.938		1.35278			4
2025.07.23	01:48:39.082		1.35279			4
2025.07.23	01:48:41.813	1.35277	1.35280			6
2025.07.23	01:48:42.118	1.35275	1.35278			6
2025.07.23	01:48:42.422	1.35274	1.35277			6
2025.07.23	01:48:43.028	1.35273	1.35276			6
2025.07.23	01:48:43.332		1.35278			4
2025.07.23	01:48:43.938		1.35277			4
2025.07.23	01:48:45.172		1.35276			4
2025.07.23	01:48:47.300		1.35275			4
2025.07.23	01:48:48.816		1.35276			4
2025.07.23	01:48:53.101	1.35272	1.35275			6
2025.07.23	01:48:54.931	1.35273	1.35276			6
2025.07.23	01:48:56.778	1.35272	1.35275			6
2025.07.23	01:48:57.082	1.35273	1.35276			6
2025.07.23	01:48:57.695	1.35272	1.35275			6
2025.07.23	01:48:58.926	1.35273	1.35276			6
2025.07.23	01:49:00.155	1.35273				2
2025.07.23	01:49:02.300	1.35272	1.35275			6
2025.07.23	01:49:02.908	1.35273	1.35276			6
2025.07.23	01:49:03.211	1.35271	1.35274			6
2025.07.23	01:49:03.517		1.35273			4
2025.07.23	01:49:04.127		1.35275			4
2025.07.23	01:49:04.753	1.35270				2
2025.07.23	01:49:05.368		1.35274			4
2025.07.23	01:49:05.677		1.35275			4
2025.07.23	01:49:06.287		1.35276			4
2025.07.23	01:49:07.216		1.35275			4
2025.07.23	01:49:07.527	1.35271				2
2025.07.23	01:49:07.831	1.35269	1.35273			6
2025.07.23	01:49:08.143		1.35274			4
2025.07.23	01:49:09.373		1.35273			4
2025.07.23	01:49:12.137	1.35270				2
2025.07.23	01:49:13.363	1.35269	1.35272			6
2025.07.23	01:49:16.408	1.35275	1.35277			6
2025.07.23	01:49:17.017		1.35278			4
2025.07.23	01:49:17.319		1.35280			4
2025.07.23	01:49:26.205		1.35279			4
2025.07.23	01:49:26.512		1.35280			4
2025.07.23	01:49:26.818		1.35279			4
2025.07.23	01:49:27.438	1.35276	1.35280			6
2025.07.23	01:49:27.746	1.35275	1.35279			6
2025.07.23	01:49:28.052	1.35276	1.35280			6
2025.07.23	01:49:28.355		1.35279			4
2025.07.23	01:49:28.658	1.35275	1.35278			6
2025.07.23	01:49:29.269	1.35276	1.35279			6
2025.07.23	01:49:29.573	1.35275	1.35278			6
2025.07.23	01:49:32.923	1.35276	1.35279			6
2025.07.23	01:49:33.234	1.35275	1.35278			6
2025.07.23	01:49:34.156	1.35276	1.35279			6
2025.07.23	01:49:38.694	1.35275	1.35278			6
2025.07.23	01:49:38.997	1.35276	1.35279			6
2025.07.23	01:49:39.604	1.35275	1.35278			6
2025.07.23	01:49:39.908	1.35276	1.35279			6
2025.07.23	01:49:40.212	1.35275	1.35278			6
2025.07.23	01:49:40.818	1.35276	1.35279			6
2025.07.23	01:49:41.125	1.35275	1.35278			6
2025.07.23	01:49:41.426	1.35276	1.35279			6
2025.07.23	01:49:41.726	1.35275	1.35278			6
2025.07.23	01:49:42.029	1.35273	1.35276			6
2025.07.23	01:49:43.570	1.35272	1.35275			6
2025.07.23	01:49:44.177	1.35273	1.35276			6
2025.07.23	01:49:45.707	1.35272	1.35275			6
2025.07.23	01:49:46.329	1.35273	1.35276			6
2025.07.23	01:49:46.938	1.35272	1.35275			6
2025.07.23	01:49:53.657		1.35274			4
2025.07.23	01:49:54.261		1.35275			4
2025.07.23	01:49:54.570		1.35274			4
2025.07.23	01:49:54.877		1.35275			4
2025.07.23	01:49:55.191		1.35274			4
2025.07.23	01:49:55.798		1.35275			4
2025.07.23	01:49:56.101	1.35273	1.35276			6
2025.07.23	01:49:57.313	1.35272	1.35275			6
2025.07.23	01:50:00.054	1.35272				2
2025.07.23	01:50:00.356	1.35273	1.35276			6
2025.07.23	01:50:00.666	1.35272	1.35275			6
2025.07.23	01:50:00.975		1.35274			4
2025.07.23	01:50:03.101		1.35275			4
2025.07.23	01:50:05.544		1.35274			4
2025.07.23	01:50:07.062		1.35275			4
2025.07.23	01:50:07.363		1.35274			4
2025.07.23	01:50:09.195		1.35275			4
2025.07.23	01:50:09.804		1.35274			4
2025.07.23	01:50:16.220		1.35275			4
2025.07.23	01:50:16.531		1.35274			4
2025.07.23	01:50:16.837		1.35275			4
2025.07.23	01:50:17.450		1.35274			4
2025.07.23	01:50:17.761		1.35275			4
2025.07.23	01:50:19.591		1.35274			4
2025.07.23	01:50:22.043		1.35275			4
2025.07.23	01:50:22.346		1.35274			4
2025.07.23	01:50:22.647		1.35275			4
2025.07.23	01:50:22.958		1.35274			4
2025.07.23	01:50:23.567		1.35275			4
2025.07.23	01:50:25.393		1.35274			4
2025.07.23	01:50:26.003		1.35275			4
2025.07.23	01:50:27.850	1.35273	1.35276			6
2025.07.23	01:50:28.155	1.35272	1.35275			6
2025.07.23	01:50:29.072	1.35273	1.35276			6
2025.07.23	01:50:29.381	1.35272	1.35275			6
2025.07.23	01:50:29.682	1.35273	1.35276			6
2025.07.23	01:50:29.987	1.35272	1.35274			6
2025.07.23	01:50:30.293		1.35275			4
2025.07.23	01:50:30.904		1.35274			4
2025.07.23	01:50:31.218		1.35275			4
2025.07.23	01:50:31.520		1.35274			4
2025.07.23	01:50:31.824		1.35275			4
2025.07.23	01:50:32.431		1.35274			4
2025.07.23	01:50:33.052		1.35275			4
2025.07.23	01:50:33.354		1.35274			4
2025.07.23	01:50:33.662		1.35275			4
2025.07.23	01:50:33.964		1.35274			4
2025.07.23	01:50:36.104		1.35275			4
2025.07.23	01:50:36.716		1.35274			4
2025.07.23	01:50:37.322		1.35275			4
2025.07.23	01:50:38.848		1.35274			4
2025.07.23	01:50:39.453		1.35275			4
2025.07.23	01:50:39.754		1.35274			4
2025.07.23	01:50:40.967		1.35275			4
2025.07.23	01:50:44.948	1.35274	1.35276			6
2025.07.23	01:50:45.252		1.35277			4
2025.07.23	01:50:47.094		1.35276			4
2025.07.23	01:50:48.317		1.35277			4
2025.07.23	01:50:48.623		1.35278			4
2025.07.23	01:50:49.242		1.35277			4
2025.07.23	01:50:53.234		1.35276			4
2025.07.23	01:50:53.547	1.35273	1.35275			6
2025.07.23	01:50:54.156		1.35278			4
2025.07.23	01:50:58.153		1.35277			4
2025.07.23	01:50:59.374		1.35276			4
2025.07.23	01:51:00.297	1.35273				2
2025.07.23	01:51:01.211		1.35275			4
2025.07.23	01:51:01.823		1.35274			4
2025.07.23	01:51:02.753		1.35275			4
2025.07.23	01:51:03.362		1.35276			4
2025.07.23	01:51:04.275	1.35272	1.35278			6
2025.07.23	01:51:05.203		1.35276			4
2025.07.23	01:51:05.815		1.35277			4
2025.07.23	01:51:06.124		1.35276			4
2025.07.23	01:51:06.736		1.35275			4
2025.07.23	01:51:07.041		1.35276			4
2025.07.23	01:51:07.345	1.35273				2
2025.07.23	01:51:07.655	1.35272	1.35275			6
2025.07.23	01:51:07.961	1.35273	1.35276			6
2025.07.23	01:51:09.189	1.35272				2
2025.07.23	01:51:09.493		1.35275			4
2025.07.23	01:51:09.802		1.35276			4
2025.07.23	01:51:10.106	1.35275	1.35278			6
2025.07.23	01:51:16.234		1.35277			4
2025.07.23	01:51:16.535		1.35278			4
2025.07.23	01:51:16.840		1.35277			4
2025.07.23	01:51:17.143		1.35278			4
2025.07.23	01:51:17.756		1.35277			4
2025.07.23	01:51:18.064		1.35278			4
2025.07.23	01:51:18.366		1.35277			4
2025.07.23	01:51:18.678	1.35273	1.35276			6
2025.07.23	01:51:20.211	1.35272	1.35278			6
2025.07.23	01:51:22.355		1.35277			4
2025.07.23	01:51:23.279		1.35276			4
2025.07.23	01:51:24.196		1.35275			4
2025.07.23	01:51:25.112	1.35273				2
2025.07.23	01:51:25.417		1.35276			4
2025.07.23	01:51:25.721	1.35274	1.35277			6
2025.07.23	01:51:26.324	1.35273	1.35278			6
2025.07.23	01:51:27.244	1.35275				2
2025.07.23	01:51:28.474	1.35273				2
2025.07.23	01:51:36.142		1.35277			4
2025.07.23	01:51:37.363	1.35274				2
2025.07.23	01:51:37.669	1.35273	1.35276			6
2025.07.23	01:51:37.979		1.35275			4
2025.07.23	01:51:38.294		1.35276			4
2025.07.23	01:51:38.596		1.35275			4
2025.07.23	01:51:40.118	1.35272				2
2025.07.23	01:51:40.424		1.35274			4
2025.07.23	01:51:40.867		1.35275			4
2025.07.23	01:51:42.089		1.35274			4
2025.07.23	01:51:42.695		1.35275			4
2025.07.23	01:51:43.299		1.35274			4
2025.07.23	01:51:43.608		1.35275			4
2025.07.23	01:51:46.043		1.35274			4
2025.07.23	01:51:46.964		1.35275			4
2025.07.23	01:51:47.274		1.35274			4
2025.07.23	01:51:48.807		1.35275			4
2025.07.23	01:51:49.717		1.35274			4
2025.07.23	01:51:50.644		1.35275			4
2025.07.23	01:51:58.888	1.35274	1.35277			6
2025.07.23	01:51:59.499	1.35275				2
2025.07.23	01:52:00.114	1.35272	1.35278			6
2025.07.23	01:52:03.176	1.35268	1.35274			6
2025.07.23	01:52:03.479	1.35265	1.35272			6
2025.07.23	01:52:06.241		1.35271			4
2025.07.23	01:52:06.555		1.35272			4
2025.07.23	01:52:07.165		1.35271			4
2025.07.23	01:52:07.470		1.35272			4
2025.07.23	01:52:08.391	1.35262	1.35268			6
2025.07.23	01:52:08.699		1.35267			4
2025.07.23	01:52:09.612		1.35268			4
2025.07.23	01:52:14.201		1.35267			4
2025.07.23	01:52:16.046		1.35268			4
2025.07.23	01:52:16.347		1.35266			4
2025.07.23	01:52:17.268		1.35265			4
2025.07.23	01:52:22.760		1.35264			4
2025.07.23	01:52:25.497		1.35265			4
2025.07.23	01:52:25.807		1.35264			4
2025.07.23	01:52:27.647		1.35265			4
2025.07.23	01:52:30.088		1.35264			4
2025.07.23	01:52:32.832		1.35265			4
2025.07.23	01:52:33.136		1.35264			4
2025.07.23	01:52:34.365		1.35265			4
2025.07.23	01:52:41.097		1.35264			4
2025.07.23	01:52:42.017		1.35265			4
2025.07.23	01:52:42.933		1.35264			4
2025.07.23	01:52:44.154		1.35265			4
2025.07.23	01:52:44.462		1.35264			4
2025.07.23	01:52:44.768		1.35265			4
2025.07.23	01:52:45.381	1.35263	1.35266			6
2025.07.23	01:52:45.694	1.35262	1.35265			6
2025.07.23	01:52:46.300	1.35263	1.35266			6
2025.07.23	01:52:46.605	1.35262	1.35265			6
2025.07.23	01:52:49.347		1.35264			4
2025.07.23	01:52:50.264		1.35265			4
2025.07.23	01:52:50.577	1.35263	1.35266			6
2025.07.23	01:52:53.939	1.35262	1.35265			6
2025.07.23	01:53:00.076	1.35262				2
2025.07.23	01:53:02.208	1.35261	1.35264			6
2025.07.23	01:53:02.521	1.35260	1.35263			6
2025.07.23	01:53:03.136	1.35259	1.35264			6
2025.07.23	01:53:05.288		1.35263			4
2025.07.23	01:53:05.899	1.35263	1.35267			6
2025.07.23	01:53:06.206		1.35268			4
2025.07.23	01:53:08.069	1.35259	1.35264			6
2025.07.23	01:53:08.379	1.35258				2
2025.07.23	01:53:14.856	1.35257	1.35263			6
2025.07.23	01:53:15.176	1.35258				2
2025.07.23	01:53:15.481		1.35261			4
2025.07.23	01:53:15.796	1.35257				2
2025.07.23	01:53:16.100		1.35262			4
2025.07.23	01:53:18.257		1.35261			4
2025.07.23	01:53:20.392		1.35260			4
2025.07.23	01:53:28.929		1.35259			4
2025.07.23	01:53:31.063		1.35260			4
2025.07.23	01:53:34.120	1.35258	1.35261			6
2025.07.23	01:53:35.042	1.35257	1.35260			6
2025.07.23	01:53:46.960	1.35256	1.35259			6
2025.07.23	01:53:48.180	1.35255	1.35258			6
2025.07.23	01:53:48.481	1.35254	1.35257			6
2025.07.23	01:53:49.095		1.35258			4
2025.07.23	01:53:53.109		1.35257			4
2025.07.23	01:53:53.417	1.35253	1.35258			6
2025.07.23	01:53:54.032		1.35257			4
2025.07.23	01:53:56.196	1.35254				2
2025.07.23	01:54:00.146	1.35254				2
2025.07.23	01:54:00.449	1.35255	1.35258			6
2025.07.23	01:54:03.482	1.35254	1.35257			6
2025.07.23	01:54:05.000		1.35256			4
2025.07.23	01:54:06.208		1.35257			4
2025.07.23	01:54:06.515		1.35256			4
2025.07.23	01:54:07.724		1.35257			4
2025.07.23	01:54:09.255		1.35256			4
2025.07.23	01:54:09.559		1.35257			4
2025.07.23	01:54:12.896		1.35256			4
2025.07.23	01:54:15.960		1.35257			4
2025.07.23	01:54:16.266		1.35256			4
2025.07.23	01:54:17.484		1.35257			4
2025.07.23	01:54:19.013		1.35256			4
2025.07.23	01:54:19.321		1.35257			4
2025.07.23	01:54:19.632		1.35256			4
2025.07.23	01:54:20.548		1.35257			4
2025.07.23	01:54:22.379		1.35256			4
2025.07.23	01:54:22.686		1.35257			4
2025.07.23	01:54:24.204		1.35256			4
2025.07.23	01:54:24.817		1.35257			4
2025.07.23	01:54:32.459	1.35253	1.35256			6
2025.07.23	01:54:33.672	1.35254	1.35257			6
2025.07.23	01:54:34.584	1.35253	1.35256			6
2025.07.23	01:54:34.888	1.35254	1.35257			6
2025.07.23	01:54:36.105	1.35253	1.35256			6
2025.07.23	01:54:41.591	1.35257	1.35260			6
2025.07.23	01:54:43.118	1.35256	1.35262			6
2025.07.23	01:54:52.332		1.35261			4
2025.07.23	01:54:53.254		1.35260			4
2025.07.23	01:54:55.094		1.35259			4
2025.07.23	01:54:55.702	1.35257	1.35260			6
2025.07.23	01:54:56.921	1.35256	1.35259			6
2025.07.23	01:54:58.130		1.35260			4
2025.07.23	01:54:59.357		1.35259			4
2025.07.23	01:55:00.280	1.35256				2
2025.07.23	01:55:05.170		1.35258			4
2025.07.23	01:55:05.475		1.35259			4
2025.07.23	01:55:08.205	1.35257	1.35260			6
2025.07.23	01:55:08.510	1.35256	1.35259			6
2025.07.23	01:55:08.810	1.35257	1.35260			6
2025.07.23	01:55:11.566	1.35256	1.35259			6
2025.07.23	01:55:22.541	1.35257	1.35260			6
2025.07.23	01:55:56.419		1.35258			4
2025.07.23	01:55:59.496	1.35253	1.35256			6
2025.07.23	01:56:00.115	1.35253				2
2025.07.23	01:56:01.344	1.35252	1.35257			6
2025.07.23	01:56:12.388	1.35253				2
2025.07.23	01:56:14.232		1.35256			4
2025.07.23	01:56:33.887	1.35252	1.35255			6
2025.07.23	01:56:34.193	1.35253	1.35256			6
2025.07.23	01:56:54.290	1.35252	1.35255			6
2025.07.23	01:56:54.597	1.35253	1.35256			6
2025.07.23	01:56:55.201		1.35257			4
2025.07.23	01:56:57.038	1.35254				2
2025.07.23	01:56:58.266	1.35253				2
2025.07.23	01:57:00.106	1.35253				2
2025.07.23	01:57:07.164	1.35252				2
2025.07.23	01:57:14.228		1.35256			4
2025.07.23	01:57:16.062		1.35255			4
2025.07.23	01:57:16.366	1.35253	1.35257			6
2025.07.23	01:57:17.282	1.35252				2
2025.07.23	01:57:18.211	1.35253				2
2025.07.23	01:57:21.245		1.35256			4
2025.07.23	01:57:58.522	1.35254	1.35257			6
2025.07.23	01:58:00.044	1.35254				2
2025.07.23	01:58:23.577	1.35255	1.35258			6
2025.07.23	01:58:23.887		1.35257			4
2025.07.23	01:58:30.316	1.35254				2
2025.07.23	01:58:31.232	1.35255				2
2025.07.23	01:58:46.597	1.35254				2
2025.07.23	01:58:57.704	1.35256	1.35259			6
2025.07.23	01:58:58.313	1.35255	1.35261			6
2025.07.23	01:59:00.166	1.35255				2
2025.07.23	01:59:15.312	1.35256				2
2025.07.23	01:59:17.159	1.35257				2
2025.07.23	01:59:19.299		1.35260			4
2025.07.23	01:59:23.269	1.35256	1.35261			6
2025.07.23	01:59:23.571	1.35255				2
2025.07.23	01:59:24.194	1.35256	1.35260			6
2025.07.23	01:59:26.354		1.35259			4
2025.07.23	01:59:29.726	1.35257	1.35260			6
2025.07.23	01:59:30.339	1.35256	1.35259			6
2025.07.23	01:59:30.643	1.35257	1.35260			6
2025.07.23	01:59:33.393	1.35256	1.35259			6
2025.07.23	01:59:34.299	1.35255	1.35261			6
2025.07.23	01:59:35.221		1.35262			4
2025.07.23	01:59:35.841		1.35261			4
2025.07.23	01:59:43.190		1.35262			4
2025.07.23	01:59:48.448		1.35261			4
2025.07.23	01:59:49.370		1.35260			4
2025.07.23	01:59:51.227		1.35259			4
2025.07.23	01:59:51.527	1.35256	1.35260			6
2025.07.23	01:59:51.835	1.35255	1.35259			6
2025.07.23	01:59:52.141	1.35256				2
2025.07.23	01:59:59.189	1.35257	1.35260			6
2025.07.23	01:59:59.794	1.35256	1.35259			6
2025.07.23	02:00:00.096	1.35257	1.35260			6
2025.07.23	02:00:00.400	1.35256	1.35259			6
2025.07.23	02:00:01.920	1.35255	1.35258			6
2025.07.23	02:00:02.225		1.35257			4
2025.07.23	02:00:03.152		1.35259			4
2025.07.23	02:00:03.462	1.35256				2
2025.07.23	02:00:05.322		1.35258			4
2025.07.23	02:00:06.240	1.35253	1.35254			6
2025.07.23	02:00:06.544	1.35251				2
2025.07.23	02:00:07.156	1.35250				2
2025.07.23	02:00:07.765	1.35251				2
2025.07.23	02:00:08.996	1.35250				2
2025.07.23	02:00:10.225	1.35255	1.35259			6
2025.07.23	02:00:19.489	1.35257				2
2025.07.23	02:00:19.803	1.35256				2
2025.07.23	02:00:22.268	1.35255	1.35258			6
2025.07.23	02:00:22.569		1.35259			4
2025.07.23	02:00:23.188	1.35256	1.35258			6
2025.07.23	02:00:23.494		1.35259			4
2025.07.23	02:00:24.101		1.35258			4
2025.07.23	02:00:28.401		1.35257			4
2025.07.23	02:00:32.046		1.35258			4
2025.07.23	02:00:32.350		1.35259			4
2025.07.23	02:00:32.969		1.35258			4
2025.07.23	02:00:36.338	1.35257	1.35259			6
2025.07.23	02:00:39.993	1.35256				2
2025.07.23	02:00:48.259	1.35269	1.35272			6
2025.07.23	02:00:48.565	1.35271	1.35274			6
2025.07.23	02:00:48.867	1.35270	1.35273			6
2025.07.23	02:00:49.182	1.35269	1.35275			6
2025.07.23	02:00:55.339		1.35274			4
2025.07.23	02:00:57.191		1.35273			4
2025.07.23	02:00:59.049		1.35274			4
2025.07.23	02:01:00.274	1.35269	1.35273			6
2025.07.23	02:01:00.584		1.35272			4
2025.07.23	02:01:00.892		1.35273			4
2025.07.23	02:01:02.119		1.35272			4
2025.07.23	02:01:03.945	1.35268				2
2025.07.23	02:01:05.159	1.35269				2
2025.07.23	02:01:05.772	1.35268	1.35271			6
2025.07.23	02:01:11.246	1.35269	1.35272			6
2025.07.23	02:01:13.385	1.35265	1.35268			6
2025.07.23	02:01:20.098		1.35267			4
2025.07.23	02:01:21.319		1.35268			4
2025.07.23	02:01:22.844		1.35267			4
2025.07.23	02:01:23.148		1.35268			4
2025.07.23	02:01:26.198	1.35264	1.35267			6
2025.07.23	02:01:26.500	1.35265	1.35268			6
2025.07.23	02:01:27.116	1.35264	1.35267			6
2025.07.23	02:01:27.423	1.35265	1.35268			6
2025.07.23	02:01:27.723	1.35264	1.35267			6
2025.07.23	02:01:28.338	1.35265	1.35268			6
2025.07.23	02:01:28.640	1.35264	1.35267			6
2025.07.23	02:01:28.942	1.35265	1.35268			6
2025.07.23	02:01:29.549	1.35264	1.35267			6
2025.07.23	02:01:29.856	1.35265	1.35268			6
2025.07.23	02:01:30.158	1.35264	1.35267			6
2025.07.23	02:01:30.761	1.35265	1.35268			6
2025.07.23	02:01:32.580		1.35267			4
2025.07.23	02:01:32.892		1.35268			4
2025.07.23	02:01:34.116		1.35267			4
2025.07.23	02:01:34.419		1.35268			4
2025.07.23	02:01:34.723	1.35264	1.35267			6
2025.07.23	02:01:35.027	1.35265				2
2025.07.23	02:01:45.727	1.35264				2
2025.07.23	02:01:46.034	1.35265	1.35268			6
2025.07.23	02:01:46.334	1.35264	1.35267			6
2025.07.23	02:01:50.315	1.35265	1.35268			6
2025.07.23	02:01:50.616	1.35264	1.35267			6
2025.07.23	02:01:51.832	1.35265	1.35268			6
2025.07.23	02:01:52.141		1.35267			4
2025.07.23	02:01:53.976	1.35264				2
2025.07.23	02:01:54.899	1.35265				2
2025.07.23	02:01:57.655		1.35268			4
2025.07.23	02:01:57.969		1.35267			4
2025.07.23	02:01:58.574	1.35264				2
2025.07.23	02:02:00.091	1.35264				2
2025.07.23	02:02:00.394	1.35267	1.35269			6
2025.07.23	02:02:00.700	1.35266				2
2025.07.23	02:02:01.306	1.35265	1.35268			6
2025.07.23	02:02:01.919	1.35266				2
2025.07.23	02:02:02.222	1.35265				2
2025.07.23	02:02:05.585	1.35266				2
2025.07.23	02:02:09.567		1.35267			4
2025.07.23	02:02:09.875		1.35268			4
2025.07.23	02:02:11.409		1.35267			4
2025.07.23	02:02:12.631		1.35268			4
2025.07.23	02:02:17.537	1.35267				2
2025.07.23	02:02:17.840		1.35269			4
2025.07.23	02:02:21.182	1.35270	1.35271			6
2025.07.23	02:02:22.408		1.35272			4
2025.07.23	02:02:23.031		1.35271			4
2025.07.23	02:02:23.336		1.35272			4
2025.07.23	02:02:28.199		1.35273			4
2025.07.23	02:02:30.958	1.35272	1.35275			6
2025.07.23	02:02:31.267	1.35273	1.35276			6
2025.07.23	02:02:32.188	1.35271	1.35278			6
2025.07.23	02:02:32.498	1.35272	1.35279			6
2025.07.23	02:02:33.108		1.35278			4
2025.07.23	02:02:34.345	1.35275				2
2025.07.23	02:02:37.139		1.35277			4
2025.07.23	02:02:37.446		1.35278			4
2025.07.23	02:02:39.000		1.35277			4
2025.07.23	02:02:44.563	1.35274				2
2025.07.23	02:02:49.442	1.35275				2
2025.07.23	02:02:54.023		1.35278			4
2025.07.23	02:02:54.333		1.35277			4
2025.07.23	02:02:59.550		1.35278			4
2025.07.23	02:03:00.161	1.35275				2
2025.07.23	02:03:00.469	1.35276	1.35279			6
2025.07.23	02:03:00.777	1.35275	1.35278			6
2025.07.23	02:03:02.926	1.35276	1.35279			6
2025.07.23	02:03:08.141	1.35275	1.35278			6
2025.07.23	02:03:14.911		1.35276			4
2025.07.23	02:03:15.217	1.35272	1.35275			6
2025.07.23	02:03:16.145		1.35277			4
2025.07.23	02:03:16.764		1.35276			4
2025.07.23	02:03:24.161		1.35275			4
2025.07.23	02:03:25.707		1.35273			4
2025.07.23	02:03:27.223		1.35274			4
2025.07.23	02:03:29.365		1.35273			4
2025.07.23	02:03:32.098		1.35274			4
2025.07.23	02:03:34.239		1.35275			4
2025.07.23	02:03:37.309		1.35274			4
2025.07.23	02:03:43.390		1.35275			4
2025.07.23	02:03:43.692		1.35274			4
2025.07.23	02:03:47.338		1.35275			4
2025.07.23	02:03:48.867		1.35274			4
2025.07.23	02:03:50.409	1.35271				2
2025.07.23	02:03:55.617		1.35273			4
2025.07.23	02:03:56.536		1.35274			4
2025.07.23	02:03:57.155		1.35275			4
2025.07.23	02:03:59.298		1.35274			4
2025.07.23	02:04:00.224	1.35271				2
2025.07.23	02:04:02.363	1.35268	1.35270			6
2025.07.23	02:04:02.668	1.35267	1.35269			6
2025.07.23	02:04:03.276		1.35271			4
2025.07.23	02:04:06.344		1.35270			4
2025.07.23	02:04:10.330	1.35266	1.35268			6
2025.07.23	02:04:10.636		1.35269			4
2025.07.23	02:04:12.174	1.35265	1.35268			6
2025.07.23	02:04:15.250		1.35267			4
2025.07.23	02:04:27.761	1.35264				2
2025.07.23	02:04:30.219	1.35266	1.35269			6
2025.07.23	02:04:31.434	1.35267	1.35270			6
2025.07.23	02:04:35.410		1.35269			4
2025.07.23	02:04:36.927		1.35270			4
2025.07.23	02:04:38.139	1.35268	1.35271			6
2025.07.23	02:04:54.872	1.35267	1.35270			6
2025.07.23	02:05:00.086	1.35267				2
2025.07.23	02:05:01.300	1.35268	1.35271			6
2025.07.23	02:05:14.153	1.35266	1.35268			6
2025.07.23	02:05:14.460	1.35259	1.35261			6
2025.07.23	02:05:15.375		1.35263			4
2025.07.23	02:05:26.101		1.35262			4
2025.07.23	02:05:29.776		1.35263			4
2025.07.23	02:05:31.313	1.35260				2
2025.07.23	02:05:31.621	1.35257	1.35260			6
2025.07.23	02:05:32.231		1.35261			4
2025.07.23	02:05:34.377	1.35258				2
2025.07.23	02:05:34.680	1.35257	1.35260			6
2025.07.23	02:06:00.286	1.35257				2
2025.07.23	02:06:34.694		1.35260			4
2025.07.23	02:06:51.344	1.35259	1.35262			6
2025.07.23	02:06:53.199	1.35258	1.35261			6
2025.07.23	02:06:54.129		1.35262			4
2025.07.23	02:06:55.370		1.35261			4
2025.07.23	02:07:00.306	1.35258				2
2025.07.23	02:07:06.180	1.35257	1.35260			6
2025.07.23	02:08:00.168	1.35257				2
2025.07.23	02:08:06.327		1.35260			4
2025.07.23	02:08:35.048		1.35261			4
2025.07.23	02:08:35.356	1.35256				2
2025.07.23	02:08:38.136		1.35260			4
2025.07.23	02:08:43.368		1.35261			4
2025.07.23	02:08:52.300		1.35260			4
2025.07.23	02:08:54.144	1.35257				2
2025.07.23	02:08:54.753	1.35256	1.35259			6
2025.07.23	02:08:55.363		1.35261			4
2025.07.23	02:08:59.675		1.35260			4
2025.07.23	02:09:00.296	1.35256	1.35259			6
2025.07.23	02:09:01.524	1.35255				2
2025.07.23	02:09:05.223		1.35258			4
2025.07.23	02:09:05.534	1.35256				2
2025.07.23	02:09:10.155		1.35259			4
2025.07.23	02:09:12.325		1.35258			4
2025.07.23	02:09:15.099		1.35257			4
2025.07.23	02:09:21.831		1.35258			4
2025.07.23	02:09:48.139		1.35259			4
2025.07.23	02:09:49.359		1.35258			4
2025.07.23	02:09:53.355		1.35259			4
2025.07.23	02:09:54.285		1.35261			4
2025.07.23	02:09:55.212		1.35260			4
2025.07.23	02:09:56.139		1.35259			4
2025.07.23	02:09:58.295		1.35258			4
2025.07.23	02:10:00.127	1.35256				2
2025.07.23	02:10:00.742	1.35255	1.35257			6
2025.07.23	02:10:02.263		1.35258			4
2025.07.23	02:10:10.268		1.35257			4
2025.07.23	02:10:14.848		1.35258			4
2025.07.23	02:10:16.391		1.35260			4
2025.07.23	02:10:17.308		1.35259			4
2025.07.23	02:10:18.235		1.35258			4
2025.07.23	02:10:21.310	1.35260	1.35262			6
2025.07.23	02:10:21.623	1.35258	1.35261			6
2025.07.23	02:10:23.466		1.35262			4
2025.07.23	02:10:31.470	1.35257	1.35261			6
2025.07.23	02:10:32.695		1.35262			4
2025.07.23	02:10:34.223		1.35261			4
2025.07.23	02:10:36.378		1.35260			4
2025.07.23	02:10:46.443		1.35259			4
2025.07.23	02:10:48.273	1.35255	1.35258			6
2025.07.23	02:11:00.170	1.35255				2
2025.07.23	02:11:17.871	1.35254	1.35257			6
2025.07.23	02:11:28.245	1.35255	1.35258			6
2025.07.23	02:11:28.548	1.35254	1.35257			6
2025.07.23	02:11:38.306	1.35255				2
2025.07.23	02:11:52.647		1.35258			4
2025.07.23	02:11:52.949	1.35256	1.35259			6
2025.07.23	02:11:53.264		1.35262			4
2025.07.23	02:12:00.066	1.35256				2
2025.07.23	02:12:00.677		1.35261			4
2025.07.23	02:12:01.295		1.35262			4
2025.07.23	02:12:02.222		1.35261			4
2025.07.23	02:12:04.378		1.35260			4
2025.07.23	02:12:04.686	1.35257	1.35261			6
2025.07.23	02:12:05.612	1.35256	1.35260			6
2025.07.23	02:12:06.232		1.35261			4
2025.07.23	02:12:07.159		1.35260			4
2025.07.23	02:12:09.317	1.35257				2
2025.07.23	02:12:11.149	1.35258	1.35261			6
2025.07.23	02:12:31.695	1.35257	1.35260			6
2025.07.23	02:12:32.000	1.35258	1.35261			6
2025.07.23	02:13:00.041	1.35258				2
2025.07.23	02:13:01.275		1.35262			4
2025.07.23	02:13:01.582	1.35257	1.35261			6
2025.07.23	02:13:01.892	1.35256	1.35260			6
2025.07.23	02:13:02.201		1.35262			4
2025.07.23	02:13:04.664		1.35261			4
2025.07.23	02:13:10.227		1.35260			4
2025.07.23	02:13:10.539		1.35261			4
2025.07.23	02:13:12.391		1.35262			4
2025.07.23	02:13:15.170	1.35258	1.35261			6
2025.07.23	02:13:15.479	1.35259	1.35263			6
2025.07.23	02:13:16.402	1.35263	1.35269			6
2025.07.23	02:13:16.703	1.35265	1.35271			6
2025.07.23	02:13:17.315	1.35266				2
2025.07.23	02:13:17.622	1.35271	1.35277			6
2025.07.23	02:13:17.924	1.35269	1.35274			6
2025.07.23	02:13:18.226		1.35275			4
2025.07.23	02:13:18.533	1.35268	1.35273			6
2025.07.23	02:13:18.835		1.35274			4
2025.07.23	02:13:19.140	1.35272	1.35276			6
2025.07.23	02:13:19.444	1.35271	1.35277			6
2025.07.23	02:13:19.746	1.35274	1.35280			6
2025.07.23	02:13:20.048	1.35275	1.35281			6
2025.07.23	02:13:20.360	1.35272	1.35278			6
2025.07.23	02:13:20.970	1.35280	1.35284			6
2025.07.23	02:13:21.273	1.35287	1.35293			6
2025.07.23	02:13:21.579	1.35285	1.35291			6
2025.07.23	02:13:21.887	1.35287				2
2025.07.23	02:13:22.195	1.35288	1.35292			6
2025.07.23	02:13:22.508	1.35284	1.35290			6
2025.07.23	02:13:22.810	1.35289	1.35295			6
2025.07.23	02:13:23.120	1.35286	1.35291			6
2025.07.23	02:13:23.423	1.35282	1.35288			6
2025.07.23	02:13:23.726	1.35285	1.35291			6
2025.07.23	02:13:24.030	1.35283	1.35289			6
2025.07.23	02:13:24.330	1.35285	1.35291			6
2025.07.23	02:13:24.635	1.35283	1.35289			6
2025.07.23	02:13:24.947	1.35294	1.35300			6
