<DATE>	<TIME>	<BID>	<ASK>	<LAST>	<VOLUME>	<FLAGS>
2025.03.17	00:00:00.003	1.29164	1.29356			6
2025.03.17	00:01:00.061	1.29164	1.29356			6
2025.03.17	00:01:10.215	1.29169	1.29361			6
2025.03.17	00:01:43.375	1.29168	1.29360			6
2025.03.17	00:02:00.122	1.29168				2
2025.03.17	00:02:43.432		1.29360			4
2025.03.17	00:03:00.250	1.29168				2
2025.03.17	00:03:05.755	1.29170	1.29362			6
2025.03.17	00:04:00.201	1.29170				2
2025.03.17	00:04:06.042		1.29362			4
2025.03.17	00:04:24.510	1.29157	1.29349			6
2025.03.17	00:04:30.355	1.29197	1.29389			6
2025.03.17	00:04:35.585	1.29196	1.29388			6
2025.03.17	00:04:54.052	1.29197	1.29389			6
2025.03.17	00:05:00.198	1.29197				2
2025.03.17	00:05:20.829	1.29202	1.29394			6
2025.03.17	00:06:00.230	1.29202				2
2025.03.17	00:06:02.079	1.29234	1.29426			6
2025.03.17	00:06:23.939	1.29233	1.29425			6
2025.03.17	00:06:27.016		1.29424			4
2025.03.17	00:06:31.010	1.29234	1.29426			6
2025.03.17	00:06:43.928	1.29233	1.29425			6
2025.03.17	00:06:48.558	1.29234	1.29426			6
2025.03.17	00:06:51.016	1.29233	1.29424			6
2025.03.17	00:06:57.168	1.29234	1.29426			6
2025.03.17	00:07:00.228	1.29234				2
2025.03.17	00:07:00.848	1.29233	1.29425			6
2025.03.17	00:07:01.765		1.29424			4
2025.03.17	00:07:07.298		1.29425			4
2025.03.17	00:07:07.905		1.29424			4
2025.03.17	00:07:08.519		1.29425			4
2025.03.17	00:07:10.376	1.29252	1.29437			6
2025.03.17	00:07:40.862		1.29427			4
2025.03.17	00:07:42.409		1.29426			4
2025.03.17	00:07:46.721		1.29427			4
2025.03.17	00:07:51.959	1.29246	1.29375			6
2025.03.17	00:08:00.326	1.29247				2
2025.03.17	00:08:11.154	1.29267	1.29354			6
2025.03.17	00:08:36.552	1.29257	1.29317			6
2025.03.17	00:08:45.391	1.29247				2
2025.03.17	00:09:00.577	1.29247				2
2025.03.17	00:09:12.494	1.29267	1.29343			6
2025.03.17	00:10:00.456	1.29267				2
2025.03.17	00:10:12.577		1.29343			4
2025.03.17	00:11:00.574	1.29267				2
2025.03.17	00:11:13.476		1.29343			4
2025.03.17	00:12:00.573	1.29267				2
2025.03.17	00:12:14.081		1.29343			4
2025.03.17	00:13:00.576	1.29267				2
2025.03.17	00:13:15.277		1.29343			4
2025.03.17	00:13:23.748	1.29248	1.29367			6
2025.03.17	00:13:37.721	1.29252	1.29322			6
2025.03.17	00:14:00.579	1.29252				2
2025.03.17	00:14:15.751	1.29246	1.29338			6
2025.03.17	00:14:30.578	1.29247				2
2025.03.17	00:15:00.576	1.29247				2
2025.03.17	00:15:03.001	1.29260				2
2025.03.17	00:15:10.878		1.29340			4
2025.03.17	00:15:15.796	1.29261				2
2025.03.17	00:15:34.772	1.29263				2
2025.03.17	00:15:35.725	1.29261				2
2025.03.17	00:15:37.017	1.29263				2
2025.03.17	00:15:43.008	1.29261				2
2025.03.17	00:15:44.147	1.29263				2
2025.03.17	00:15:49.003	1.29265				2
2025.03.17	00:15:53.007	1.29267				2
2025.03.17	00:15:55.778	1.29259	1.29327			6
2025.03.17	00:15:59.371	1.29267	1.29347			6
2025.03.17	00:16:00.304	1.29267	1.29341			6
2025.03.17	00:16:00.902	1.29265				2
2025.03.17	00:16:03.007	1.29267				2
2025.03.17	00:16:20.578	1.29268				2
2025.03.17	00:16:34.687	1.29272	1.29346			6
2025.03.17	00:16:35.977	1.29268				2
2025.03.17	00:17:00.275	1.29268				2
2025.03.17	00:17:28.752	1.29265	1.29337			6
2025.03.17	00:17:44.112	1.29270	1.29391			6
2025.03.17	00:17:44.414		1.29394			4
2025.03.17	00:17:45.029		1.29391			4
2025.03.17	00:17:45.340		1.29393			4
2025.03.17	00:17:45.647		1.29390			4
2025.03.17	00:17:45.956		1.29394			4
2025.03.17	00:17:46.263		1.29391			4
2025.03.17	00:17:46.569		1.29394			4
2025.03.17	00:17:46.870		1.29393			4
2025.03.17	00:17:47.174	1.29271	1.29396			6
2025.03.17	00:17:47.498	1.29270				2
2025.03.17	00:17:47.798		1.29394			4
2025.03.17	00:17:48.105	1.29271	1.29397			6
2025.03.17	00:17:48.408		1.29395			4
2025.03.17	00:17:48.716	1.29270	1.29398			6
2025.03.17	00:17:49.017	1.29271	1.29396			6
2025.03.17	00:17:49.336	1.29270				2
2025.03.17	00:17:49.642		1.29397			4
2025.03.17	00:17:50.261		1.29396			4
2025.03.17	00:17:50.569		1.29397			4
2025.03.17	00:17:50.877	1.29271	1.29398			6
2025.03.17	00:17:51.186		1.29399			4
2025.03.17	00:17:52.417		1.29398			4
2025.03.17	00:17:52.725		1.29399			4
2025.03.17	00:17:53.032		1.29398			4
2025.03.17	00:17:53.341		1.29399			4
2025.03.17	00:17:53.957	1.29272				2
2025.03.17	00:17:54.264	1.29267	1.29397			6
2025.03.17	00:17:57.034	1.29290	1.29404			6
2025.03.17	00:17:57.340		1.29405			4
2025.03.17	00:17:59.488		1.29403			4
2025.03.17	00:17:59.792		1.29402			4
2025.03.17	00:18:00.105	1.29290	1.29404			6
2025.03.17	00:18:00.407		1.29406			4
2025.03.17	00:18:01.326		1.29405			4
2025.03.17	00:18:01.645		1.29406			4
2025.03.17	00:18:02.565		1.29404			4
2025.03.17	00:18:02.868		1.29405			4
2025.03.17	00:18:04.694		1.29403			4
2025.03.17	00:18:05.005		1.29402			4
2025.03.17	00:18:05.609		1.29403			4
2025.03.17	00:18:05.920		1.29402			4
2025.03.17	00:18:06.229		1.29403			4
2025.03.17	00:18:06.844		1.29402			4
2025.03.17	00:18:07.447		1.29403			4
2025.03.17	00:18:07.763		1.29402			4
2025.03.17	00:18:08.368		1.29401			4
2025.03.17	00:18:08.684		1.29403			4
2025.03.17	00:18:08.986		1.29401			4
2025.03.17	00:18:09.301		1.29403			4
2025.03.17	00:18:09.606		1.29401			4
2025.03.17	00:18:10.219		1.29402			4
2025.03.17	00:18:11.130		1.29401			4
2025.03.17	00:18:11.432		1.29402			4
2025.03.17	00:18:12.357		1.29401			4
2025.03.17	00:18:12.968		1.29402			4
2025.03.17	00:18:13.288		1.29401			4
2025.03.17	00:18:13.592		1.29402			4
2025.03.17	00:18:14.520		1.29401			4
2025.03.17	00:18:14.825		1.29402			4
2025.03.17	00:18:15.127		1.29401			4
2025.03.17	00:18:15.444		1.29402			4
2025.03.17	00:18:15.745		1.29401			4
2025.03.17	00:18:16.054		1.29402			4
2025.03.17	00:18:16.364		1.29401			4
2025.03.17	00:18:16.666		1.29402			4
2025.03.17	00:18:17.284		1.29401			4
2025.03.17	00:18:17.587		1.29402			4
2025.03.17	00:18:17.887		1.29400			4
2025.03.17	00:18:18.190		1.29402			4
2025.03.17	00:18:18.503		1.29400			4
2025.03.17	00:18:18.805		1.29402			4
2025.03.17	00:18:19.117		1.29400			4
2025.03.17	00:18:19.424		1.29402			4
2025.03.17	00:18:19.732		1.29400			4
2025.03.17	00:18:20.040		1.29402			4
2025.03.17	00:18:20.346		1.29400			4
2025.03.17	00:18:20.657		1.29401			4
2025.03.17	00:18:45.283		1.29395			4
2025.03.17	00:18:48.363	1.29273	1.29388			6
2025.03.17	00:18:49.598	1.29272				2
2025.03.17	00:18:51.442	1.29273				2
2025.03.17	00:18:57.290	1.29272				2
2025.03.17	00:19:00.074	1.29272				2
2025.03.17	00:19:00.684		1.29387			4
2025.03.17	00:19:02.529		1.29388			4
2025.03.17	00:19:25.639	1.29283	1.29389			6
2025.03.17	00:19:30.569		1.29390			4
2025.03.17	00:19:39.483		1.29397			4
2025.03.17	00:19:45.625		1.29393			4
2025.03.17	00:20:00.577	1.29283				2
2025.03.17	00:20:09.883		1.29363			4
2025.03.17	00:20:27.304	1.29269	1.29376			6
2025.03.17	00:20:29.458	1.29268				2
2025.03.17	00:20:51.005	1.29270				2
2025.03.17	00:21:00.232	1.29270				2
2025.03.17	00:21:07.299	1.29283				2
2025.03.17	00:21:08.224	1.29294	1.29364			6
2025.03.17	00:21:09.311	1.29289	1.29369			6
2025.03.17	00:21:16.856	1.29283	1.29367			6
2025.03.17	00:21:17.306		1.29363			4
2025.03.17	00:21:18.309	1.29268	1.29374			6
2025.03.17	00:22:00.167	1.29268				2
2025.03.17	00:22:07.549	1.29267				2
2025.03.17	00:22:17.399	1.29274				2
2025.03.17	00:22:18.017	1.29286	1.29373			6
2025.03.17	00:22:43.303	1.29296	1.29369			6
2025.03.17	00:23:03.872	1.29296				2
2025.03.17	00:23:04.298	1.29300	1.29370			6
2025.03.17	00:23:12.656	1.29290	1.29366			6
2025.03.17	00:23:13.169	1.29279	1.29378			6
2025.03.17	00:23:15.626	1.29260	1.29373			6
2025.03.17	00:23:29.792	1.29261				2
2025.03.17	00:24:00.306	1.29261				2
2025.03.17	00:24:15.692		1.29373			4
2025.03.17	00:24:16.303		1.29363			4
2025.03.17	00:24:49.027	1.29260				2
2025.03.17	00:25:03.595	1.29260				2
2025.03.17	00:25:20.142	1.29261	1.29363			6
2025.03.17	00:25:20.679	1.29271				2
2025.03.17	00:25:21.303		1.29373			4
2025.03.17	00:25:25.604		1.29385			4
2025.03.17	00:25:31.172		1.29387			4
2025.03.17	00:25:33.875		1.29388			4
2025.03.17	00:25:35.882		1.29385			4
2025.03.17	00:25:36.402	1.29261	1.29381			6
2025.03.17	00:26:00.574	1.29261				2
2025.03.17	00:26:39.880		1.29381			4
2025.03.17	00:26:41.310		1.29373			4
2025.03.17	00:27:04.177	1.29261				2
2025.03.17	00:27:24.299	1.29260				2
2025.03.17	00:27:30.307	1.29258	1.29381			6
2025.03.17	00:28:06.872	1.29258				2
2025.03.17	00:28:31.472		1.29381			4
2025.03.17	00:28:49.773		1.29380			4
2025.03.17	00:28:50.816	1.29269	1.29383			6
2025.03.17	00:29:00.036	1.29269				2
2025.03.17	00:29:00.651		1.29385			4
2025.03.17	00:29:43.472	1.29268				2
2025.03.17	00:29:48.198	1.29260	1.29348			6
2025.03.17	00:29:59.607	1.29240	1.29344			6
2025.03.17	00:30:00.222	1.29243				2
2025.03.17	00:30:01.143	1.29240				2
2025.03.17	00:30:05.437	1.29242				2
2025.03.17	00:30:07.284	1.29239				2
2025.03.17	00:30:11.582	1.29240				2
2025.03.17	00:30:28.823	1.29247	1.29369			6
2025.03.17	00:30:30.050		1.29370			4
2025.03.17	00:30:30.357	1.29244	1.29368			6
2025.03.17	00:30:34.356	1.29239	1.29367			6
2025.03.17	00:30:36.510	1.29238				2
2025.03.17	00:30:42.339	1.29235	1.29363			6
2025.03.17	00:30:44.485	1.29234	1.29361			6
2025.03.17	00:30:50.329	1.29233	1.29359			6
2025.03.17	00:30:50.631	1.29232	1.29358			6
2025.03.17	00:30:55.854	1.29229	1.29352			6
2025.03.17	00:31:00.156	1.29229				2
2025.03.17	00:31:06.298	1.29228	1.29351			6
2025.03.17	00:31:12.759	1.29232	1.29355			6
2025.03.17	00:31:13.678	1.29228	1.29350			6
2025.03.17	00:31:14.601	1.29225	1.29347			6
2025.03.17	00:31:14.914	1.29224	1.29346			6
2025.03.17	00:31:15.530	1.29222	1.29345			6
2025.03.17	00:31:16.143	1.29221	1.29344			6
2025.03.17	00:31:17.374	1.29225	1.29347			6
2025.03.17	00:31:18.296	1.29224	1.29346			6
2025.03.17	00:31:19.524	1.29225				2
2025.03.17	00:31:25.358		1.29347			4
2025.03.17	00:31:26.586		1.29346			4
2025.03.17	00:31:35.188	1.29226				2
2025.03.17	00:31:41.637	1.29214	1.29334			6
2025.03.17	00:31:42.250	1.29213	1.29333			6
2025.03.17	00:31:44.097	1.29212				2
2025.03.17	00:31:45.030	1.29213				2
2025.03.17	00:31:45.642		1.29334			4
2025.03.17	00:31:45.953	1.29214				2
2025.03.17	00:31:47.798		1.29335			4
2025.03.17	00:31:48.109	1.29215				2
2025.03.17	00:31:49.341	1.29214	1.29339			6
2025.03.17	00:31:49.957	1.29199	1.29343			6
2025.03.17	00:31:50.880		1.29344			4
2025.03.17	00:31:51.191		1.29345			4
2025.03.17	00:31:52.423	1.29200	1.29346			6
2025.03.17	00:31:53.342		1.29347			4
2025.03.17	00:31:55.188		1.29348			4
2025.03.17	00:31:55.802	1.29210	1.29366			6
2025.03.17	00:31:56.416	1.29206	1.29369			6
2025.03.17	00:31:56.728	1.29197				2
2025.03.17	00:31:57.654	1.29195	1.29373			6
2025.03.17	00:31:58.572	1.29194				2
2025.03.17	00:32:00.115	1.29194				2
2025.03.17	00:32:00.426	1.29201				2
2025.03.17	00:32:01.035	1.29200				2
2025.03.17	00:32:01.342	1.29199				2
2025.03.17	00:32:04.726	1.29204				2
2025.03.17	00:32:05.653	1.29205				2
2025.03.17	00:32:06.271		1.29372			4
2025.03.17	00:32:06.884	1.29204				2
2025.03.17	00:32:09.662		1.29371			4
2025.03.17	00:32:10.889		1.29369			4
2025.03.17	00:32:11.202	1.29185	1.29361			6
2025.03.17	00:32:13.044	1.29184				2
2025.03.17	00:32:17.976	1.29185				2
2025.03.17	00:32:18.903	1.29197	1.29360			6
2025.03.17	00:32:19.210	1.29196	1.29359			6
2025.03.17	00:32:22.292		1.29358			4
2025.03.17	00:32:22.604	1.29195				2
2025.03.17	00:32:24.141	1.29271	1.29361			6
2025.03.17	00:32:28.301	1.29273				2
2025.03.17	00:32:29.304	1.29275				2
2025.03.17	00:33:00.272	1.29275				2
2025.03.17	00:33:22.174	1.29284				2
2025.03.17	00:33:24.308		1.29361			4
2025.03.17	00:33:30.637	1.29264	1.29353			6
2025.03.17	00:33:30.939	1.29258				2
2025.03.17	00:33:31.261	1.29257				2
2025.03.17	00:33:36.780	1.29258				2
2025.03.17	00:34:00.155	1.29258				2
2025.03.17	00:34:25.409	1.29259				2
2025.03.17	00:34:26.029	1.29261				2
2025.03.17	00:34:30.639	1.29260	1.29353			6
2025.03.17	00:34:34.314	1.29249				2
2025.03.17	00:34:36.156	1.29192				2
2025.03.17	00:34:39.853	1.29194				2
2025.03.17	00:34:41.696	1.29195				2
2025.03.17	00:34:42.922	1.29194				2
2025.03.17	00:34:46.617	1.29195				2
2025.03.17	00:34:54.303	1.29191				2
2025.03.17	00:34:54.612	1.29195				2
2025.03.17	00:35:00.135	1.29195				2
2025.03.17	00:35:06.292	1.29191				2
2025.03.17	00:35:06.593	1.29195				2
2025.03.17	00:35:16.121	1.29191				2
2025.03.17	00:35:16.743	1.29195				2
2025.03.17	00:35:20.115	1.29184	1.29323			6
2025.03.17	00:35:20.423	1.29186				2
2025.03.17	00:35:21.653	1.29182				2
2025.03.17	00:35:21.964	1.29185				2
2025.03.17	00:35:22.881	1.29184				2
2025.03.17	00:35:25.957	1.29188				2
2025.03.17	00:35:27.187	1.29269	1.29343			6
2025.03.17	00:35:27.804		1.29344			4
2025.03.17	00:35:42.872	1.29270	1.29360			6
2025.03.17	00:35:51.126	1.29186	1.29351			6
2025.03.17	00:35:51.432	1.29183				2
2025.03.17	00:35:51.740	1.29184				2
2025.03.17	00:35:57.896	1.29190	1.29323			6
2025.03.17	00:35:58.202	1.29193				2
2025.03.17	00:35:58.509	1.29190				2
2025.03.17	00:36:00.051	1.29190				2
2025.03.17	00:36:00.665	1.29188				2
2025.03.17	00:36:00.973	1.29187				2
2025.03.17	00:36:01.591	1.29188				2
2025.03.17	00:36:04.057	1.29185				2
2025.03.17	00:36:04.364	1.29187				2
2025.03.17	00:36:04.978	1.29185				2
2025.03.17	00:36:05.284	1.29194				2
2025.03.17	00:36:05.593	1.29190				2
2025.03.17	00:36:05.898	1.29188				2
2025.03.17	00:36:06.211	1.29185				2
2025.03.17	00:36:06.518	1.29187				2
2025.03.17	00:36:06.824	1.29186				2
2025.03.17	00:36:07.126	1.29185				2
2025.03.17	00:36:07.437	1.29186				2
2025.03.17	00:36:07.748	1.29188				2
2025.03.17	00:36:08.055	1.29185				2
2025.03.17	00:36:08.365	1.29226	1.29318			6
2025.03.17	00:36:14.921	1.29215				2
2025.03.17	00:36:16.756	1.29216				2
2025.03.17	00:36:18.593	1.29236				2
2025.03.17	00:36:19.745	1.29232	1.29305			6
2025.03.17	00:36:29.633	1.29236	1.29306			6
2025.03.17	00:36:30.135	1.29248	1.29318			6
2025.03.17	00:36:41.004	1.29238	1.29308			6
2025.03.17	00:36:41.885	1.29242	1.29312			6
2025.03.17	00:36:51.806	1.29244	1.29314			6
2025.03.17	00:36:52.307	1.29248	1.29318			6
2025.03.17	00:37:01.893	1.29243	1.29313			6
2025.03.17	00:37:06.274	1.29248	1.29318			6
2025.03.17	00:37:06.597	1.29256	1.29326			6
2025.03.17	00:37:48.350	1.29266	1.29336			6
2025.03.17	00:37:58.975	1.29221	1.29353			6
2025.03.17	00:37:59.289	1.29224				2
2025.03.17	00:37:59.594	1.29222				2
2025.03.17	00:37:59.907	1.29223				2
2025.03.17	00:38:00.213	1.29223				2
2025.03.17	00:38:00.521	1.29220				2
2025.03.17	00:38:00.829	1.29216	1.29352			6
2025.03.17	00:38:01.139	1.29215	1.29349			6
2025.03.17	00:38:01.442	1.29216	1.29350			6
2025.03.17	00:38:01.751	1.29219	1.29353			6
2025.03.17	00:38:02.058	1.29222	1.29352			6
2025.03.17	00:38:02.364	1.29223	1.29350			6
2025.03.17	00:38:02.675	1.29215				2
2025.03.17	00:38:04.212		1.29349			4
2025.03.17	00:38:04.525	1.29217	1.29352			6
2025.03.17	00:38:04.829	1.29216	1.29351			6
2025.03.17	00:38:05.442	1.29218	1.29353			6
2025.03.17	00:38:05.749	1.29219				2
2025.03.17	00:38:06.060		1.29352			4
2025.03.17	00:38:06.363	1.29217				2
2025.03.17	00:38:06.672	1.29214	1.29349			6
2025.03.17	00:38:07.597	1.29226	1.29353			6
2025.03.17	00:38:07.905	1.29218				2
2025.03.17	00:38:08.217	1.29217	1.29352			6
2025.03.17	00:38:08.523	1.29220	1.29350			6
2025.03.17	00:38:08.825	1.29216	1.29352			6
2025.03.17	00:38:09.132	1.29221	1.29353			6
2025.03.17	00:38:09.437	1.29216	1.29351			6
2025.03.17	00:38:09.749	1.29220	1.29353			6
2025.03.17	00:38:14.671	1.29221				2
2025.03.17	00:38:14.974	1.29223				2
2025.03.17	00:38:15.284	1.29222				2
2025.03.17	00:38:18.673	1.29212	1.29318			6
2025.03.17	00:38:18.980	1.29211				2
2025.03.17	00:38:19.284	1.29204				2
2025.03.17	00:38:19.586	1.29211				2
2025.03.17	00:38:19.887	1.29212				2
2025.03.17	00:38:21.113	1.29208				2
2025.03.17	00:38:21.418	1.29210				2
2025.03.17	00:38:22.643	1.29214				2
2025.03.17	00:38:23.254	1.29208				2
2025.03.17	00:38:24.486	1.29205				2
2025.03.17	00:38:31.235	1.29240	1.29323			6
2025.03.17	00:38:34.251	1.29236	1.29336			6
2025.03.17	00:38:34.570	1.29235				2
2025.03.17	00:38:43.783	1.29238				2
2025.03.17	00:38:44.400	1.29241				2
2025.03.17	00:38:44.704	1.29240				2
2025.03.17	00:38:46.248	1.29253				2
2025.03.17	00:38:47.165	1.29266				2
2025.03.17	00:38:49.854	1.29253	1.29333			6
2025.03.17	00:39:00.021	1.29253				2
2025.03.17	00:39:07.694	1.29263	1.29359			6
2025.03.17	00:39:15.872	1.29264				2
2025.03.17	00:39:21.762	1.29288	1.29378			6
2025.03.17	00:39:22.774	1.29291				2
2025.03.17	00:39:34.580	1.29303				2
2025.03.17	00:39:44.516	1.29305				2
2025.03.17	00:39:54.056	1.29306				2
2025.03.17	00:40:00.579	1.29306				2
2025.03.17	00:40:23.378		1.29378			4
2025.03.17	00:40:33.689	1.29312	1.29379			6
2025.03.17	00:40:34.280		1.29378			4
2025.03.17	00:41:00.273	1.29312				2
2025.03.17	00:41:01.193	1.29298	1.29360			6
2025.03.17	00:41:02.114	1.29284	1.29354			6
2025.03.17	00:41:05.560	1.29270	1.29340			6
2025.03.17	00:42:00.562	1.29270				2
2025.03.17	00:42:10.578		1.29340			4
2025.03.17	00:43:05.556	1.29270				2
2025.03.17	00:43:11.080		1.29340			4
2025.03.17	00:44:01.429	1.29270				2
2025.03.17	00:44:13.479		1.29340			4
2025.03.17	00:45:02.030	1.29253	1.29357			6
2025.03.17	00:45:04.193	1.29270	1.29340			6
2025.03.17	00:45:09.183	1.29286	1.29324			6
2025.03.17	00:46:00.146	1.29286				2
2025.03.17	00:46:09.363		1.29324			4
2025.03.17	00:47:00.087	1.29286				2
2025.03.17	00:47:01.938	1.29269	1.29341			6
2025.03.17	00:47:04.090	1.29286	1.29324			6
2025.03.17	00:48:00.024	1.29286				2
2025.03.17	00:48:04.337		1.29324			4
2025.03.17	00:48:53.524	1.29292	1.29330			6
2025.03.17	00:49:00.294	1.29292				2
2025.03.17	00:49:01.216	1.29282	1.29320			6
2025.03.17	00:50:00.214	1.29282				2
2025.03.17	00:50:01.445		1.29320			4
2025.03.17	00:50:15.889	1.29292	1.29310			6
2025.03.17	00:51:00.144	1.29292				2
2025.03.17	00:51:16.138		1.29310			4
2025.03.17	00:52:00.170	1.29292				2
2025.03.17	00:52:16.168		1.29310			4
2025.03.17	00:53:00.154	1.29292				2
2025.03.17	00:53:16.461		1.29310			4
2025.03.17	00:53:27.544	1.29284	1.29307			6
2025.03.17	00:53:28.161	1.29283				2
2025.03.17	00:53:28.471	1.29289				2
2025.03.17	00:53:41.093	1.29285				2
2025.03.17	00:54:00.179	1.29285				2
2025.03.17	00:54:27.611		1.29307			4
2025.03.17	00:55:00.233	1.29285				2
2025.03.17	00:55:10.073	1.29264	1.29330			6
2025.03.17	00:55:10.376	1.29249	1.29326			6
2025.03.17	00:55:10.688		1.29325			4
2025.03.17	00:55:10.999	1.29248				2
2025.03.17	00:55:11.303	1.29249	1.29327			6
2025.03.17	00:55:13.465	1.29248	1.29324			6
2025.03.17	00:55:13.767		1.29323			4
2025.03.17	00:55:14.071	1.29247				2
2025.03.17	00:55:21.152	1.29246	1.29320			6
2025.03.17	00:55:23.316	1.29248	1.29322			6
2025.03.17	00:55:24.542	1.29246				2
2025.03.17	00:55:27.005		1.29321			4
2025.03.17	00:55:27.927	1.29249	1.29326			6
2025.03.17	00:55:30.394	1.29243	1.29322			6
2025.03.17	00:55:31.009		1.29323			4
2025.03.17	00:55:31.313	1.29231	1.29330			6
2025.03.17	00:55:31.622	1.29226				2
2025.03.17	00:55:31.927	1.29230				2
2025.03.17	00:55:32.242	1.29229				2
2025.03.17	00:55:37.476	1.29228				2
2025.03.17	00:55:39.325	1.29221	1.29301			6
2025.03.17	00:55:39.628	1.29225				2
2025.03.17	00:55:43.635	1.29224				2
2025.03.17	00:55:46.093	1.29220	1.29277			6
2025.03.17	00:55:55.625	1.29219	1.29291			6
2025.03.17	00:55:55.933	1.29223	1.29301			6
2025.03.17	00:55:56.247	1.29221				2
2025.03.17	00:56:00.238	1.29221				2
2025.03.17	00:56:01.469	1.29218	1.29332			6
2025.03.17	00:56:01.774	1.29221	1.29331			6
2025.03.17	00:56:02.090	1.29226	1.29330			6
2025.03.17	00:56:02.396	1.29224	1.29331			6
2025.03.17	00:56:02.703		1.29330			4
2025.03.17	00:56:03.008	1.29225	1.29331			6
2025.03.17	00:56:12.545	1.29233	1.29327			6
2025.03.17	00:56:16.246	1.29234				2
2025.03.17	00:56:17.474	1.29233				2
2025.03.17	00:56:21.173	1.29236				2
2025.03.17	00:56:22.408	1.29233				2
2025.03.17	00:56:23.333	1.29234				2
2025.03.17	00:56:25.182	1.29242				2
2025.03.17	00:56:27.957	1.29263				2
2025.03.17	00:56:38.729	1.29274				2
2025.03.17	00:56:42.429	1.29282				2
2025.03.17	00:56:54.429	1.29283	1.29357			6
2025.03.17	00:57:00.282	1.29283				2
2025.03.17	00:57:28.282		1.29313			4
2025.03.17	00:57:32.876	1.29295				2
2025.03.17	00:57:35.338	1.29254	1.29320			6
2025.03.17	00:57:35.650	1.29243				2
2025.03.17	00:57:35.955	1.29228				2
2025.03.17	00:57:36.875	1.29227				2
2025.03.17	00:57:38.107	1.29228				2
2025.03.17	00:57:39.645	1.29227				2
2025.03.17	00:57:39.951	1.29230				2
2025.03.17	00:57:42.715		1.29301			4
2025.03.17	00:57:43.029	1.29226				2
2025.03.17	00:57:43.335	1.29224				2
2025.03.17	00:57:49.483	1.29223				2
2025.03.17	00:57:50.720	1.29222				2
2025.03.17	00:57:54.115	1.29223				2
2025.03.17	00:57:54.419	1.29225				2
2025.03.17	00:57:55.962	1.29223				2
2025.03.17	00:57:56.264	1.29219				2
2025.03.17	00:57:56.571	1.29225	1.29320			6
2025.03.17	00:57:56.875	1.29223				2
2025.03.17	00:57:59.336	1.29228				2
2025.03.17	00:58:00.259	1.29223	1.29330			6
2025.03.17	00:58:00.564	1.29230				2
2025.03.17	00:58:00.881	1.29228				2
2025.03.17	00:58:03.645	1.29227				2
2025.03.17	00:58:07.030	1.29229				2
2025.03.17	00:58:08.880	1.29228				2
2025.03.17	00:58:12.573	1.29229				2
2025.03.17	00:58:12.886	1.29228				2
2025.03.17	00:58:19.032	1.29226				2
2025.03.17	00:58:20.872	1.29227				2
2025.03.17	00:58:22.713	1.29226				2
2025.03.17	00:58:24.554		1.29329			4
2025.03.17	00:58:26.086	1.29225	1.29328			6
2025.03.17	00:58:26.398		1.29327			4
2025.03.17	00:58:26.703		1.29328			4
2025.03.17	00:58:27.009	1.29226	1.29330			6
2025.03.17	00:58:27.625	1.29227				2
2025.03.17	00:58:33.146	1.29226				2
2025.03.17	00:58:33.452	1.29225				2
2025.03.17	00:58:33.763	1.29224				2
2025.03.17	00:58:34.075	1.29225				2
2025.03.17	00:58:34.385	1.29224	1.29329			6
2025.03.17	00:58:34.685		1.29328			4
2025.03.17	00:58:34.998	1.29204				2
2025.03.17	00:58:35.306	1.29206	1.29330			6
2025.03.17	00:58:37.143	1.29208				2
2025.03.17	00:58:42.045	1.29204	1.29324			6
2025.03.17	00:58:42.349	1.29201	1.29325			6
2025.03.17	00:58:43.277	1.29199	1.29322			6
2025.03.17	00:58:43.580	1.29198	1.29319			6
2025.03.17	00:58:43.890	1.29211	1.29330			6
2025.03.17	00:58:44.498	1.29208				2
2025.03.17	00:58:47.883	1.29207				2
2025.03.17	00:58:49.727	1.29208				2
2025.03.17	00:58:51.567	1.29210				2
2025.03.17	00:58:51.880	1.29208				2
2025.03.17	00:58:54.029	1.29207				2
2025.03.17	00:58:55.870	1.29208				2
2025.03.17	00:58:57.405	1.29207				2
2025.03.17	00:58:59.559	1.29208				2
2025.03.17	00:59:00.175	1.29208				2
2025.03.17	00:59:08.782	1.29209				2
2025.03.17	00:59:09.704	1.29210				2
2025.03.17	00:59:11.859	1.29211				2
2025.03.17	00:59:12.163	1.29210				2
2025.03.17	00:59:15.239	1.29212				2
2025.03.17	00:59:15.539	1.29209				2
2025.03.17	00:59:16.165	1.29212				2
2025.03.17	00:59:17.399	1.29223				2
2025.03.17	00:59:17.701	1.29212				2
2025.03.17	00:59:18.006	1.29218				2
2025.03.17	00:59:18.316	1.29213				2
2025.03.17	00:59:18.623	1.29214				2
2025.03.17	00:59:18.930	1.29211				2
2025.03.17	00:59:19.235	1.29209				2
2025.03.17	00:59:19.544	1.29208				2
2025.03.17	00:59:19.848	1.29210				2
2025.03.17	00:59:20.463	1.29214				2
2025.03.17	00:59:20.768	1.29210				2
2025.03.17	00:59:21.075	1.29212				2
2025.03.17	00:59:21.384	1.29220				2
2025.03.17	00:59:21.693	1.29227				2
2025.03.17	00:59:22.003	1.29209				2
2025.03.17	00:59:22.306	1.29213				2
2025.03.17	00:59:22.610	1.29209				2
2025.03.17	00:59:23.543	1.29212				2
2025.03.17	00:59:23.853	1.29223				2
2025.03.17	00:59:24.162	1.29211				2
2025.03.17	00:59:24.463	1.29213				2
2025.03.17	00:59:25.388	1.29211				2
2025.03.17	00:59:25.696	1.29209				2
2025.03.17	00:59:26.003	1.29219				2
2025.03.17	00:59:27.846	1.29211				2
2025.03.17	00:59:28.149	1.29249	1.29307			6
2025.03.17	00:59:28.758	1.29254				2
2025.03.17	00:59:29.991	1.29260				2
2025.03.17	00:59:30.292	1.29263				2
2025.03.17	00:59:32.113		1.29380			4
2025.03.17	00:59:36.401		1.29383			4
2025.03.17	00:59:37.015		1.29384			4
2025.03.17	00:59:37.322		1.29386			4
2025.03.17	00:59:38.242		1.29383			4
2025.03.17	00:59:38.549		1.29385			4
2025.03.17	00:59:38.853		1.29389			4
2025.03.17	00:59:41.315		1.29388			4
2025.03.17	00:59:41.929		1.29386			4
2025.03.17	00:59:42.544	1.29277	1.29390			6
2025.03.17	00:59:44.387		1.29389			4
2025.03.17	00:59:45.615	1.29278				2
2025.03.17	00:59:46.237	1.29279				2
2025.03.17	00:59:46.540	1.29281	1.29397			6
2025.03.17	00:59:46.846	1.29282	1.29391			6
2025.03.17	00:59:47.456	1.29279				2
2025.03.17	00:59:48.075		1.29388			4
2025.03.17	00:59:51.753		1.29386			4
2025.03.17	00:59:52.979		1.29390			4
2025.03.17	00:59:53.896		1.29391			4
2025.03.17	00:59:54.812		1.29389			4
2025.03.17	00:59:55.118		1.29390			4
2025.03.17	00:59:56.651	1.29280	1.29389			6
2025.03.17	00:59:56.957	1.29279				2
2025.03.17	01:00:00.022	1.29279				2
2025.03.17	01:00:00.329	1.29282	1.29392			6
2025.03.17	01:00:00.643	1.29280	1.29382			6
2025.03.17	01:00:01.256	1.29279				2
2025.03.17	01:00:01.562	1.29278				2
2025.03.17	01:00:01.871		1.29381			4
2025.03.17	01:00:02.178		1.29388			4
2025.03.17	01:00:02.498	1.29276	1.29383			6
2025.03.17	01:00:02.806	1.29274				2
2025.03.17	01:00:03.112	1.29280	1.29378			6
2025.03.17	01:00:03.723		1.29372			4
2025.03.17	01:00:04.036	1.29273	1.29373			6
2025.03.17	01:00:04.343	1.29269				2
2025.03.17	01:00:04.654		1.29374			4
2025.03.17	01:00:04.955	1.29270	1.29370			6
2025.03.17	01:00:06.805	1.29268				2
2025.03.17	01:00:08.035		1.29368			4
2025.03.17	01:00:08.343		1.29370			4
2025.03.17	01:00:08.649		1.29369			4
2025.03.17	01:00:09.569	1.29272	1.29367			6
2025.03.17	01:00:09.874	1.29269				2
2025.03.17	01:00:10.181	1.29257	1.29361			6
2025.03.17	01:00:10.487	1.29258				2
2025.03.17	01:00:11.720	1.29259	1.29360			6
2025.03.17	01:00:12.026	1.29265				2
2025.03.17	01:00:12.334	1.29264	1.29361			6
2025.03.17	01:00:13.248	1.29263				2
2025.03.17	01:00:13.555	1.29262	1.29358			6
2025.03.17	01:00:13.860	1.29264				2
2025.03.17	01:00:14.168	1.29263	1.29355			6
2025.03.17	01:00:14.784	1.29261	1.29351			6
2025.03.17	01:00:15.394	1.29262	1.29354			6
2025.03.17	01:00:15.701	1.29264	1.29352			6
2025.03.17	01:00:16.006	1.29263	1.29351			6
2025.03.17	01:00:16.316	1.29264	1.29352			6
2025.03.17	01:00:16.620	1.29265	1.29356			6
2025.03.17	01:00:17.237	1.29271	1.29359			6
2025.03.17	01:00:17.851	1.29272	1.29363			6
2025.03.17	01:00:18.156	1.29268	1.29352			6
2025.03.17	01:00:18.770	1.29266	1.29353			6
2025.03.17	01:00:19.381	1.29267				2
2025.03.17	01:00:19.687		1.29354			4
2025.03.17	01:00:19.994	1.29266	1.29344			6
2025.03.17	01:00:20.299	1.29260				2
2025.03.17	01:00:21.525	1.29262	1.29345			6
2025.03.17	01:00:21.832	1.29267	1.29348			6
2025.03.17	01:00:22.443	1.29273	1.29355			6
2025.03.17	01:00:22.749	1.29276	1.29356			6
2025.03.17	01:00:23.658	1.29277				2
2025.03.17	01:00:24.578		1.29353			4
2025.03.17	01:00:25.185		1.29351			4
2025.03.17	01:00:25.490		1.29352			4
2025.03.17	01:00:25.793	1.29276	1.29353			6
2025.03.17	01:00:26.095	1.29275	1.29352			6
2025.03.17	01:00:26.404		1.29353			4
2025.03.17	01:00:27.329	1.29276				2
2025.03.17	01:00:27.635		1.29352			4
2025.03.17	01:00:28.564	1.29275				2
2025.03.17	01:00:28.866	1.29271	1.29345			6
2025.03.17	01:00:29.475	1.29270	1.29343			6
2025.03.17	01:00:30.094		1.29321			4
2025.03.17	01:00:30.401	1.29265	1.29314			6
2025.03.17	01:00:31.014	1.29270	1.29312			6
2025.03.17	01:00:31.322	1.29274	1.29317			6
2025.03.17	01:00:32.242		1.29342			4
2025.03.17	01:00:32.547		1.29343			4
2025.03.17	01:00:32.848		1.29344			4
2025.03.17	01:00:34.078		1.29343			4
2025.03.17	01:00:36.521		1.29342			4
2025.03.17	01:00:37.133	1.29279	1.29338			6
2025.03.17	01:00:37.444	1.29274	1.29341			6
2025.03.17	01:00:37.748		1.29343			4
2025.03.17	01:00:38.050		1.29341			4
2025.03.17	01:00:38.352	1.29279	1.29323			6
2025.03.17	01:00:45.405	1.29274	1.29324			6
2025.03.17	01:00:46.022	1.29279	1.29331			6
2025.03.17	01:00:48.169	1.29269	1.29336			6
2025.03.17	01:00:48.781	1.29284	1.29337			6
2025.03.17	01:00:49.084		1.29334			4
2025.03.17	01:00:49.387		1.29338			4
2025.03.17	01:00:50.003		1.29333			4
2025.03.17	01:00:53.681		1.29331			4
2025.03.17	01:00:54.292		1.29333			4
2025.03.17	01:00:55.824		1.29331			4
2025.03.17	01:00:56.130		1.29333			4
2025.03.17	01:00:57.352		1.29330			4
2025.03.17	01:00:57.664		1.29333			4
2025.03.17	01:01:00.118	1.29284				2
2025.03.17	01:01:00.728		1.29331			4
2025.03.17	01:01:01.341		1.29333			4
2025.03.17	01:01:02.259	1.29291	1.29336			6
2025.03.17	01:01:02.566		1.29335			4
2025.03.17	01:01:03.486		1.29334			4
2025.03.17	01:01:04.708		1.29335			4
2025.03.17	01:01:05.016		1.29336			4
2025.03.17	01:01:05.320		1.29335			4
2025.03.17	01:01:05.627		1.29336			4
2025.03.17	01:01:06.542		1.29338			4
2025.03.17	01:01:06.849		1.29335			4
2025.03.17	01:01:07.155		1.29336			4
2025.03.17	01:01:08.071		1.29338			4
2025.03.17	01:01:09.296		1.29340			4
2025.03.17	01:01:10.518	1.29294	1.29341			6
2025.03.17	01:01:10.831		1.29340			4
2025.03.17	01:01:12.669		1.29338			4
2025.03.17	01:01:14.202	1.29303	1.29344			6
2025.03.17	01:01:15.119		1.29343			4
2025.03.17	01:01:15.425		1.29344			4
2025.03.17	01:01:15.730		1.29340			4
2025.03.17	01:01:16.042	1.29302	1.29339			6
2025.03.17	01:01:16.343		1.29337			4
2025.03.17	01:01:17.250	1.29307	1.29340			6
2025.03.17	01:01:17.553		1.29338			4
2025.03.17	01:01:17.857		1.29336			4
2025.03.17	01:01:18.159		1.29335			4
2025.03.17	01:01:18.463		1.29337			4
2025.03.17	01:01:18.766		1.29339			4
2025.03.17	01:01:19.068		1.29338			4
2025.03.17	01:01:19.674		1.29335			4
2025.03.17	01:01:19.979		1.29334			4
2025.03.17	01:01:20.280	1.29302				2
2025.03.17	01:01:20.586	1.29293	1.29335			6
2025.03.17	01:01:20.888		1.29336			4
2025.03.17	01:01:21.496		1.29341			4
2025.03.17	01:01:21.804		1.29333			4
2025.03.17	01:01:23.031	1.29294	1.29336			6
2025.03.17	01:01:23.338		1.29341			4
2025.03.17	01:01:23.643		1.29342			4
2025.03.17	01:01:24.255	1.29307	1.29348			6
2025.03.17	01:01:24.560	1.29306	1.29347			6
2025.03.17	01:01:24.862		1.29327			4
2025.03.17	01:01:27.603	1.29305				2
2025.03.17	01:01:29.423		1.29326			4
2025.03.17	01:01:31.862	1.29306				2
2025.03.17	01:01:32.482	1.29309	1.29324			6
2025.03.17	01:01:32.791	1.29306				2
2025.03.17	01:01:37.076	1.29307				2
2025.03.17	01:01:39.538	1.29306				2
2025.03.17	01:01:40.765	1.29305				2
2025.03.17	01:01:42.594	1.29303				2
2025.03.17	01:01:43.815	1.29302				2
2025.03.17	01:01:45.951	1.29303				2
2025.03.17	01:01:48.380	1.29301				2
2025.03.17	01:01:50.194	1.29296				2
2025.03.17	01:01:51.117	1.29297				2
2025.03.17	01:01:52.341	1.29295				2
2025.03.17	01:01:52.651	1.29297				2
2025.03.17	01:01:53.874	1.29298				2
2025.03.17	01:01:54.486	1.29297				2
2025.03.17	01:01:56.337	1.29296				2
2025.03.17	01:01:57.264	1.29297				2
2025.03.17	01:02:00.033	1.29297				2
2025.03.17	01:02:00.349	1.29296	1.29319			6
2025.03.17	01:02:04.369	1.29301				2
2025.03.17	01:02:06.233	1.29299				2
2025.03.17	01:02:06.544	1.29296				2
2025.03.17	01:02:18.714	1.29298				2
2025.03.17	01:02:19.333	1.29297				2
2025.03.17	01:02:20.870	1.29298				2
2025.03.17	01:02:22.725	1.29300				2
2025.03.17	01:02:23.342	1.29299				2
2025.03.17	01:02:24.262	1.29309				2
2025.03.17	01:02:24.571	1.29296	1.29300			6
2025.03.17	01:02:24.872	1.29286	1.29302			6
2025.03.17	01:02:25.182	1.29294	1.29300			6
2025.03.17	01:02:25.487	1.29295	1.29302			6
2025.03.17	01:02:26.097	1.29294				2
2025.03.17	01:02:40.501	1.29303	1.29306			6
2025.03.17	01:02:40.805	1.29307	1.29308			6
2025.03.17	01:02:41.414	1.29302	1.29306			6
2025.03.17	01:02:45.387	1.29293	1.29303			6
2025.03.17	01:02:48.157	1.29295				2
2025.03.17	01:02:49.384	1.29294				2
2025.03.17	01:02:52.771	1.29295				2
2025.03.17	01:03:00.129	1.29295				2
2025.03.17	01:03:10.269	1.29294				2
2025.03.17	01:03:10.571	1.29301	1.29306			6
2025.03.17	01:03:15.171	1.29302				2
2025.03.17	01:03:15.476	1.29317	1.29318			6
2025.03.17	01:03:15.780	1.29316	1.29317			6
2025.03.17	01:03:16.088	1.29317	1.29318			6
2025.03.17	01:03:16.393	1.29316	1.29321			6
2025.03.17	01:03:18.230	1.29315	1.29320			6
2025.03.17	01:03:21.278	1.29314	1.29319			6
2025.03.17	01:03:22.186	1.29315	1.29320			6
2025.03.17	01:03:23.097	1.29313	1.29318			6
2025.03.17	01:03:23.706	1.29322	1.29327			6
2025.03.17	01:03:24.007	1.29323	1.29328			6
2025.03.17	01:03:25.533	1.29324	1.29329			6
2025.03.17	01:03:27.365	1.29323	1.29328			6
2025.03.17	01:03:27.667	1.29322	1.29327			6
2025.03.17	01:03:28.284	1.29321	1.29326			6
2025.03.17	01:03:30.131	1.29323	1.29328			6
2025.03.17	01:03:31.357	1.29322	1.29327			6
2025.03.17	01:03:31.665	1.29324	1.29329			6
2025.03.17	01:03:35.949	1.29323	1.29328			6
2025.03.17	01:03:36.256	1.29322	1.29327			6
2025.03.17	01:03:39.021	1.29323	1.29328			6
2025.03.17	01:03:40.235	1.29322	1.29327			6
2025.03.17	01:03:40.540	1.29320	1.29325			6
2025.03.17	01:03:41.450	1.29321	1.29326			6
2025.03.17	01:03:43.287	1.29319	1.29324			6
2025.03.17	01:03:43.590	1.29320	1.29325			6
2025.03.17	01:03:44.204	1.29321	1.29326			6
2025.03.17	01:03:46.032	1.29319	1.29324			6
2025.03.17	01:03:46.339	1.29321	1.29325			6
2025.03.17	01:03:49.406	1.29320	1.29324			6
2025.03.17	01:03:50.631	1.29317	1.29321			6
2025.03.17	01:03:54.013	1.29319	1.29323			6
2025.03.17	01:03:54.316	1.29318	1.29322			6
2025.03.17	01:03:56.438	1.29317	1.29321			6
2025.03.17	01:03:58.256	1.29318	1.29322			6
2025.03.17	01:04:00.077	1.29318				2
2025.03.17	01:04:00.382	1.29317	1.29321			6
2025.03.17	01:04:01.592	1.29316	1.29320			6
2025.03.17	01:04:01.897	1.29318	1.29322			6
2025.03.17	01:04:02.818	1.29317	1.29321			6
2025.03.17	01:04:05.570	1.29318	1.29322			6
2025.03.17	01:04:06.794	1.29317	1.29321			6
2025.03.17	01:04:08.019	1.29316	1.29320			6
2025.03.17	01:04:08.323	1.29317	1.29321			6
2025.03.17	01:04:09.536	1.29318	1.29322			6
2025.03.17	01:04:10.447	1.29317	1.29321			6
2025.03.17	01:04:11.056	1.29318	1.29322			6
2025.03.17	01:04:12.576	1.29317	1.29321			6
2025.03.17	01:04:13.496	1.29318	1.29322			6
2025.03.17	01:04:14.720	1.29317	1.29321			6
2025.03.17	01:04:17.481	1.29318	1.29322			6
2025.03.17	01:04:19.012	1.29317	1.29321			6
2025.03.17	01:04:19.931	1.29318	1.29322			6
2025.03.17	01:04:23.296	1.29317	1.29321			6
2025.03.17	01:04:24.507	1.29315	1.29319			6
2025.03.17	01:04:35.473	1.29317	1.29321			6
2025.03.17	01:04:49.801	1.29315	1.29319			6
2025.03.17	01:04:50.413	1.29318	1.29322			6
2025.03.17	01:04:51.035	1.29319	1.29323			6
2025.03.17	01:04:51.641	1.29320	1.29324			6
2025.03.17	01:04:51.944	1.29321	1.29325			6
2025.03.17	01:05:00.151	1.29321				2
2025.03.17	01:05:00.769	1.29320	1.29324			6
2025.03.17	01:05:01.079	1.29318	1.29322			6
2025.03.17	01:05:01.387	1.29319	1.29323			6
2025.03.17	01:05:02.317	1.29320	1.29324			6
2025.03.17	01:05:02.924	1.29319	1.29323			6
2025.03.17	01:05:03.236	1.29320	1.29324			6
2025.03.17	01:05:04.764	1.29319	1.29323			6
2025.03.17	01:05:05.687	1.29318	1.29322			6
2025.03.17	01:05:07.209	1.29319	1.29323			6
2025.03.17	01:05:09.332	1.29310	1.29314			6
2025.03.17	01:05:09.640	1.29309	1.29313			6
2025.03.17	01:05:20.930	1.29310	1.29314			6
2025.03.17	01:05:29.781	1.29309	1.29313			6
2025.03.17	01:05:40.773	1.29302	1.29306			6
2025.03.17	01:05:41.074	1.29309	1.29313			6
2025.03.17	01:05:41.383	1.29305	1.29309			6
2025.03.17	01:05:44.419		1.29308			4
2025.03.17	01:05:48.386	1.29304				2
2025.03.17	01:06:00.028	1.29304				2
2025.03.17	01:06:04.306	1.29302	1.29306			6
2025.03.17	01:06:06.450	1.29308	1.29312			6
2025.03.17	01:06:07.068	1.29309	1.29313			6
2025.03.17	01:06:08.280	1.29308	1.29312			6
2025.03.17	01:06:11.315	1.29309	1.29313			6
2025.03.17	01:06:13.154	1.29307	1.29311			6
2025.03.17	01:06:14.365	1.29303	1.29307			6
2025.03.17	01:06:15.290	1.29302	1.29306			6
2025.03.17	01:06:15.590	1.29300	1.29304			6
2025.03.17	01:06:16.512	1.29301	1.29305			6
2025.03.17	01:06:29.277	1.29296	1.29300			6
2025.03.17	01:06:29.582	1.29300	1.29304			6
2025.03.17	01:06:33.841	1.29299	1.29303			6
2025.03.17	01:06:40.952	1.29298	1.29302			6
2025.03.17	01:06:41.884	1.29299	1.29303			6
2025.03.17	01:06:47.117	1.29298	1.29302			6
2025.03.17	01:06:48.348	1.29293	1.29297			6
2025.03.17	01:06:48.650	1.29292	1.29296			6
2025.03.17	01:06:48.964	1.29293	1.29297			6
2025.03.17	01:06:50.507	1.29300	1.29304			6
2025.03.17	01:06:54.828	1.29299	1.29303			6
2025.03.17	01:07:00.070	1.29299				2
2025.03.17	01:07:01.922	1.29300	1.29304			6
2025.03.17	01:07:08.086	1.29301	1.29305			6
2025.03.17	01:07:11.158	1.29306	1.29310			6
2025.03.17	01:07:11.471	1.29308	1.29312			6
2025.03.17	01:07:13.318	1.29309	1.29313			6
2025.03.17	01:07:15.776	1.29308	1.29312			6
2025.03.17	01:07:18.256	1.29309	1.29313			6
2025.03.17	01:07:25.027	1.29313	1.29317			6
2025.03.17	01:07:25.328	1.29315	1.29319			6
2025.03.17	01:07:27.492	1.29313	1.29317			6
2025.03.17	01:07:29.030	1.29311	1.29315			6
2025.03.17	01:07:29.337	1.29309	1.29313			6
2025.03.17	01:07:29.652	1.29308	1.29312			6
2025.03.17	01:07:30.261		1.29313			4
2025.03.17	01:07:31.188	1.29307	1.29312			6
2025.03.17	01:07:32.430	1.29300	1.29305			6
2025.03.17	01:07:35.207	1.29299	1.29304			6
2025.03.17	01:07:40.439	1.29290	1.29295			6
2025.03.17	01:07:40.744	1.29291	1.29296			6
2025.03.17	01:07:41.052	1.29292	1.29297			6
2025.03.17	01:07:41.361	1.29291	1.29296			6
2025.03.17	01:07:41.674	1.29289	1.29294			6
2025.03.17	01:07:53.356	1.29297	1.29302			6
2025.03.17	01:07:54.278	1.29296				2
2025.03.17	01:07:57.358	1.29297				2
2025.03.17	01:07:57.979	1.29296	1.29301			6
2025.03.17	01:08:00.133	1.29296				2
2025.03.17	01:08:01.063	1.29297	1.29302			6
2025.03.17	01:08:02.288	1.29296	1.29301			6
2025.03.17	01:08:27.592	1.29297	1.29302			6
2025.03.17	01:08:27.899	1.29296	1.29301			6
2025.03.17	01:08:29.448	1.29287	1.29292			6
2025.03.17	01:08:30.681	1.29288	1.29293			6
2025.03.17	01:08:31.291	1.29289	1.29294			6
2025.03.17	01:08:33.455	1.29296	1.29301			6
2025.03.17	01:08:34.379	1.29300	1.29306			6
2025.03.17	01:08:38.075	1.29299	1.29305			6
2025.03.17	01:08:38.389	1.29297	1.29303			6
2025.03.17	01:08:44.547	1.29287	1.29293			6
2025.03.17	01:08:47.333	1.29286	1.29292			6
2025.03.17	01:08:49.175	1.29287	1.29293			6
2025.03.17	01:08:59.052	1.29285	1.29291			6
2025.03.17	01:08:59.365	1.29295	1.29301			6
2025.03.17	01:09:00.288	1.29286	1.29292			6
2025.03.17	01:09:03.057	1.29289	1.29295			6
2025.03.17	01:09:03.677	1.29287	1.29293			6
2025.03.17	01:09:05.220	1.29288	1.29294			6
2025.03.17	01:09:05.528	1.29285	1.29291			6
2025.03.17	01:09:05.831	1.29286	1.29292			6
2025.03.17	01:09:12.623	1.29289	1.29295			6
2025.03.17	01:09:12.929	1.29290	1.29296			6
2025.03.17	01:09:17.867	1.29289	1.29295			6
2025.03.17	01:09:20.335	1.29295	1.29301			6
2025.03.17	01:09:20.644	1.29294	1.29300			6
2025.03.17	01:09:24.037	1.29293	1.29299			6
2025.03.17	01:09:24.340	1.29289	1.29295			6
2025.03.17	01:09:24.648	1.29293	1.29299			6
2025.03.17	01:09:28.358	1.29292	1.29298			6
2025.03.17	01:09:30.210	1.29293	1.29299			6
2025.03.17	01:09:31.441	1.29292	1.29298			6
2025.03.17	01:09:36.699	1.29293	1.29299			6
2025.03.17	01:09:39.796	1.29298	1.29304			6
2025.03.17	01:09:41.952	1.29297	1.29303			6
2025.03.17	01:09:42.264	1.29295	1.29301			6
2025.03.17	01:09:42.567	1.29293	1.29299			6
2025.03.17	01:09:52.753	1.29294	1.29300			6
2025.03.17	01:09:54.302		1.29299			4
2025.03.17	01:09:59.868	1.29295	1.29300			6
2025.03.17	01:10:00.172	1.29295				2
2025.03.17	01:10:01.103	1.29294	1.29299			6
2025.03.17	01:10:03.274	1.29296	1.29301			6
2025.03.17	01:10:03.578	1.29298	1.29303			6
2025.03.17	01:10:09.133	1.29297	1.29302			6
2025.03.17	01:10:09.441	1.29296	1.29301			6
2025.03.17	01:10:10.066	1.29297	1.29302			6
2025.03.17	01:10:10.372	1.29295	1.29300			6
2025.03.17	01:10:25.228	1.29296				2
2025.03.17	01:10:31.037	1.29295	1.29299			6
2025.03.17	01:10:36.232	1.29300	1.29304			6
2025.03.17	01:10:36.539	1.29296	1.29300			6
2025.03.17	01:10:37.156	1.29301	1.29305			6
2025.03.17	01:10:37.464	1.29300	1.29304			6
2025.03.17	01:10:37.765	1.29297	1.29301			6
2025.03.17	01:10:38.382	1.29296	1.29300			6
2025.03.17	01:10:38.694	1.29297	1.29301			6
2025.03.17	01:11:00.191	1.29297				2
2025.03.17	01:11:06.370	1.29301	1.29304			6
2025.03.17	01:11:07.291	1.29300				2
2025.03.17	01:11:07.599	1.29299	1.29303			6
2025.03.17	01:11:07.905	1.29300	1.29304			6
2025.03.17	01:11:08.517	1.29299	1.29303			6
2025.03.17	01:11:13.153		1.29302			4
2025.03.17	01:11:13.763	1.29300	1.29303			6
2025.03.17	01:11:15.305	1.29298	1.29301			6
2025.03.17	01:11:16.533	1.29299	1.29302			6
2025.03.17	01:11:16.837	1.29300	1.29303			6
2025.03.17	01:11:19.870	1.29304	1.29307			6
2025.03.17	01:11:20.176	1.29303				2
2025.03.17	01:11:20.477	1.29295	1.29299			6
2025.03.17	01:11:27.575	1.29299	1.29303			6
2025.03.17	01:11:27.889	1.29304	1.29308			6
2025.03.17	01:11:28.192	1.29302	1.29306			6
2025.03.17	01:11:33.748	1.29303	1.29307			6
2025.03.17	01:11:34.983	1.29302	1.29306			6
2025.03.17	01:11:36.520	1.29300	1.29304			6
2025.03.17	01:11:41.149	1.29301	1.29305			6
2025.03.17	01:11:42.382	1.29300	1.29304			6
2025.03.17	01:11:44.235	1.29301	1.29305			6
2025.03.17	01:11:49.788	1.29304	1.29308			6
2025.03.17	01:11:54.121	1.29303	1.29307			6
2025.03.17	01:11:57.518	1.29299	1.29303			6
2025.03.17	01:12:00.296	1.29299				2
2025.03.17	01:12:03.074	1.29300	1.29304			6
2025.03.17	01:12:03.381	1.29299	1.29303			6
2025.03.17	01:12:05.238	1.29300	1.29304			6
2025.03.17	01:12:20.558	1.29301	1.29305			6
2025.03.17	01:12:21.478	1.29300	1.29304			6
2025.03.17	01:12:28.236		1.29303			4
2025.03.17	01:12:31.580	1.29302	1.29305			6
2025.03.17	01:12:36.429	1.29301	1.29304			6
2025.03.17	01:12:36.737	1.29302	1.29305			6
2025.03.17	01:12:37.972	1.29301	1.29304			6
2025.03.17	01:12:39.192	1.29300	1.29303			6
2025.03.17	01:12:40.726	1.29301	1.29304			6
2025.03.17	01:12:45.628	1.29300	1.29303			6
2025.03.17	01:12:51.715	1.29302	1.29305			6
2025.03.17	01:13:00.052	1.29302				2
2025.03.17	01:13:00.665	1.29308	1.29311			6
2025.03.17	01:13:02.208		1.29312			4
2025.03.17	01:13:05.600	1.29307	1.29311			6
2025.03.17	01:13:10.238		1.29310			4
2025.03.17	01:13:25.989	1.29314	1.29317			6
2025.03.17	01:13:26.296	1.29315	1.29318			6
2025.03.17	01:13:27.224	1.29314				2
2025.03.17	01:13:29.696	1.29313	1.29317			6
2025.03.17	01:13:33.093	1.29314	1.29318			6
2025.03.17	01:13:43.592	1.29313	1.29317			6
2025.03.17	01:13:43.905	1.29312	1.29316			6
2025.03.17	01:13:50.381	1.29313	1.29317			6
2025.03.17	01:13:55.320	1.29314				2
2025.03.17	01:13:59.012	1.29313	1.29316			6
2025.03.17	01:14:00.250	1.29313				2
2025.03.17	01:14:15.071	1.29314	1.29317			6
2025.03.17	01:14:15.382	1.29324	1.29327			6
2025.03.17	01:14:15.684	1.29322	1.29325			6
2025.03.17	01:14:15.995	1.29321	1.29324			6
2025.03.17	01:14:16.312	1.29320				2
2025.03.17	01:14:18.470	1.29321	1.29325			6
2025.03.17	01:14:26.440	1.29320	1.29324			6
2025.03.17	01:14:27.974	1.29323	1.29327			6
2025.03.17	01:14:28.280	1.29321	1.29325			6
2025.03.17	01:14:35.630	1.29323	1.29327			6
2025.03.17	01:14:35.947	1.29321	1.29325			6
2025.03.17	01:14:40.547	1.29323	1.29327			6
2025.03.17	01:14:43.920	1.29324	1.29328			6
2025.03.17	01:14:44.537	1.29323	1.29327			6
2025.03.17	01:14:45.759	1.29324	1.29328			6
2025.03.17	01:14:46.989	1.29323	1.29327			6
2025.03.17	01:14:47.908	1.29322	1.29326			6
2025.03.17	01:14:49.131	1.29323	1.29327			6
2025.03.17	01:14:49.747	1.29322	1.29326			6
2025.03.17	01:14:52.520	1.29323	1.29327			6
2025.03.17	01:14:54.366	1.29324	1.29328			6
2025.03.17	01:14:55.289	1.29325	1.29329			6
2025.03.17	01:14:55.599	1.29328	1.29332			6
2025.03.17	01:14:56.524	1.29327	1.29331			6
2025.03.17	01:15:00.223	1.29323	1.29327			6
2025.03.17	01:15:05.471	1.29327	1.29331			6
2025.03.17	01:15:05.778	1.29326	1.29330			6
2025.03.17	01:15:10.402	1.29327	1.29331			6
2025.03.17	01:15:11.014	1.29326	1.29330			6
2025.03.17	01:15:11.323	1.29325	1.29329			6
2025.03.17	01:15:11.938	1.29329	1.29333			6
2025.03.17	01:15:12.249	1.29328	1.29332			6
2025.03.17	01:15:16.255	1.29335	1.29339			6
2025.03.17	01:15:16.566	1.29337	1.29341			6
2025.03.17	01:15:17.180	1.29336				2
2025.03.17	01:15:17.796	1.29335	1.29340			6
2025.03.17	01:15:18.101	1.29334	1.29339			6
2025.03.17	01:15:19.026	1.29335	1.29340			6
2025.03.17	01:15:19.950	1.29334	1.29339			6
2025.03.17	01:15:21.184	1.29333	1.29338			6
2025.03.17	01:15:23.663	1.29332	1.29337			6
2025.03.17	01:15:24.275	1.29333	1.29338			6
2025.03.17	01:15:25.831	1.29331	1.29336			6
2025.03.17	01:15:26.132	1.29332	1.29337			6
2025.03.17	01:15:28.306	1.29333	1.29338			6
2025.03.17	01:15:29.542	1.29332	1.29337			6
2025.03.17	01:15:29.851	1.29331	1.29336			6
2025.03.17	01:15:31.093	1.29332	1.29337			6
2025.03.17	01:15:35.429	1.29331	1.29336			6
2025.03.17	01:15:40.370	1.29332	1.29337			6
2025.03.17	01:15:40.672	1.29331	1.29336			6
2025.03.17	01:15:41.289	1.29332	1.29337			6
2025.03.17	01:15:41.600	1.29329	1.29334			6
2025.03.17	01:15:43.448	1.29330	1.29335			6
2025.03.17	01:15:44.687	1.29329	1.29334			6
2025.03.17	01:15:44.990	1.29330	1.29335			6
2025.03.17	01:15:48.080	1.29331	1.29336			6
2025.03.17	01:15:49.329	1.29332	1.29337			6
2025.03.17	01:15:51.178	1.29330	1.29334			6
2025.03.17	01:15:51.488	1.29331				2
2025.03.17	01:15:52.415	1.29330				2
2025.03.17	01:15:53.033	1.29331				2
2025.03.17	01:15:53.654	1.29330				2
2025.03.17	01:15:53.961	1.29331				2
2025.03.17	01:15:55.813	1.29332				2
2025.03.17	01:15:56.123	1.29330				2
2025.03.17	01:15:57.366	1.29331				2
2025.03.17	01:15:57.672	1.29332				2
2025.03.17	01:15:57.979	1.29331				2
2025.03.17	01:16:00.142	1.29331				2
2025.03.17	01:16:02.306	1.29330				2
2025.03.17	01:16:07.252	1.29331				2
2025.03.17	01:16:07.562	1.29332				2
2025.03.17	01:16:07.869	1.29334	1.29338			6
2025.03.17	01:16:08.182	1.29333	1.29337			6
2025.03.17	01:16:09.116	1.29331	1.29334			6
2025.03.17	01:16:10.343	1.29332				2
2025.03.17	01:16:12.810	1.29331				2
2025.03.17	01:16:14.041	1.29332				2
2025.03.17	01:16:16.491	1.29331				2
2025.03.17	01:16:18.036	1.29332				2
2025.03.17	01:16:19.284	1.29331				2
2025.03.17	01:16:20.204	1.29332				2
2025.03.17	01:16:21.128	1.29331				2
2025.03.17	01:16:22.681		1.29333			4
2025.03.17	01:16:24.231	1.29330				2
2025.03.17	01:16:25.470	1.29331	1.29334			6
2025.03.17	01:16:27.009	1.29332				2
2025.03.17	01:16:28.247	1.29331				2
2025.03.17	01:16:29.176	1.29332				2
2025.03.17	01:16:29.490	1.29331				2
2025.03.17	01:16:30.420	1.29332				2
2025.03.17	01:16:30.728	1.29331				2
2025.03.17	01:16:33.203	1.29332	1.29335			6
2025.03.17	01:16:33.514	1.29333				2
2025.03.17	01:16:34.137		1.29334			4
2025.03.17	01:16:37.844	1.29332				2
2025.03.17	01:16:38.779	1.29333				2
2025.03.17	01:16:39.708	1.29332				2
2025.03.17	01:16:41.562		1.29336			4
2025.03.17	01:16:41.866	1.29334	1.29338			6
2025.03.17	01:16:42.488	1.29333	1.29337			6
2025.03.17	01:16:43.108	1.29331	1.29335			6
2025.03.17	01:16:44.036	1.29332				2
2025.03.17	01:16:44.343	1.29334	1.29338			6
2025.03.17	01:16:44.652	1.29332	1.29336			6
2025.03.17	01:16:44.961	1.29333	1.29337			6
2025.03.17	01:16:45.264	1.29332	1.29335			6
2025.03.17	01:16:45.889	1.29334	1.29338			6
2025.03.17	01:16:49.286	1.29335	1.29339			6
2025.03.17	01:16:49.904	1.29334	1.29338			6
2025.03.17	01:16:50.834	1.29333	1.29337			6
2025.03.17	01:16:51.448	1.29334	1.29338			6
2025.03.17	01:16:51.755	1.29333	1.29337			6
2025.03.17	01:16:52.071	1.29334	1.29338			6
2025.03.17	01:16:53.298	1.29333	1.29337			6
2025.03.17	01:16:53.921	1.29334				2
2025.03.17	01:16:58.574	1.29333				2
2025.03.17	01:16:58.886	1.29334				2
2025.03.17	01:17:00.124	1.29334				2
2025.03.17	01:17:00.742		1.29336			4
2025.03.17	01:17:04.455		1.29337			4
2025.03.17	01:17:05.382	1.29333				2
2025.03.17	01:17:05.686	1.29334				2
2025.03.17	01:17:06.617	1.29333				2
2025.03.17	01:17:07.235	1.29334				2
2025.03.17	01:17:07.849	1.29333				2
2025.03.17	01:17:09.090	1.29334				2
2025.03.17	01:17:11.564	1.29333				2
2025.03.17	01:17:11.868	1.29339	1.29343			6
2025.03.17	01:17:12.186	1.29338	1.29341			6
2025.03.17	01:17:12.795	1.29339	1.29342			6
2025.03.17	01:17:13.098	1.29338	1.29341			6
2025.03.17	01:17:13.400		1.29342			4
2025.03.17	01:17:15.866	1.29339	1.29343			6
2025.03.17	01:17:16.801	1.29349	1.29352			6
2025.03.17	01:17:17.109	1.29347	1.29351			6
2025.03.17	01:17:17.419	1.29348	1.29352			6
2025.03.17	01:17:17.726	1.29349	1.29353			6
2025.03.17	01:17:18.344	1.29348				2
2025.03.17	01:17:20.191	1.29347	1.29352			6
2025.03.17	01:17:20.813	1.29348	1.29353			6
2025.03.17	01:17:21.121	1.29347	1.29352			6
2025.03.17	01:17:22.665	1.29348	1.29353			6
2025.03.17	01:17:22.974	1.29349	1.29354			6
2025.03.17	01:17:23.286	1.29348	1.29353			6
2025.03.17	01:17:25.143	1.29349	1.29354			6
2025.03.17	01:17:25.761	1.29348	1.29353			6
2025.03.17	01:17:30.699	1.29349	1.29354			6
2025.03.17	01:17:31.316	1.29348	1.29353			6
2025.03.17	01:17:33.173	1.29347	1.29352			6
2025.03.17	01:17:33.790	1.29348	1.29353			6
2025.03.17	01:17:37.790	1.29347	1.29352			6
2025.03.17	01:17:42.427	1.29348	1.29353			6
2025.03.17	01:17:44.595	1.29347	1.29352			6
2025.03.17	01:17:45.215	1.29348				2
2025.03.17	01:17:46.140	1.29347	1.29351			6
2025.03.17	01:17:46.753	1.29348	1.29352			6
2025.03.17	01:17:54.156	1.29347	1.29351			6
2025.03.17	01:17:54.767	1.29345	1.29349			6
2025.03.17	01:17:55.084	1.29346	1.29350			6
2025.03.17	01:17:55.389	1.29347	1.29351			6
2025.03.17	01:17:56.621	1.29346	1.29350			6
2025.03.17	01:18:00.022	1.29347	1.29351			6
2025.03.17	01:18:03.727	1.29348	1.29352			6
2025.03.17	01:18:04.650	1.29350	1.29353			6
2025.03.17	01:18:04.958	1.29355	1.29359			6
2025.03.17	01:18:05.575	1.29354	1.29358			6
2025.03.17	01:18:06.195		1.29359			4
2025.03.17	01:18:06.809	1.29353	1.29358			6
2025.03.17	01:18:09.289	1.29354	1.29359			6
2025.03.17	01:18:10.214	1.29353	1.29358			6
2025.03.17	01:18:11.138	1.29354				2
2025.03.17	01:18:12.681	1.29346	1.29351			6
2025.03.17	01:18:12.991	1.29349	1.29354			6
2025.03.17	01:18:13.297		1.29353			4
2025.03.17	01:18:13.917	1.29350	1.29354			6
2025.03.17	01:18:14.220	1.29349				2
2025.03.17	01:18:15.152	1.29350	1.29355			6
2025.03.17	01:18:15.461	1.29349	1.29354			6
2025.03.17	01:18:17.624	1.29348	1.29353			6
2025.03.17	01:18:20.400	1.29349	1.29354			6
2025.03.17	01:18:21.633	1.29350				2
2025.03.17	01:18:24.115	1.29349				2
2025.03.17	01:18:29.350	1.29350				2
2025.03.17	01:18:29.665	1.29348	1.29353			6
2025.03.17	01:18:31.209	1.29350	1.29354			6
2025.03.17	01:18:31.828	1.29349	1.29353			6
2025.03.17	01:18:33.365	1.29350	1.29354			6
2025.03.17	01:18:33.676	1.29349	1.29353			6
2025.03.17	01:18:33.990	1.29350	1.29354			6
2025.03.17	01:18:34.914	1.29349	1.29353			6
2025.03.17	01:18:36.768	1.29348	1.29352			6
2025.03.17	01:18:38.934	1.29350	1.29354			6
2025.03.17	01:18:40.778	1.29349	1.29353			6
2025.03.17	01:18:47.878	1.29350	1.29354			6
2025.03.17	01:18:51.584	1.29349	1.29353			6
2025.03.17	01:18:55.662	1.29350	1.29354			6
2025.03.17	01:18:57.510	1.29348	1.29352			6
2025.03.17	01:18:57.815	1.29349	1.29353			6
2025.03.17	01:18:59.681	1.29350	1.29354			6
2025.03.17	01:19:00.294	1.29350				2
2025.03.17	01:19:02.764	1.29349	1.29353			6
2025.03.17	01:19:03.074	1.29347	1.29351			6
2025.03.17	01:19:04.621	1.29346	1.29350			6
2025.03.17	01:19:05.546	1.29342	1.29346			6
2025.03.17	01:19:06.166		1.29347			4
2025.03.17	01:19:07.397		1.29346			4
2025.03.17	01:19:07.702	1.29343	1.29347			6
2025.03.17	01:19:10.172	1.29342	1.29346			6
2025.03.17	01:19:10.485	1.29341	1.29345			6
2025.03.17	01:19:10.794	1.29342	1.29346			6
2025.03.17	01:19:15.425	1.29343	1.29347			6
2025.03.17	01:19:15.738	1.29342	1.29346			6
2025.03.17	01:19:16.357	1.29344	1.29348			6
2025.03.17	01:19:17.276	1.29343	1.29347			6
2025.03.17	01:19:17.586	1.29344	1.29348			6
2025.03.17	01:19:19.443	1.29345	1.29349			6
2025.03.17	01:19:21.602	1.29346	1.29350			6
2025.03.17	01:19:22.526	1.29345	1.29349			6
2025.03.17	01:19:23.142	1.29346	1.29350			6
2025.03.17	01:19:24.686	1.29344	1.29348			6
2025.03.17	01:19:25.610	1.29341	1.29345			6
2025.03.17	01:19:25.910	1.29343	1.29347			6
2025.03.17	01:19:27.465	1.29340	1.29342			6
2025.03.17	01:19:27.774	1.29339				2
2025.03.17	01:19:28.082	1.29340				2
2025.03.17	01:19:29.009		1.29343			4
2025.03.17	01:19:29.316	1.29341	1.29344			6
2025.03.17	01:19:29.627	1.29343	1.29348			6
2025.03.17	01:19:29.928	1.29345				2
2025.03.17	01:19:34.574	1.29344				2
2025.03.17	01:19:34.885	1.29343				2
2025.03.17	01:19:36.121	1.29344				2
2025.03.17	01:19:37.668	1.29343				2
2025.03.17	01:19:38.289	1.29341	1.29346			6
2025.03.17	01:19:38.590	1.29343				2
2025.03.17	01:19:38.897		1.29348			4
2025.03.17	01:19:39.213	1.29342	1.29347			6
2025.03.17	01:19:40.449	1.29341	1.29346			6
2025.03.17	01:19:40.758	1.29340	1.29345			6
2025.03.17	01:19:41.372	1.29343	1.29348			6
2025.03.17	01:19:41.991	1.29341	1.29346			6
2025.03.17	01:19:42.300	1.29340	1.29345			6
2025.03.17	01:19:42.608	1.29341	1.29346			6
2025.03.17	01:19:43.541	1.29343	1.29348			6
2025.03.17	01:19:43.846	1.29345	1.29349			6
2025.03.17	01:19:44.155	1.29342	1.29348			6
2025.03.17	01:19:44.768	1.29339	1.29345			6
2025.03.17	01:19:45.070	1.29338	1.29344			6
2025.03.17	01:19:45.388	1.29341				2
2025.03.17	01:19:45.696	1.29340				2
2025.03.17	01:19:46.313	1.29339				2
2025.03.17	01:19:46.618	1.29341				2
2025.03.17	01:19:46.934	1.29339				2
2025.03.17	01:19:47.242	1.29340				2
2025.03.17	01:19:47.551	1.29341				2
2025.03.17	01:19:48.168	1.29340				2
2025.03.17	01:19:49.403	1.29339				2
2025.03.17	01:19:49.711	1.29340				2
2025.03.17	01:19:50.330	1.29339				2
2025.03.17	01:19:50.642	1.29341				2
2025.03.17	01:19:50.947	1.29339				2
2025.03.17	01:19:51.873	1.29340				2
2025.03.17	01:19:52.178	1.29339				2
2025.03.17	01:19:52.800	1.29341				2
2025.03.17	01:19:53.105	1.29340				2
2025.03.17	01:19:54.036	1.29339				2
2025.03.17	01:19:54.955	1.29341				2
2025.03.17	01:19:55.263	1.29339				2
2025.03.17	01:19:56.191	1.29340				2
2025.03.17	01:19:58.660	1.29341				2
2025.03.17	01:19:58.974	1.29340				2
2025.03.17	01:20:00.201	1.29340				2
2025.03.17	01:20:00.514	1.29339				2
2025.03.17	01:20:00.822	1.29341				2
2025.03.17	01:20:01.122	1.29340				2
2025.03.17	01:20:01.745	1.29342	1.29347			6
2025.03.17	01:20:04.523	1.29341	1.29346			6
2025.03.17	01:20:06.373	1.29340	1.29345			6
2025.03.17	01:20:09.150	1.29339	1.29344			6
2025.03.17	01:20:09.465	1.29341	1.29345			6
2025.03.17	01:20:10.385	1.29342				2
2025.03.17	01:20:10.686	1.29341	1.29346			6
2025.03.17	01:20:10.990	1.29343	1.29348			6
2025.03.17	01:20:11.936	1.29341	1.29346			6
2025.03.17	01:20:12.243	1.29342	1.29347			6
2025.03.17	01:20:12.859	1.29341	1.29346			6
2025.03.17	01:20:13.164	1.29342	1.29347			6
2025.03.17	01:20:19.958	1.29349	1.29353			6
2025.03.17	01:20:20.584	1.29347	1.29352			6
2025.03.17	01:20:20.889	1.29348	1.29353			6
2025.03.17	01:20:21.809	1.29346	1.29351			6
2025.03.17	01:20:22.423	1.29347	1.29352			6
2025.03.17	01:20:22.729	1.29346	1.29351			6
2025.03.17	01:20:23.048	1.29347	1.29352			6
2025.03.17	01:20:24.586	1.29346	1.29351			6
2025.03.17	01:20:24.899	1.29347	1.29352			6
2025.03.17	01:20:25.518	1.29346	1.29351			6
2025.03.17	01:20:27.058	1.29345	1.29350			6
2025.03.17	01:20:27.670	1.29346	1.29351			6
2025.03.17	01:20:28.289	1.29345	1.29350			6
2025.03.17	01:20:29.207	1.29346	1.29351			6
2025.03.17	01:20:30.443	1.29348	1.29352			6
2025.03.17	01:20:31.063		1.29353			4
2025.03.17	01:20:31.369	1.29344	1.29349			6
2025.03.17	01:20:31.991	1.29345	1.29350			6
2025.03.17	01:20:34.764	1.29347	1.29352			6
2025.03.17	01:20:35.076	1.29346	1.29351			6
2025.03.17	01:20:35.385	1.29345	1.29350			6
2025.03.17	01:20:35.696	1.29344	1.29349			6
2025.03.17	01:20:35.994	1.29345	1.29350			6
2025.03.17	01:20:36.316	1.29344				2
2025.03.17	01:20:36.622	1.29346	1.29352			6
2025.03.17	01:20:36.929	1.29345	1.29351			6
2025.03.17	01:20:37.235	1.29342	1.29348			6
2025.03.17	01:20:41.864	1.29351	1.29353			6
2025.03.17	01:20:42.167	1.29352	1.29355			6
2025.03.17	01:20:42.784	1.29351				2
2025.03.17	01:20:43.095	1.29349	1.29354			6
2025.03.17	01:20:45.566	1.29347	1.29352			6
2025.03.17	01:20:45.870	1.29346				2
2025.03.17	01:20:46.179	1.29348	1.29353			6
2025.03.17	01:20:47.106	1.29347				2
2025.03.17	01:20:48.029	1.29348	1.29354			6
2025.03.17	01:20:48.647		1.29353			4
2025.03.17	01:20:48.959	1.29349				2
2025.03.17	01:20:50.191	1.29350	1.29354			6
2025.03.17	01:20:50.503	1.29349				2
2025.03.17	01:20:51.733	1.29350				2
2025.03.17	01:20:52.039	1.29347	1.29353			6
2025.03.17	01:20:52.345	1.29346	1.29352			6
2025.03.17	01:20:52.657		1.29353			4
2025.03.17	01:20:52.964	1.29349				2
2025.03.17	01:20:53.274	1.29347				2
2025.03.17	01:20:53.584	1.29349				2
2025.03.17	01:20:53.897	1.29348				2
2025.03.17	01:20:54.507		1.29354			4
2025.03.17	01:20:55.123	1.29347	1.29353			6
2025.03.17	01:20:55.429	1.29349	1.29354			6
2025.03.17	01:20:59.137		1.29352			4
2025.03.17	01:20:59.442	1.29347				2
2025.03.17	01:20:59.751	1.29348				2
2025.03.17	01:21:00.064	1.29346				2
2025.03.17	01:21:00.677	1.29348				2
2025.03.17	01:21:01.291	1.29347	1.29353			6
2025.03.17	01:21:01.606	1.29348				2
2025.03.17	01:21:02.535		1.29354			4
2025.03.17	01:21:03.458	1.29349				2
2025.03.17	01:21:04.072	1.29347				2
2025.03.17	01:21:04.382	1.29346	1.29353			6
2025.03.17	01:21:05.618	1.29347	1.29354			6
2025.03.17	01:21:08.086	1.29346	1.29353			6
2025.03.17	01:21:08.391	1.29349	1.29355			6
2025.03.17	01:21:09.630	1.29348				2
2025.03.17	01:21:11.472		1.29354			4
2025.03.17	01:21:11.775	1.29347				2
2025.03.17	01:21:12.081	1.29348				2
2025.03.17	01:21:13.610	1.29347				2
2025.03.17	01:21:15.153	1.29348				2
2025.03.17	01:21:15.461	1.29349				2
2025.03.17	01:21:16.392	1.29348				2
2025.03.17	01:21:16.697	1.29349				2
2025.03.17	01:21:19.179	1.29348				2
2025.03.17	01:21:19.790	1.29345	1.29351			6
2025.03.17	01:21:20.101		1.29352			4
2025.03.17	01:21:20.719	1.29341	1.29348			6
2025.03.17	01:21:21.030	1.29340	1.29347			6
2025.03.17	01:21:21.948	1.29343	1.29350			6
2025.03.17	01:21:22.571	1.29344	1.29351			6
2025.03.17	01:21:22.880	1.29343	1.29350			6
2025.03.17	01:21:27.505	1.29342	1.29349			6
2025.03.17	01:21:29.360	1.29340	1.29347			6
2025.03.17	01:21:32.143	1.29341	1.29348			6
2025.03.17	01:21:34.309	1.29343	1.29350			6
2025.03.17	01:21:34.610	1.29342	1.29349			6
2025.03.17	01:21:36.149	1.29343				2
2025.03.17	01:21:45.405	1.29345	1.29351			6
2025.03.17	01:21:45.711	1.29343	1.29349			6
2025.03.17	01:21:46.943	1.29344	1.29350			6
2025.03.17	01:21:47.258	1.29343	1.29349			6
2025.03.17	01:21:48.804	1.29341	1.29347			6
2025.03.17	01:21:53.752	1.29342	1.29348			6
2025.03.17	01:21:54.060	1.29343	1.29349			6
2025.03.17	01:21:54.361	1.29342	1.29348			6
2025.03.17	01:21:55.905	1.29341	1.29347			6
2025.03.17	01:21:56.513	1.29339	1.29345			6
2025.03.17	01:21:56.830	1.29340	1.29346			6
2025.03.17	01:21:57.755	1.29342	1.29348			6
2025.03.17	01:21:58.373	1.29340	1.29346			6
2025.03.17	01:21:58.682	1.29339	1.29345			6
2025.03.17	01:21:59.605	1.29340	1.29346			6
2025.03.17	01:21:59.912	1.29339	1.29345			6
2025.03.17	01:22:00.225	1.29339				2
2025.03.17	01:22:00.840	1.29340	1.29346			6
2025.03.17	01:22:05.161	1.29341				2
2025.03.17	01:22:09.787	1.29340	1.29345			6
2025.03.17	01:22:10.096	1.29339	1.29344			6
2025.03.17	01:22:11.020	1.29336	1.29341			6
2025.03.17	01:22:11.326	1.29338	1.29343			6
2025.03.17	01:22:21.829	1.29341	1.29346			6
2025.03.17	01:22:22.138	1.29340	1.29345			6
2025.03.17	01:22:22.445	1.29344	1.29349			6
2025.03.17	01:22:22.752	1.29343	1.29348			6
2025.03.17	01:22:25.240	1.29340	1.29345			6
2025.03.17	01:22:26.781	1.29341	1.29346			6
2025.03.17	01:22:27.088	1.29340	1.29345			6
2025.03.17	01:22:27.405	1.29341	1.29346			6
2025.03.17	01:22:27.712	1.29340	1.29345			6
2025.03.17	01:22:32.336	1.29341	1.29346			6
2025.03.17	01:22:32.649	1.29340	1.29345			6
2025.03.17	01:22:33.259	1.29341	1.29346			6
2025.03.17	01:22:33.872	1.29340	1.29345			6
2025.03.17	01:22:34.187	1.29341				2
2025.03.17	01:22:37.856	1.29342	1.29346			6
2025.03.17	01:22:38.164	1.29343	1.29347			6
2025.03.17	01:22:38.467	1.29340	1.29344			6
2025.03.17	01:22:38.770	1.29341	1.29345			6
2025.03.17	01:22:41.805	1.29342	1.29346			6
2025.03.17	01:22:45.486	1.29341	1.29345			6
2025.03.17	01:22:45.795	1.29342	1.29346			6
2025.03.17	01:22:46.100	1.29341	1.29345			6
2025.03.17	01:22:47.010	1.29342	1.29346			6
2025.03.17	01:22:47.614	1.29341	1.29345			6
2025.03.17	01:22:48.225	1.29342	1.29346			6
2025.03.17	01:22:49.153	1.29341	1.29345			6
2025.03.17	01:22:50.373	1.29342	1.29346			6
2025.03.17	01:22:52.523	1.29345	1.29349			6
2025.03.17	01:22:52.824	1.29342	1.29346			6
2025.03.17	01:22:59.393	1.29339	1.29343			6
2025.03.17	01:22:59.701	1.29337	1.29341			6
2025.03.17	01:23:00.002	1.29337				2
2025.03.17	01:23:00.304	1.29338	1.29342			6
2025.03.17	01:23:00.607	1.29337	1.29341			6
2025.03.17	01:23:02.449	1.29336	1.29340			6
2025.03.17	01:23:09.212	1.29337	1.29341			6
2025.03.17	01:23:09.523	1.29336	1.29340			6
2025.03.17	01:23:12.276	1.29337				2
2025.03.17	01:23:12.584	1.29336	1.29339			6
2025.03.17	01:23:14.101	1.29333	1.29336			6
2025.03.17	01:23:14.709	1.29332	1.29335			6
2025.03.17	01:23:15.010	1.29333	1.29336			6
2025.03.17	01:23:15.314	1.29332				2
2025.03.17	01:23:15.925	1.29331	1.29335			6
2025.03.17	01:23:16.231	1.29333	1.29337			6
2025.03.17	01:23:17.764	1.29332	1.29336			6
2025.03.17	01:23:20.833	1.29333	1.29337			6
2025.03.17	01:23:21.750	1.29332	1.29336			6
2025.03.17	01:23:22.052	1.29333	1.29337			6
2025.03.17	01:23:22.979	1.29332	1.29336			6
2025.03.17	01:23:23.285	1.29333	1.29337			6
2025.03.17	01:23:25.129	1.29334				2
2025.03.17	01:23:25.740	1.29333	1.29336			6
2025.03.17	01:23:27.266	1.29332	1.29335			6
2025.03.17	01:23:27.572	1.29333	1.29336			6
2025.03.17	01:23:27.881	1.29332	1.29335			6
2025.03.17	01:23:28.802	1.29333	1.29336			6
2025.03.17	01:23:29.104	1.29334	1.29337			6
2025.03.17	01:23:29.719	1.29333	1.29336			6
2025.03.17	01:23:30.628	1.29332	1.29335			6
2025.03.17	01:23:31.537		1.29334			4
2025.03.17	01:23:31.841		1.29335			4
2025.03.17	01:23:33.356	1.29336	1.29339			6
2025.03.17	01:23:33.661	1.29335	1.29338			6
2025.03.17	01:23:34.269	1.29334				2
2025.03.17	01:23:34.881	1.29335	1.29339			6
2025.03.17	01:23:36.113	1.29333	1.29337			6
2025.03.17	01:23:36.734	1.29334	1.29338			6
2025.03.17	01:23:41.365	1.29335	1.29339			6
2025.03.17	01:23:43.523	1.29334	1.29338			6
2025.03.17	01:23:44.448	1.29335	1.29339			6
2025.03.17	01:23:45.991	1.29334	1.29338			6
2025.03.17	01:23:46.303	1.29335				2
2025.03.17	01:23:59.071	1.29336	1.29339			6
2025.03.17	01:23:59.977	1.29335	1.29338			6
2025.03.17	01:24:00.278	1.29343	1.29346			6
2025.03.17	01:24:00.584	1.29345	1.29348			6
2025.03.17	01:24:00.891	1.29343	1.29346			6
2025.03.17	01:24:01.195	1.29342	1.29348			6
2025.03.17	01:24:02.728		1.29347			4
2025.03.17	01:24:03.034	1.29340	1.29345			6
2025.03.17	01:24:03.648	1.29339	1.29344			6
2025.03.17	01:24:04.265		1.29345			4
2025.03.17	01:24:05.804		1.29344			4
2025.03.17	01:24:07.966	1.29338				2
2025.03.17	01:24:09.823	1.29339	1.29345			6
2025.03.17	01:24:10.131		1.29344			4
2025.03.17	01:24:11.052	1.29333	1.29338			6
2025.03.17	01:24:11.369	1.29334	1.29339			6
2025.03.17	01:24:12.292		1.29340			4
2025.03.17	01:24:13.220		1.29339			4
2025.03.17	01:24:13.839	1.29333				2
2025.03.17	01:24:14.770	1.29332	1.29338			6
2025.03.17	01:24:15.387	1.29333	1.29339			6
2025.03.17	01:24:15.701	1.29332	1.29338			6
2025.03.17	01:24:16.933	1.29333	1.29339			6
2025.03.17	01:24:19.709		1.29338			4
2025.03.17	01:24:20.017		1.29339			4
2025.03.17	01:24:23.098	1.29332	1.29335			6
2025.03.17	01:24:23.415		1.29336			4
2025.03.17	01:24:24.029	1.29331	1.29335			6
2025.03.17	01:24:24.343		1.29336			4
2025.03.17	01:24:26.196		1.29335			4
2025.03.17	01:24:39.159		1.29334			4
2025.03.17	01:24:39.470	1.29333	1.29337			6
2025.03.17	01:24:39.778	1.29332	1.29336			6
2025.03.17	01:24:40.393		1.29337			4
2025.03.17	01:24:40.707		1.29336			4
2025.03.17	01:24:41.015		1.29337			4
2025.03.17	01:24:41.632		1.29336			4
2025.03.17	01:24:42.255		1.29337			4
2025.03.17	01:24:43.499		1.29336			4
2025.03.17	01:24:43.801		1.29337			4
2025.03.17	01:24:45.034		1.29336			4
2025.03.17	01:24:45.342	1.29337	1.29342			6
2025.03.17	01:24:46.276		1.29343			4
2025.03.17	01:24:48.747		1.29342			4
2025.03.17	01:24:53.990	1.29336	1.29341			6
2025.03.17	01:24:54.308	1.29337	1.29342			6
2025.03.17	01:24:54.921	1.29336	1.29341			6
2025.03.17	01:24:58.314	1.29331	1.29336			6
2025.03.17	01:24:58.614		1.29335			4
2025.03.17	01:24:58.932	1.29332	1.29336			6
2025.03.17	01:24:59.244		1.29337			4
2025.03.17	01:24:59.860	1.29331	1.29336			6
2025.03.17	01:25:00.169	1.29331				2
2025.03.17	01:25:01.093		1.29335			4
2025.03.17	01:25:03.866	1.29333	1.29336			6
2025.03.17	01:25:04.170		1.29339			4
2025.03.17	01:25:07.276	1.29334	1.29340			6
2025.03.17	01:25:07.887	1.29333	1.29339			6
2025.03.17	01:25:14.684	1.29334	1.29340			6
2025.03.17	01:25:14.993	1.29333	1.29339			6
2025.03.17	01:25:16.228	1.29337	1.29343			6
2025.03.17	01:25:19.315		1.29342			4
2025.03.17	01:25:21.785		1.29343			4
2025.03.17	01:25:23.018		1.29342			4
2025.03.17	01:25:26.094	1.29336				2
2025.03.17	01:25:26.401	1.29337	1.29343			6
2025.03.17	01:25:29.172	1.29338				2
2025.03.17	01:25:30.708	1.29340	1.29345			6
2025.03.17	01:25:31.322	1.29342	1.29346			6
2025.03.17	01:25:33.174		1.29345			4
2025.03.17	01:25:34.405	1.29340				2
2025.03.17	01:25:36.885	1.29341	1.29346			6
2025.03.17	01:25:38.741	1.29336	1.29341			6
2025.03.17	01:25:39.051	1.29337	1.29342			6
2025.03.17	01:25:40.285		1.29341			4
2025.03.17	01:25:41.517		1.29342			4
2025.03.17	01:25:42.127		1.29341			4
2025.03.17	01:25:42.435		1.29342			4
2025.03.17	01:25:43.662		1.29341			4
2025.03.17	01:25:46.436	1.29340	1.29345			6
2025.03.17	01:25:47.678	1.29338	1.29343			6
2025.03.17	01:25:47.999	1.29339	1.29344			6
2025.03.17	01:25:52.320	1.29340	1.29345			6
2025.03.17	01:25:52.629	1.29341	1.29346			6
2025.03.17	01:25:52.941	1.29340	1.29345			6
2025.03.17	01:25:56.048	1.29341	1.29346			6
2025.03.17	01:25:56.358	1.29340	1.29345			6
2025.03.17	01:25:57.287	1.29341				2
2025.03.17	01:25:59.420	1.29340	1.29344			6
2025.03.17	01:26:00.044	1.29340				2
2025.03.17	01:26:11.930	1.29343	1.29347			6
2025.03.17	01:26:12.240	1.29346				2
2025.03.17	01:26:12.546		1.29349			4
2025.03.17	01:26:17.141		1.29350			4
2025.03.17	01:26:18.994		1.29349			4
2025.03.17	01:26:19.303	1.29349	1.29352			6
2025.03.17	01:26:19.609		1.29353			4
2025.03.17	01:26:20.228	1.29347	1.29351			6
2025.03.17	01:26:20.536		1.29350			4
2025.03.17	01:26:20.845		1.29351			4
2025.03.17	01:26:22.388		1.29352			4
2025.03.17	01:26:23.623	1.29348	1.29353			6
2025.03.17	01:26:24.543	1.29347	1.29352			6
2025.03.17	01:26:25.469	1.29348	1.29353			6
2025.03.17	01:26:26.390		1.29352			4
2025.03.17	01:26:30.396	1.29351	1.29355			6
2025.03.17	01:26:30.706	1.29352	1.29356			6
2025.03.17	01:26:31.015	1.29351	1.29355			6
2025.03.17	01:26:31.322	1.29350				2
2025.03.17	01:26:34.101		1.29354			4
2025.03.17	01:26:34.717	1.29351	1.29355			6
2025.03.17	01:26:35.024	1.29342	1.29346			6
2025.03.17	01:26:35.334	1.29341	1.29347			6
2025.03.17	01:26:35.643	1.29342				2
2025.03.17	01:26:35.949	1.29341				2
2025.03.17	01:26:38.423	1.29342	1.29348			6
2025.03.17	01:26:39.344	1.29340	1.29346			6
2025.03.17	01:26:41.505	1.29341				2
2025.03.17	01:26:43.667	1.29339	1.29345			6
2025.03.17	01:26:43.977	1.29341	1.29347			6
2025.03.17	01:26:44.286	1.29342	1.29348			6
2025.03.17	01:26:44.593		1.29347			4
2025.03.17	01:26:44.905	1.29341	1.29346			6
2025.03.17	01:26:46.148	1.29342	1.29347			6
2025.03.17	01:26:46.456	1.29341	1.29346			6
2025.03.17	01:26:47.114	1.29340	1.29345			6
2025.03.17	01:26:47.736	1.29341				2
2025.03.17	01:26:48.045	1.29340				2
2025.03.17	01:26:48.353	1.29341	1.29346			6
2025.03.17	01:26:55.179	1.29342	1.29347			6
2025.03.17	01:26:55.487	1.29341	1.29346			6
2025.03.17	01:26:56.100	1.29342	1.29347			6
2025.03.17	01:26:56.721	1.29341	1.29346			6
2025.03.17	01:26:57.346	1.29342				2
2025.03.17	01:27:00.126	1.29342				2
2025.03.17	01:27:06.626	1.29341	1.29345			6
2025.03.17	01:27:11.238	1.29342				2
2025.03.17	01:27:13.981	1.29343	1.29346			6
2025.03.17	01:27:18.541	1.29342	1.29345			6
2025.03.17	01:27:20.981	1.29343	1.29346			6
2025.03.17	01:27:22.823	1.29342	1.29345			6
2025.03.17	01:27:26.191	1.29337	1.29340			6
2025.03.17	01:27:26.799	1.29336	1.29339			6
2025.03.17	01:27:27.104		1.29340			4
2025.03.17	01:27:28.016	1.29337				2
2025.03.17	01:27:28.324		1.29341			4
2025.03.17	01:27:28.626	1.29338	1.29342			6
2025.03.17	01:27:28.940	1.29337	1.29341			6
2025.03.17	01:27:29.246	1.29338				2
2025.03.17	01:27:29.551	1.29337				2
2025.03.17	01:27:29.864		1.29340			4
2025.03.17	01:27:30.174		1.29341			4
2025.03.17	01:27:30.476		1.29340			4
2025.03.17	01:27:33.563	1.29336	1.29339			6
2025.03.17	01:27:34.473	1.29329	1.29332			6
2025.03.17	01:27:35.094	1.29337	1.29340			6
2025.03.17	01:27:37.825	1.29336	1.29339			6
2025.03.17	01:27:39.043	1.29337	1.29340			6
2025.03.17	01:27:46.387	1.29333	1.29336			6
2025.03.17	01:27:46.691	1.29332	1.29335			6
2025.03.17	01:27:47.298		1.29336			4
2025.03.17	01:27:48.211	1.29334	1.29338			6
2025.03.17	01:27:48.514	1.29333	1.29337			6
2025.03.17	01:27:49.132	1.29332	1.29336			6
2025.03.17	01:27:50.372		1.29335			4
2025.03.17	01:27:50.675	1.29333	1.29336			6
2025.03.17	01:27:52.810	1.29332	1.29335			6
2025.03.17	01:27:53.415	1.29333	1.29336			6
2025.03.17	01:27:54.027	1.29332	1.29335			6
2025.03.17	01:27:55.860	1.29331	1.29334			6
2025.03.17	01:27:56.778	1.29332	1.29335			6
2025.03.17	01:28:00.141	1.29332				2
2025.03.17	01:28:01.059	1.29333	1.29336			6
2025.03.17	01:28:01.363	1.29332	1.29335			6
2025.03.17	01:28:01.675	1.29333	1.29336			6
2025.03.17	01:28:14.272	1.29330	1.29333			6
2025.03.17	01:28:17.972	1.29327	1.29330			6
2025.03.17	01:28:21.385	1.29328	1.29331			6
2025.03.17	01:28:22.312	1.29327	1.29329			6
2025.03.17	01:28:22.925		1.29330			4
2025.03.17	01:28:23.243		1.29329			4
2025.03.17	01:28:25.726		1.29330			4
2025.03.17	01:28:26.345		1.29329			4
2025.03.17	01:28:27.286		1.29330			4
2025.03.17	01:28:42.098	1.29328	1.29331			6
2025.03.17	01:28:42.407	1.29327	1.29330			6
2025.03.17	01:28:48.875	1.29328	1.29331			6
2025.03.17	01:28:50.721	1.29327	1.29330			6
2025.03.17	01:28:51.335	1.29330	1.29333			6
2025.03.17	01:28:55.030	1.29328	1.29331			6
2025.03.17	01:28:55.954	1.29327	1.29330			6
2025.03.17	01:28:56.268	1.29328	1.29331			6
2025.03.17	01:28:58.435	1.29327	1.29330			6
2025.03.17	01:28:59.977	1.29328	1.29331			6
2025.03.17	01:29:00.285	1.29328				2
2025.03.17	01:29:01.526	1.29329	1.29332			6
2025.03.17	01:29:03.073	1.29319	1.29322			6
2025.03.17	01:29:03.379	1.29322	1.29325			6
2025.03.17	01:29:04.301	1.29319	1.29323			6
2025.03.17	01:29:05.836	1.29320				2
2025.03.17	01:29:06.144	1.29319				2
2025.03.17	01:29:08.609	1.29320	1.29324			6
2025.03.17	01:29:09.527	1.29319	1.29323			6
2025.03.17	01:29:09.844		1.29322			4
2025.03.17	01:29:10.153		1.29323			4
2025.03.17	01:29:12.925	1.29318	1.29322			6
2025.03.17	01:29:13.539	1.29320	1.29324			6
2025.03.17	01:29:14.156	1.29319	1.29323			6
2025.03.17	01:29:20.629	1.29322	1.29326			6
2025.03.17	01:29:20.945	1.29321	1.29325			6
2025.03.17	01:29:21.253	1.29320	1.29324			6
2025.03.17	01:29:22.484	1.29319	1.29323			6
2025.03.17	01:29:23.717	1.29321	1.29325			6
2025.03.17	01:29:28.345	1.29323	1.29326			6
2025.03.17	01:29:28.651	1.29322	1.29325			6
2025.03.17	01:29:28.962	1.29321	1.29324			6
2025.03.17	01:29:30.193	1.29320				2
2025.03.17	01:29:32.345		1.29323			4
2025.03.17	01:29:33.577	1.29321	1.29324			6
2025.03.17	01:29:34.498	1.29320	1.29323			6
2025.03.17	01:29:36.347	1.29319	1.29322			6
2025.03.17	01:29:39.120	1.29320	1.29323			6
2025.03.17	01:29:41.279	1.29319	1.29322			6
2025.03.17	01:29:41.580	1.29320	1.29323			6
2025.03.17	01:29:43.131	1.29319	1.29322			6
2025.03.17	01:29:43.747	1.29320	1.29323			6
2025.03.17	01:29:44.059	1.29319	1.29322			6
2025.03.17	01:29:44.667	1.29320	1.29323			6
2025.03.17	01:29:47.444	1.29319	1.29322			6
2025.03.17	01:29:47.749	1.29320	1.29323			6
2025.03.17	01:29:49.289	1.29319	1.29322			6
2025.03.17	01:29:49.596	1.29320	1.29323			6
2025.03.17	01:29:52.063	1.29319	1.29322			6
2025.03.17	01:29:56.066	1.29318	1.29319			6
2025.03.17	01:29:56.373	1.29311	1.29314			6
2025.03.17	01:29:56.681	1.29310	1.29313			6
2025.03.17	01:29:57.304	1.29309	1.29314			6
2025.03.17	01:29:58.836	1.29308				2
2025.03.17	01:29:59.142	1.29309				2
2025.03.17	01:29:59.455		1.29315			4
2025.03.17	01:30:00.065	1.29309	1.29314			6
2025.03.17	01:30:01.353	1.29310	1.29315			6
2025.03.17	01:30:01.663	1.29309				2
2025.03.17	01:30:03.199	1.29308	1.29314			6
2025.03.17	01:30:05.056		1.29313			4
2025.03.17	01:30:07.521	1.29310				2
2025.03.17	01:30:07.826		1.29312			4
2025.03.17	01:30:08.138		1.29313			4
2025.03.17	01:30:09.673		1.29312			4
2025.03.17	01:30:10.600		1.29313			4
2025.03.17	01:30:10.908		1.29312			4
2025.03.17	01:30:11.832		1.29313			4
2025.03.17	01:30:12.444		1.29312			4
2025.03.17	01:30:12.755		1.29313			4
2025.03.17	01:30:13.059		1.29312			4
2025.03.17	01:30:13.368		1.29313			4
2025.03.17	01:30:13.675		1.29312			4
2025.03.17	01:30:13.983		1.29313			4
2025.03.17	01:30:14.292		1.29312			4
2025.03.17	01:30:14.595		1.29313			4
2025.03.17	01:30:15.521	1.29308				2
2025.03.17	01:30:15.830		1.29311			4
2025.03.17	01:30:18.918		1.29312			4
2025.03.17	01:30:19.221		1.29311			4
2025.03.17	01:30:19.532		1.29312			4
2025.03.17	01:30:19.838		1.29311			4
2025.03.17	01:30:20.148		1.29312			4
2025.03.17	01:30:20.459		1.29311			4
2025.03.17	01:30:20.767		1.29310			4
2025.03.17	01:30:21.686	1.29307	1.29311			6
2025.03.17	01:30:22.310		1.29310			4
2025.03.17	01:30:22.932		1.29311			4
2025.03.17	01:30:23.240		1.29310			4
2025.03.17	01:30:29.663		1.29309			4
2025.03.17	01:30:30.274	1.29304	1.29307			6
2025.03.17	01:30:30.581	1.29298	1.29302			6
2025.03.17	01:30:30.886		1.29300			4
2025.03.17	01:30:31.196		1.29302			4
2025.03.17	01:30:31.815	1.29299	1.29304			6
2025.03.17	01:30:37.366		1.29303			4
2025.03.17	01:30:38.598		1.29302			4
2025.03.17	01:30:38.909		1.29303			4
2025.03.17	01:30:39.218		1.29302			4
2025.03.17	01:30:39.529		1.29303			4
2025.03.17	01:30:39.836		1.29302			4
2025.03.17	01:30:40.450		1.29303			4
2025.03.17	01:30:40.763		1.29302			4
2025.03.17	01:30:41.068		1.29303			4
2025.03.17	01:30:42.609	1.29301				2
2025.03.17	01:30:45.693	1.29297	1.29301			6
2025.03.17	01:30:50.950	1.29299	1.29302			6
2025.03.17	01:30:53.112		1.29303			4
2025.03.17	01:30:55.279		1.29302			4
2025.03.17	01:30:57.753	1.29294	1.29298			6
2025.03.17	01:30:58.059		1.29297			4
2025.03.17	01:30:58.364	1.29297	1.29300			6
2025.03.17	01:31:00.219	1.29297				2
2025.03.17	01:31:02.081	1.29296				2
2025.03.17	01:31:02.389	1.29289	1.29293			6
2025.03.17	01:31:02.697	1.29290				2
2025.03.17	01:31:03.007	1.29289				2
2025.03.17	01:31:03.313		1.29294			4
2025.03.17	01:31:04.856	1.29286	1.29290			6
2025.03.17	01:31:07.630	1.29282	1.29286			6
2025.03.17	01:31:08.562	1.29278	1.29282			6
2025.03.17	01:31:09.180	1.29280	1.29283			6
2025.03.17	01:31:09.486		1.29285			4
2025.03.17	01:31:09.794		1.29284			4
2025.03.17	01:31:11.652		1.29285			4
2025.03.17	01:31:12.266		1.29284			4
2025.03.17	01:31:15.351		1.29285			4
2025.03.17	01:31:15.664		1.29284			4
2025.03.17	01:31:16.586	1.29279				2
2025.03.17	01:31:16.889	1.29271	1.29276			6
2025.03.17	01:31:19.978		1.29275			4
2025.03.17	01:31:20.293		1.29276			4
2025.03.17	01:31:20.597		1.29275			4
2025.03.17	01:31:20.905		1.29276			4
2025.03.17	01:31:21.524		1.29275			4
2025.03.17	01:31:21.834		1.29276			4
2025.03.17	01:31:26.761	1.29270				2
2025.03.17	01:31:27.985		1.29275			4
2025.03.17	01:31:31.075		1.29276			4
2025.03.17	01:31:35.693		1.29275			4
2025.03.17	01:31:36.006	1.29275	1.29276			6
2025.03.17	01:31:36.307	1.29277	1.29281			6
2025.03.17	01:31:41.868	1.29273	1.29276			6
2025.03.17	01:31:42.171		1.29277			4
2025.03.17	01:31:43.104		1.29278			4
2025.03.17	01:31:45.577	1.29271	1.29276			6
2025.03.17	01:31:45.884		1.29275			4
2025.03.17	01:31:46.500	1.29270				2
2025.03.17	01:31:48.355		1.29274			4
2025.03.17	01:31:50.513	1.29265	1.29270			6
2025.03.17	01:31:50.817		1.29269			4
2025.03.17	01:31:51.128	1.29267	1.29270			6
2025.03.17	01:31:54.208	1.29257	1.29263			6
2025.03.17	01:31:56.970		1.29262			4
2025.03.17	01:31:59.108	1.29260				2
2025.03.17	01:31:59.415	1.29257				2
2025.03.17	01:32:00.029	1.29257				2
2025.03.17	01:32:00.339		1.29261			4
2025.03.17	01:32:01.264	1.29255				2
2025.03.17	01:32:01.567	1.29254	1.29258			6
2025.03.17	01:32:08.344	1.29257	1.29262			6
2025.03.17	01:32:08.649		1.29261			4
2025.03.17	01:32:08.962		1.29262			4
2025.03.17	01:32:09.580		1.29261			4
2025.03.17	01:32:10.504		1.29262			4
2025.03.17	01:32:11.741		1.29263			4
2025.03.17	01:32:12.046		1.29261			4
2025.03.17	01:32:12.356		1.29264			4
2025.03.17	01:32:12.662	1.29259	1.29266			6
2025.03.17	01:32:12.972		1.29265			4
2025.03.17	01:32:13.587	1.29258				2
2025.03.17	01:32:16.362	1.29259	1.29266			6
2025.03.17	01:32:16.980	1.29258	1.29265			6
2025.03.17	01:32:18.831	1.29259	1.29266			6
2025.03.17	01:32:20.680	1.29260				2
2025.03.17	01:32:21.293	1.29259				2
2025.03.17	01:32:21.599	1.29260				2
2025.03.17	01:32:23.457	1.29259				2
2025.03.17	01:32:25.917	1.29260				2
2025.03.17	01:32:26.228	1.29259				2
2025.03.17	01:32:29.627	1.29266	1.29269			6
2025.03.17	01:32:29.929	1.29267	1.29272			6
2025.03.17	01:32:35.485		1.29273			4
2025.03.17	01:32:35.788		1.29272			4
2025.03.17	01:32:45.678	1.29266				2
2025.03.17	01:32:46.911	1.29267	1.29273			6
2025.03.17	01:32:47.219		1.29272			4
2025.03.17	01:32:51.228	1.29265	1.29271			6
2025.03.17	01:32:51.532	1.29257	1.29263			6
2025.03.17	01:32:51.849	1.29262	1.29269			6
2025.03.17	01:32:52.150	1.29261	1.29268			6
2025.03.17	01:32:52.772	1.29260	1.29267			6
2025.03.17	01:32:58.951	1.29259	1.29266			6
2025.03.17	01:32:59.262		1.29265			4
2025.03.17	01:32:59.878		1.29266			4
2025.03.17	01:33:00.186	1.29260	1.29267			6
2025.03.17	01:33:00.491	1.29261				2
2025.03.17	01:33:00.805		1.29268			4
2025.03.17	01:33:01.113	1.29260	1.29267			6
2025.03.17	01:33:01.425	1.29261	1.29268			6
2025.03.17	01:33:04.817	1.29260	1.29267			6
2025.03.17	01:33:05.125	1.29259	1.29266			6
2025.03.17	01:33:05.433	1.29260				2
2025.03.17	01:33:05.743		1.29267			4
2025.03.17	01:33:06.669	1.29259	1.29266			6
2025.03.17	01:33:07.902	1.29260				2
2025.03.17	01:33:10.689		1.29267			4
2025.03.17	01:33:11.305		1.29266			4
2025.03.17	01:33:18.740	1.29262	1.29268			6
2025.03.17	01:33:19.662	1.29261	1.29267			6
2025.03.17	01:33:23.986	1.29262	1.29268			6
2025.03.17	01:33:25.531	1.29263	1.29269			6
2025.03.17	01:33:26.146	1.29262	1.29268			6
2025.03.17	01:33:27.382	1.29263				2
2025.03.17	01:33:29.522	1.29267	1.29272			6
2025.03.17	01:33:29.826	1.29268	1.29273			6
2025.03.17	01:33:30.129	1.29267				2
2025.03.17	01:33:37.223	1.29268				2
2025.03.17	01:33:38.146	1.29269	1.29274			6
2025.03.17	01:33:39.054	1.29270	1.29275			6
2025.03.17	01:33:39.963	1.29269	1.29274			6
2025.03.17	01:33:40.873	1.29267	1.29272			6
2025.03.17	01:33:41.174	1.29268				2
2025.03.17	01:33:41.481	1.29270	1.29275			6
2025.03.17	01:33:42.389	1.29269				2
2025.03.17	01:33:43.931		1.29274			4
2025.03.17	01:33:50.653	1.29266	1.29268			6
2025.03.17	01:33:50.958	1.29261	1.29265			6
2025.03.17	01:33:52.181		1.29266			4
2025.03.17	01:33:52.795	1.29260	1.29267			6
2025.03.17	01:33:53.104	1.29259	1.29266			6
2025.03.17	01:33:56.190	1.29260				2
2025.03.17	01:33:57.114	1.29259				2
2025.03.17	01:33:58.659	1.29260				2
2025.03.17	01:33:58.966	1.29259				2
2025.03.17	01:34:00.206	1.29259				2
2025.03.17	01:34:02.678		1.29265			4
2025.03.17	01:34:03.602	1.29261	1.29268			6
2025.03.17	01:34:04.530	1.29260	1.29267			6
2025.03.17	01:34:04.838	1.29261	1.29268			6
2025.03.17	01:34:05.143	1.29262				2
2025.03.17	01:34:05.456	1.29261				2
2025.03.17	01:34:05.756	1.29262				2
2025.03.17	01:34:06.388		1.29269			4
2025.03.17	01:34:10.392	1.29261	1.29268			6
2025.03.17	01:34:10.699	1.29262	1.29269			6
2025.03.17	01:34:12.552	1.29261	1.29268			6
2025.03.17	01:34:13.472	1.29262	1.29269			6
2025.03.17	01:34:13.779	1.29261	1.29268			6
2025.03.17	01:34:14.084		1.29267			4
2025.03.17	01:34:16.227		1.29266			4
2025.03.17	01:34:16.532		1.29267			4
2025.03.17	01:34:16.839		1.29266			4
2025.03.17	01:34:17.151	1.29262	1.29267			6
2025.03.17	01:34:19.306		1.29268			4
2025.03.17	01:34:20.538	1.29263	1.29269			6
2025.03.17	01:34:21.469	1.29262	1.29268			6
2025.03.17	01:34:22.388	1.29263	1.29269			6
2025.03.17	01:34:22.704	1.29262	1.29268			6
2025.03.17	01:34:23.616	1.29263	1.29269			6
2025.03.17	01:34:28.225	1.29264				2
2025.03.17	01:34:31.891	1.29263	1.29268			6
2025.03.17	01:34:32.191		1.29267			4
2025.03.17	01:34:38.310		1.29266			4
2025.03.17	01:34:41.991		1.29265			4
2025.03.17	01:34:42.607	1.29264				2
2025.03.17	01:34:46.851		1.29266			4
2025.03.17	01:34:48.668	1.29263	1.29267			6
2025.03.17	01:34:48.969		1.29266			4
2025.03.17	01:34:49.878	1.29260	1.29264			6
2025.03.17	01:34:50.182	1.29261				2
2025.03.17	01:34:51.093		1.29265			4
2025.03.17	01:34:51.400	1.29260	1.29264			6
2025.03.17	01:34:51.704	1.29261	1.29265			6
2025.03.17	01:34:52.013	1.29260	1.29264			6
2025.03.17	01:34:52.317	1.29261				2
2025.03.17	01:34:52.933	1.29262	1.29265			6
2025.03.17	01:34:54.781	1.29261	1.29264			6
2025.03.17	01:34:55.089	1.29262	1.29265			6
2025.03.17	01:34:55.392	1.29261	1.29264			6
2025.03.17	01:34:56.312	1.29262	1.29265			6
2025.03.17	01:34:57.532	1.29261	1.29264			6
2025.03.17	01:34:58.741	1.29259	1.29262			6
2025.03.17	01:34:59.350	1.29261	1.29264			6
2025.03.17	01:34:59.652	1.29260	1.29263			6
2025.03.17	01:35:00.255	1.29260				2
2025.03.17	01:35:00.559	1.29262	1.29265			6
2025.03.17	01:35:04.496	1.29263	1.29266			6
2025.03.17	01:35:06.635	1.29262	1.29265			6
2025.03.17	01:35:07.861	1.29263	1.29266			6
2025.03.17	01:35:08.170	1.29262	1.29265			6
2025.03.17	01:35:10.315	1.29263	1.29266			6
2025.03.17	01:35:11.847	1.29262	1.29265			6
2025.03.17	01:35:12.150	1.29264	1.29267			6
2025.03.17	01:35:16.090	1.29263	1.29266			6
2025.03.17	01:35:22.784	1.29264	1.29267			6
2025.03.17	01:35:26.143	1.29263	1.29266			6
2025.03.17	01:35:28.278	1.29264	1.29267			6
2025.03.17	01:35:28.584	1.29263	1.29266			6
2025.03.17	01:35:31.651		1.29265			4
2025.03.17	01:35:32.258		1.29266			4
2025.03.17	01:35:32.871		1.29265			4
2025.03.17	01:35:34.397		1.29264			4
2025.03.17	01:35:34.711		1.29265			4
2025.03.17	01:35:36.852	1.29264	1.29267			6
2025.03.17	01:35:38.995	1.29263	1.29266			6
2025.03.17	01:35:48.787		1.29265			4
2025.03.17	01:35:49.705		1.29266			4
2025.03.17	01:35:50.322		1.29264			4
2025.03.17	01:35:50.622		1.29265			4
2025.03.17	01:35:50.928		1.29264			4
2025.03.17	01:35:51.857		1.29265			4
2025.03.17	01:35:52.462		1.29264			4
2025.03.17	01:35:53.066	1.29268	1.29271			6
2025.03.17	01:35:53.369	1.29270				2
2025.03.17	01:35:56.705	1.29271	1.29274			6
2025.03.17	01:35:57.012	1.29270	1.29273			6
2025.03.17	01:35:57.313	1.29269				2
2025.03.17	01:35:57.926	1.29270	1.29274			6
2025.03.17	01:35:58.235	1.29272	1.29276			6
2025.03.17	01:35:58.853	1.29273	1.29277			6
2025.03.17	01:36:00.085	1.29271	1.29275			6
2025.03.17	01:36:01.948	1.29272				2
2025.03.17	01:36:02.262	1.29271				2
2025.03.17	01:36:03.183	1.29272				2
2025.03.17	01:36:09.206	1.29271	1.29274			6
2025.03.17	01:36:09.514		1.29275			4
2025.03.17	01:36:09.822	1.29272				2
2025.03.17	01:36:10.442	1.29271				2
2025.03.17	01:36:10.747	1.29272				2
2025.03.17	01:36:11.666	1.29271				2
2025.03.17	01:36:12.599	1.29278	1.29280			6
2025.03.17	01:36:12.903	1.29272	1.29276			6
2025.03.17	01:36:13.211	1.29275	1.29277			6
2025.03.17	01:36:13.517	1.29276				2
2025.03.17	01:36:13.825	1.29275				2
2025.03.17	01:36:14.442		1.29278			4
2025.03.17	01:36:17.839		1.29281			4
2025.03.17	01:36:18.147		1.29280			4
2025.03.17	01:36:18.764	1.29277				2
2025.03.17	01:36:19.068	1.29278	1.29281			6
2025.03.17	01:36:19.692		1.29282			4
2025.03.17	01:36:20.305	1.29275	1.29281			6
2025.03.17	01:36:20.922	1.29276				2
2025.03.17	01:36:21.229	1.29277				2
2025.03.17	01:36:21.538	1.29275				2
2025.03.17	01:36:21.849	1.29276	1.29280			6
2025.03.17	01:36:22.156		1.29281			4
2025.03.17	01:36:23.084		1.29280			4
2025.03.17	01:36:25.243		1.29281			4
2025.03.17	01:36:25.553		1.29280			4
2025.03.17	01:36:27.095	1.29277	1.29282			6
2025.03.17	01:36:27.405	1.29278				2
2025.03.17	01:36:27.710		1.29283			4
2025.03.17	01:36:28.320	1.29277	1.29282			6
2025.03.17	01:36:31.106		1.29283			4
2025.03.17	01:36:32.038	1.29278	1.29284			6
2025.03.17	01:36:32.342	1.29277	1.29282			6
2025.03.17	01:36:32.966	1.29278	1.29283			6
2025.03.17	01:36:36.658	1.29270	1.29275			6
2025.03.17	01:36:36.962		1.29274			4
2025.03.17	01:36:37.278	1.29268	1.29275			6
2025.03.17	01:36:38.204	1.29269	1.29276			6
2025.03.17	01:36:45.290		1.29275			4
2025.03.17	01:36:45.598	1.29268	1.29274			6
2025.03.17	01:36:45.906	1.29269	1.29276			6
2025.03.17	01:36:46.216	1.29270				2
2025.03.17	01:36:46.828		1.29277			4
2025.03.17	01:36:48.989		1.29276			4
2025.03.17	01:36:49.294	1.29268	1.29275			6
2025.03.17	01:36:49.604	1.29270	1.29276			6
2025.03.17	01:36:49.911		1.29277			4
2025.03.17	01:36:53.923		1.29276			4
2025.03.17	01:36:55.461	1.29271				2
2025.03.17	01:36:58.551	1.29270				2
2025.03.17	01:36:58.853	1.29269	1.29275			6
2025.03.17	01:37:00.088	1.29272	1.29276			6
2025.03.17	01:37:00.398	1.29273				2
2025.03.17	01:37:01.016	1.29271				2
2025.03.17	01:37:02.252		1.29277			4
2025.03.17	01:37:02.865	1.29272				2
2025.03.17	01:37:03.483	1.29273				2
2025.03.17	01:37:04.104	1.29272				2
2025.03.17	01:37:05.331	1.29270				2
2025.03.17	01:37:05.642	1.29272				2
2025.03.17	01:37:05.949	1.29273				2
2025.03.17	01:37:06.259	1.29272				2
2025.03.17	01:37:09.023		1.29276			4
2025.03.17	01:37:17.344	1.29273				2
2025.03.17	01:37:21.036	1.29271	1.29273			6
2025.03.17	01:37:21.344	1.29269				2
2025.03.17	01:37:21.647	1.29270				2
2025.03.17	01:37:22.874	1.29271				2
2025.03.17	01:37:23.184		1.29276			4
2025.03.17	01:37:23.491		1.29274			4
2025.03.17	01:37:23.805	1.29272				2
2025.03.17	01:37:24.109		1.29275			4
2025.03.17	01:37:24.416	1.29271				2
2025.03.17	01:37:25.958	1.29272				2
2025.03.17	01:37:26.266	1.29271	1.29276			6
2025.03.17	01:37:26.573	1.29272	1.29277			6
2025.03.17	01:37:28.108		1.29276			4
2025.03.17	01:37:28.416	1.29273				2
2025.03.17	01:37:29.639	1.29272				2
2025.03.17	01:37:38.204	1.29273				2
2025.03.17	01:37:38.504	1.29274				2
2025.03.17	01:37:39.723		1.29277			4
2025.03.17	01:37:44.002		1.29276			4
2025.03.17	01:37:51.956	1.29275				2
2025.03.17	01:37:53.776	1.29274				2
2025.03.17	01:38:00.162	1.29274				2
2025.03.17	01:38:04.116		1.29277			4
2025.03.17	01:38:07.209	1.29273	1.29274			6
2025.03.17	01:38:07.514	1.29274	1.29277			6
2025.03.17	01:38:07.819	1.29273	1.29276			6
2025.03.17	01:38:08.130	1.29274	1.29277			6
2025.03.17	01:38:12.725	1.29273	1.29276			6
2025.03.17	01:38:13.648	1.29274	1.29277			6
2025.03.17	01:38:17.007	1.29280	1.29283			6
2025.03.17	01:38:40.515	1.29279	1.29282			6
2025.03.17	01:38:51.593	1.29281	1.29284			6
2025.03.17	01:38:51.903	1.29280	1.29283			6
2025.03.17	01:38:57.134	1.29281	1.29284			6
2025.03.17	01:38:58.365	1.29280	1.29283			6
2025.03.17	01:39:00.217	1.29280				2
2025.03.17	01:39:08.801	1.29279	1.29282			6
2025.03.17	01:39:11.248	1.29280	1.29283			6
2025.03.17	01:39:17.393	1.29279	1.29282			6
2025.03.17	01:39:17.701	1.29281	1.29284			6
2025.03.17	01:39:18.316	1.29280	1.29283			6
2025.03.17	01:39:28.164	1.29282	1.29285			6
2025.03.17	01:39:34.361		1.29284			4
2025.03.17	01:39:34.665	1.29280	1.29283			6
2025.03.17	01:39:35.603	1.29279	1.29282			6
2025.03.17	01:39:35.907	1.29280	1.29283			6
2025.03.17	01:39:36.529	1.29279	1.29282			6
2025.03.17	01:39:44.570	1.29278	1.29280			6
2025.03.17	01:39:44.872	1.29275	1.29278			6
2025.03.17	01:39:59.059	1.29277	1.29280			6
2025.03.17	01:39:59.369	1.29280	1.29283			6
2025.03.17	01:40:00.300	1.29280				2
2025.03.17	01:40:09.233	1.29281	1.29284			6
2025.03.17	01:40:10.478	1.29282	1.29285			6
2025.03.17	01:40:10.785	1.29281	1.29284			6
2025.03.17	01:40:14.176	1.29282	1.29285			6
2025.03.17	01:40:23.754	1.29283	1.29286			6
2025.03.17	01:40:24.061	1.29284	1.29287			6
2025.03.17	01:40:45.070	1.29291	1.29294			6
2025.03.17	01:40:46.305	1.29290				2
2025.03.17	01:40:53.406	1.29291				2
2025.03.17	01:40:59.621	1.29294	1.29297			6
2025.03.17	01:41:00.234	1.29294				2
2025.03.17	01:41:00.545	1.29295	1.29298			6
2025.03.17	01:41:01.160	1.29294				2
2025.03.17	01:41:05.163	1.29295				2
2025.03.17	01:41:11.644	1.29294	1.29297			6
2025.03.17	01:41:12.261	1.29295	1.29298			6
2025.03.17	01:41:15.338	1.29294	1.29297			6
2025.03.17	01:41:15.645	1.29293	1.29296			6
2025.03.17	01:41:29.967	1.29294	1.29297			6
2025.03.17	01:41:32.140	1.29293	1.29296			6
2025.03.17	01:41:33.373	1.29295	1.29298			6
2025.03.17	01:41:39.244	1.29294	1.29297			6
2025.03.17	01:41:47.558	1.29292	1.29295			6
2025.03.17	01:41:48.783	1.29293	1.29296			6
2025.03.17	01:41:53.095	1.29294	1.29297			6
2025.03.17	01:41:53.723	1.29293	1.29296			6
2025.03.17	01:42:00.232	1.29297	1.29300			6
2025.03.17	01:42:00.534	1.29305	1.29308			6
2025.03.17	01:42:00.852	1.29304	1.29307			6
2025.03.17	01:42:01.159	1.29305	1.29310			6
2025.03.17	01:42:01.466	1.29304	1.29311			6
2025.03.17	01:42:01.780	1.29306				2
2025.03.17	01:42:02.089		1.29312			4
2025.03.17	01:42:03.331	1.29307				2
2025.03.17	01:42:03.636	1.29308				2
2025.03.17	01:42:03.938	1.29315	1.29321			6
2025.03.17	01:42:04.254		1.29320			4
2025.03.17	01:42:06.097	1.29316	1.29321			6
2025.03.17	01:42:06.707		1.29322			4
2025.03.17	01:42:07.955	1.29318	1.29323			6
2025.03.17	01:42:09.814	1.29321				2
2025.03.17	01:42:10.124		1.29326			4
2025.03.17	01:42:11.370	1.29319				2
2025.03.17	01:42:11.683		1.29325			4
2025.03.17	01:42:14.160		1.29326			4
2025.03.17	01:42:15.403		1.29325			4
2025.03.17	01:42:16.643	1.29326	1.29333			6
2025.03.17	01:42:17.575		1.29332			4
2025.03.17	01:42:17.881	1.29325				2
2025.03.17	01:42:21.590	1.29326				2
2025.03.17	01:42:21.897	1.29325				2
2025.03.17	01:42:23.438		1.29331			4
2025.03.17	01:42:24.063		1.29332			4
2025.03.17	01:42:25.909	1.29324	1.29329			6
2025.03.17	01:42:26.224		1.29330			4
2025.03.17	01:42:32.720	1.29330	1.29336			6
2025.03.17	01:42:41.065	1.29324	1.29331			6
2025.03.17	01:42:41.373	1.29326	1.29333			6
2025.03.17	01:42:42.303	1.29328	1.29335			6
2025.03.17	01:43:00.225	1.29328				2
2025.03.17	01:43:00.530	1.29330	1.29337			6
2025.03.17	01:43:00.842	1.29329	1.29336			6
2025.03.17	01:43:02.077		1.29335			4
2025.03.17	01:43:05.480		1.29336			4
2025.03.17	01:43:06.711		1.29335			4
2025.03.17	01:43:07.948	1.29332	1.29337			6
2025.03.17	01:43:08.257		1.29338			4
2025.03.17	01:43:11.039		1.29337			4
2025.03.17	01:43:11.344	1.29331				2
2025.03.17	01:43:12.574		1.29338			4
2025.03.17	01:43:12.889	1.29328	1.29335			6
2025.03.17	01:43:14.425		1.29334			4
2025.03.17	01:43:14.733	1.29330	1.29337			6
2025.03.17	01:43:15.038	1.29328	1.29335			6
2025.03.17	01:43:20.307	1.29329	1.29336			6
2025.03.17	01:43:20.616	1.29331	1.29338			6
2025.03.17	01:43:23.691	1.29328	1.29335			6
2025.03.17	01:43:24.000	1.29330	1.29336			6
2025.03.17	01:43:24.925	1.29329	1.29335			6
2025.03.17	01:43:25.232	1.29328				2
2025.03.17	01:43:28.609	1.29327	1.29334			6
2025.03.17	01:43:29.532	1.29326	1.29332			6
2025.03.17	01:43:36.967	1.29325				2
2025.03.17	01:43:39.759	1.29324	1.29331			6
2025.03.17	01:43:42.245		1.29330			4
2025.03.17	01:43:56.138	1.29325				2
2025.03.17	01:43:59.828	1.29332	1.29337			6
2025.03.17	01:44:00.134	1.29331	1.29338			6
2025.03.17	01:44:01.059	1.29332				2
2025.03.17	01:44:13.114		1.29337			4
2025.03.17	01:44:14.054		1.29338			4
2025.03.17	01:44:20.226	1.29333				2
2025.03.17	01:44:27.957	1.29331	1.29336			6
2025.03.17	01:44:31.661	1.29332	1.29337			6
2025.03.17	01:44:33.207	1.29331	1.29336			6
2025.03.17	01:44:35.371		1.29335			4
2025.03.17	01:44:38.730	1.29330	1.29334			6
2025.03.17	01:44:50.360	1.29331				2
2025.03.17	01:45:00.151	1.29331				2
2025.03.17	01:45:00.455	1.29333	1.29336			6
2025.03.17	01:45:01.066	1.29331	1.29334			6
2025.03.17	01:45:01.367	1.29333	1.29336			6
2025.03.17	01:45:01.680	1.29332	1.29335			6
2025.03.17	01:45:02.899	1.29331	1.29334			6
2025.03.17	01:45:04.127	1.29333	1.29336			6
2025.03.17	01:45:05.355	1.29332	1.29335			6
2025.03.17	01:45:05.664	1.29333	1.29336			6
2025.03.17	01:45:08.721	1.29331	1.29334			6
2025.03.17	01:45:09.026	1.29333	1.29336			6
2025.03.17	01:45:09.945	1.29331	1.29334			6
2025.03.17	01:45:10.255	1.29333	1.29336			6
2025.03.17	01:45:13.926	1.29331	1.29334			6
2025.03.17	01:45:16.988	1.29330	1.29333			6
2025.03.17	01:45:21.588	1.29331	1.29334			6
2025.03.17	01:45:27.695	1.29330	1.29333			6
2025.03.17	01:45:31.654	1.29331	1.29334			6
2025.03.17	01:45:33.481	1.29330	1.29333			6
2025.03.17	01:45:43.000	1.29331	1.29334			6
2025.03.17	01:45:43.312	1.29335	1.29338			6
2025.03.17	01:45:44.531	1.29336	1.29339			6
2025.03.17	01:45:47.285	1.29335	1.29338			6
2025.03.17	01:45:47.589	1.29336	1.29339			6
2025.03.17	01:45:54.018	1.29335	1.29338			6
2025.03.17	01:45:56.764	1.29336	1.29339			6
2025.03.17	01:45:57.069		1.29338			4
2025.03.17	01:45:57.371	1.29341	1.29344			6
2025.03.17	01:46:00.215	1.29340	1.29343			6
2025.03.17	01:46:00.526	1.29339	1.29342			6
2025.03.17	01:46:14.077	1.29341	1.29344			6
2025.03.17	01:46:14.391	1.29343	1.29346			6
2025.03.17	01:46:15.312	1.29342				2
2025.03.17	01:46:16.865	1.29341	1.29345			6
2025.03.17	01:46:17.806	1.29340	1.29344			6
2025.03.17	01:46:19.351	1.29339	1.29343			6
2025.03.17	01:46:22.140	1.29340				2
2025.03.17	01:46:27.112	1.29339	1.29342			6
2025.03.17	01:46:29.574	1.29340	1.29343			6
2025.03.17	01:46:33.610	1.29339	1.29342			6
2025.03.17	01:46:44.120	1.29337	1.29340			6
2025.03.17	01:46:44.422	1.29336	1.29339			6
2025.03.17	01:46:45.365	1.29337	1.29340			6
2025.03.17	01:46:51.239	1.29341	1.29344			6
2025.03.17	01:46:51.550	1.29342				2
2025.03.17	01:46:51.857	1.29344	1.29347			6
2025.03.17	01:46:53.106	1.29343				2
2025.03.17	01:46:54.033	1.29342	1.29346			6
2025.03.17	01:46:54.340	1.29343	1.29347			6
2025.03.17	01:46:56.198	1.29340	1.29344			6
2025.03.17	01:46:56.503	1.29341	1.29345			6
2025.03.17	01:46:57.123	1.29342				2
2025.03.17	01:46:57.431	1.29341				2
2025.03.17	01:46:58.372	1.29340	1.29344			6
2025.03.17	01:47:00.236	1.29340				2
2025.03.17	01:47:00.853	1.29341	1.29345			6
2025.03.17	01:47:03.626	1.29340	1.29344			6
2025.03.17	01:47:04.252	1.29341	1.29345			6
2025.03.17	01:47:04.866	1.29340	1.29344			6
2025.03.17	01:47:05.489	1.29341	1.29345			6
2025.03.17	01:47:06.409	1.29343	1.29346			6
2025.03.17	01:47:09.499		1.29347			4
2025.03.17	01:47:09.804	1.29344				2
2025.03.17	01:47:11.358	1.29342	1.29346			6
2025.03.17	01:47:12.288	1.29343	1.29347			6
2025.03.17	01:47:12.908	1.29342	1.29346			6
2025.03.17	01:47:13.523	1.29339	1.29343			6
2025.03.17	01:47:15.379	1.29340	1.29344			6
2025.03.17	01:47:15.686	1.29342	1.29346			6
2025.03.17	01:47:17.229		1.29347			4
2025.03.17	01:47:18.164		1.29346			4
2025.03.17	01:47:20.016	1.29341	1.29345			6
2025.03.17	01:47:20.322	1.29342	1.29346			6
2025.03.17	01:47:20.632	1.29339	1.29343			6
2025.03.17	01:47:21.249	1.29340	1.29344			6
2025.03.17	01:47:22.177	1.29339	1.29343			6
2025.03.17	01:47:26.852	1.29338	1.29342			6
2025.03.17	01:47:28.093	1.29339	1.29343			6
2025.03.17	01:47:28.703	1.29338	1.29342			6
2025.03.17	01:47:29.014	1.29339	1.29343			6
2025.03.17	01:47:30.249	1.29340	1.29344			6
2025.03.17	01:47:30.554	1.29341	1.29345			6
2025.03.17	01:47:32.116	1.29342	1.29346			6
2025.03.17	01:47:34.900	1.29344	1.29347			6
2025.03.17	01:47:35.208	1.29347	1.29350			6
2025.03.17	01:47:35.523		1.29351			4
2025.03.17	01:47:36.136		1.29352			4
2025.03.17	01:47:37.065	1.29346	1.29351			6
2025.03.17	01:47:38.922	1.29347	1.29352			6
2025.03.17	01:47:39.234	1.29348	1.29353			6
2025.03.17	01:47:42.337	1.29349	1.29354			6
2025.03.17	01:47:45.753	1.29348	1.29353			6
2025.03.17	01:47:49.171		1.29352			4
2025.03.17	01:47:50.089	1.29347	1.29351			6
2025.03.17	01:47:56.298	1.29348	1.29352			6
2025.03.17	01:47:56.611	1.29349	1.29353			6
2025.03.17	01:47:57.224	1.29354	1.29358			6
2025.03.17	01:47:57.535	1.29355				2
2025.03.17	01:47:57.849	1.29354				2
2025.03.17	01:47:58.172		1.29360			4
2025.03.17	01:47:58.476	1.29353	1.29359			6
2025.03.17	01:48:00.028	1.29354	1.29360			6
2025.03.17	01:48:01.264	1.29353	1.29359			6
2025.03.17	01:48:04.677	1.29354	1.29360			6
2025.03.17	01:48:08.089	1.29355				2
2025.03.17	01:48:08.714	1.29353	1.29358			6
2025.03.17	01:48:09.326	1.29354				2
2025.03.17	01:48:11.796	1.29353				2
2025.03.17	01:48:12.108	1.29351	1.29356			6
2025.03.17	01:48:12.408	1.29346	1.29351			6
2025.03.17	01:48:13.344	1.29345				2
2025.03.17	01:48:20.477	1.29343	1.29349			6
2025.03.17	01:48:20.791		1.29350			4
2025.03.17	01:48:21.098	1.29344				2
2025.03.17	01:48:22.030	1.29345				2
2025.03.17	01:48:24.809	1.29343	1.29348			6
2025.03.17	01:48:28.829	1.29342	1.29347			6
2025.03.17	01:48:31.928		1.29348			4
2025.03.17	01:48:36.558	1.29343				2
2025.03.17	01:48:37.800	1.29342				2
2025.03.17	01:48:38.111	1.29343	1.29350			6
2025.03.17	01:48:40.270		1.29349			4
2025.03.17	01:48:50.152	1.29344				2
2025.03.17	01:48:55.396	1.29346	1.29351			6
2025.03.17	01:48:57.250	1.29349	1.29353			6
2025.03.17	01:48:58.179	1.29348				2
2025.03.17	01:49:00.031	1.29348				2
2025.03.17	01:49:00.342	1.29351	1.29357			6
2025.03.17	01:49:01.265	1.29352				2
2025.03.17	01:49:01.580	1.29353	1.29359			6
2025.03.17	01:49:02.197	1.29352	1.29358			6
2025.03.17	01:49:03.123	1.29351	1.29357			6
2025.03.17	01:49:03.430	1.29352	1.29358			6
2025.03.17	01:49:08.347	1.29353				2
2025.03.17	01:49:12.359	1.29354	1.29359			6
2025.03.17	01:49:16.369		1.29358			4
2025.03.17	01:49:17.295	1.29355	1.29359			6
2025.03.17	01:49:18.828	1.29352	1.29356			6
2025.03.17	01:49:20.370		1.29357			4
2025.03.17	01:49:22.215		1.29356			4
2025.03.17	01:49:26.188	1.29350	1.29354			6
2025.03.17	01:49:32.572		1.29353			4
2025.03.17	01:49:32.879	1.29355	1.29359			6
2025.03.17	01:49:34.085	1.29356	1.29360			6
2025.03.17	01:49:34.395		1.29361			4
2025.03.17	01:49:35.013	1.29355	1.29360			6
2025.03.17	01:49:35.930	1.29354	1.29359			6
2025.03.17	01:49:36.245		1.29358			4
2025.03.17	01:49:36.852	1.29353	1.29357			6
2025.03.17	01:49:38.698	1.29354	1.29358			6
2025.03.17	01:49:43.296	1.29353	1.29357			6
2025.03.17	01:49:47.297	1.29354	1.29358			6
