<DATE>	<TIME>	<BID>	<ASK>	<LAST>	<VOLUME>	<FLAGS>
2025.05.08	00:03:30.521	1.32850	1.32992			6
2025.05.08	00:03:53.612	1.32855				2
2025.05.08	00:03:54.547	1.32858				2
2025.05.08	00:04:00.823	1.32855				2
2025.05.08	00:04:24.195	1.32858				2
2025.05.08	00:04:30.212	1.32855				2
2025.05.08	00:04:41.097		1.32992			4
2025.05.08	00:04:55.949	1.32858				2
2025.05.08	00:05:01.590	1.32855				2
2025.05.08	00:05:04.321	1.32856				2
2025.05.08	00:05:04.928	1.32855				2
2025.05.08	00:05:25.744	1.32860				2
2025.05.08	00:05:31.758	1.32855				2
2025.05.08	00:05:41.256		1.32992			4
2025.05.08	00:05:41.988	1.32861				2
2025.05.08	00:05:47.438	1.32855				2
2025.05.08	00:05:56.536	1.32860				2
2025.05.08	00:06:00.225	1.32860				2
2025.05.08	00:06:01.692	1.32855				2
2025.05.08	00:06:29.198	1.32860				2
2025.05.08	00:06:35.679	1.32855				2
2025.05.08	00:06:43.406		1.32992			4
2025.05.08	00:07:03.230	1.32860				2
2025.05.08	00:07:08.958	1.32855				2
2025.05.08	00:07:25.725	1.32875				2
2025.05.08	00:07:28.087	1.32874				2
2025.05.08	00:07:29.367	1.32879	1.32996			6
2025.05.08	00:08:01.954	1.32879				2
2025.05.08	00:08:03.100		1.32990			4
2025.05.08	00:08:39.698		1.32979			4
2025.05.08	00:09:01.944	1.32879				2
2025.05.08	00:09:41.098		1.32979			4
2025.05.08	00:10:00.314	1.32879				2
2025.05.08	00:10:12.894	1.32862	1.33011			6
2025.05.08	00:10:24.398	1.32864	1.32998			6
2025.05.08	00:10:31.177	1.32861				2
2025.05.08	00:10:39.497	1.32857	1.32988			6
2025.05.08	00:10:39.804	1.32873	1.32985			6
2025.05.08	00:10:40.422		1.32968			4
2025.05.08	00:10:51.115	1.32856	1.32997			6
2025.05.08	00:10:51.737		1.32996			4
2025.05.08	00:10:52.963	1.32855				2
2025.05.08	00:10:54.195	1.32879	1.32988			6
2025.05.08	00:10:55.548		1.32987			4
2025.05.08	00:11:00.246	1.32879				2
2025.05.08	00:11:01.324	1.32855	1.32997			6
2025.05.08	00:11:01.927	1.32879	1.32987			6
2025.05.08	00:11:08.303	1.32855	1.32996			6
2025.05.08	00:11:08.910	1.32879	1.32987			6
2025.05.08	00:11:15.359	1.32855	1.32996			6
2025.05.08	00:11:15.982	1.32879	1.32987			6
2025.05.08	00:11:21.949	1.32855	1.32997			6
2025.05.08	00:11:22.889	1.32879	1.32987			6
2025.05.08	00:11:29.195	1.32855	1.32996			6
2025.05.08	00:11:29.494		1.32997			4
2025.05.08	00:11:29.800	1.32879	1.32987			6
2025.05.08	00:12:00.814	1.32879				2
2025.05.08	00:12:09.516		1.32986			4
2025.05.08	00:12:30.812		1.32987			4
2025.05.08	00:12:43.712		1.32988			4
2025.05.08	00:12:54.811		1.32983			4
2025.05.08	00:13:00.361	1.32879				2
2025.05.08	00:13:55.426		1.32983			4
2025.05.08	00:14:00.213	1.32879				2
2025.05.08	00:14:55.797		1.32983			4
2025.05.08	00:15:00.812	1.32879				2
2025.05.08	00:15:14.837		1.33000			4
2025.05.08	00:15:17.613		1.32991			4
2025.05.08	00:15:31.442		1.32988			4
2025.05.08	00:15:57.218		1.32983			4
2025.05.08	00:16:04.112	1.32879				2
2025.05.08	00:16:07.736		1.32969			4
2025.05.08	00:16:08.040		1.32983			4
2025.05.08	00:16:12.865	1.32872	1.32967			6
2025.05.08	00:16:13.510	1.32874	1.32964			6
2025.05.08	00:16:21.097	1.32879				2
2025.05.08	00:16:23.532		1.32965			4
2025.05.08	00:16:23.837		1.32967			4
2025.05.08	00:16:27.956	1.32872				2
2025.05.08	00:16:29.852	1.32875	1.32965			6
2025.05.08	00:16:50.679	1.32874	1.32964			6
2025.05.08	00:16:53.728	1.32879				2
2025.05.08	00:16:59.859	1.32874				2
2025.05.08	00:17:00.166	1.32874				2
2025.05.08	00:17:01.081	1.32875	1.32965			6
2025.05.08	00:17:11.211	1.32874	1.32964			6
2025.05.08	00:17:11.821	1.32872	1.32954			6
2025.05.08	00:17:21.097	1.32874				2
2025.05.08	00:17:28.125	1.32879				2
2025.05.08	00:17:34.543	1.32874				2
2025.05.08	00:17:34.851	1.32872				2
2025.05.08	00:17:42.860	1.32874				2
2025.05.08	00:17:55.765	1.32879				2
2025.05.08	00:18:00.815	1.32879				2
2025.05.08	00:18:01.477	1.32872				2
2025.05.08	00:18:15.215		1.32954			4
2025.05.08	00:18:26.916	1.32874				2
2025.05.08	00:18:29.383	1.32879				2
2025.05.08	00:18:34.678	1.32874				2
2025.05.08	00:18:34.980	1.32872				2
2025.05.08	00:18:58.491	1.32879				2
2025.05.08	00:19:00.213	1.32879				2
2025.05.08	00:19:04.009	1.32872				2
2025.05.08	00:19:05.020		1.32963			4
2025.05.08	00:19:11.618	1.32876				2
2025.05.08	00:19:12.534	1.32877				2
2025.05.08	00:19:12.839	1.32872				2
2025.05.08	00:19:26.243	1.32879				2
2025.05.08	00:19:32.639	1.32872				2
2025.05.08	00:19:46.155	1.32877				2
2025.05.08	00:19:54.718	1.32876				2
2025.05.08	00:19:58.528	1.32881				2
2025.05.08	00:20:00.024	1.32881	1.32976			6
2025.05.08	00:20:02.220		1.32969			4
2025.05.08	00:20:03.750	1.32879				2
2025.05.08	00:20:13.244	1.32883	1.32979			6
2025.05.08	00:20:21.387	1.32881				2
2025.05.08	00:20:23.911	1.32880				2
2025.05.08	00:20:35.192	1.32878	1.32971			6
2025.05.08	00:20:41.642	1.32876	1.32978			6
2025.05.08	00:20:50.798	1.32879	1.32979			6
2025.05.08	00:20:56.111	1.32875	1.32970			6
2025.05.08	00:20:59.208	1.32874				2
2025.05.08	00:21:01.112	1.32874				2
2025.05.08	00:21:38.070		1.32961			4
2025.05.08	00:22:01.095	1.32874				2
2025.05.08	00:22:39.356		1.32961			4
2025.05.08	00:22:41.368	1.32875				2
2025.05.08	00:22:42.309		1.32970			4
2025.05.08	00:22:43.309		1.32972			4
2025.05.08	00:22:49.632		1.32966			4
2025.05.08	00:22:50.305		1.32984			4
2025.05.08	00:22:54.254		1.32985			4
2025.05.08	00:22:54.689		1.32984			4
2025.05.08	00:22:57.678	1.32874	1.32981			6
2025.05.08	00:22:58.903		1.32980			4
2025.05.08	00:23:01.051	1.32874				2
2025.05.08	00:23:01.456		1.32979			4
2025.05.08	00:23:01.795		1.32980			4
2025.05.08	00:23:02.259		1.32979			4
2025.05.08	00:23:02.673		1.32980			4
2025.05.08	00:23:03.097		1.32978			4
2025.05.08	00:23:04.210		1.32979			4
2025.05.08	00:23:04.901		1.32978			4
2025.05.08	00:23:05.260		1.32979			4
2025.05.08	00:23:06.212		1.32981			4
2025.05.08	00:23:07.059		1.32982			4
2025.05.08	00:23:07.374		1.32980			4
2025.05.08	00:23:07.987		1.32979			4
2025.05.08	00:23:08.601		1.32980			4
2025.05.08	00:23:11.968		1.32981			4
2025.05.08	00:23:13.184		1.32982			4
2025.05.08	00:23:15.606		1.32981			4
2025.05.08	00:23:22.053		1.32980			4
2025.05.08	00:23:22.976		1.32981			4
2025.05.08	00:23:33.121		1.32982			4
2025.05.08	00:23:34.044		1.32981			4
2025.05.08	00:23:34.962		1.32982			4
2025.05.08	00:23:41.419		1.32980			4
2025.05.08	00:23:44.188		1.32981			4
2025.05.08	00:23:46.040		1.32980			4
2025.05.08	00:23:48.189		1.32981			4
2025.05.08	00:23:59.569		1.32982			4
2025.05.08	00:24:00.182	1.32874				2
2025.05.08	00:24:02.042		1.32981			4
2025.05.08	00:24:07.573	1.32875				2
2025.05.08	00:24:07.882		1.32983			4
2025.05.08	00:24:29.121	1.32874	1.32981			6
2025.05.08	00:24:30.215		1.32980			4
2025.05.08	00:24:31.219		1.32981			4
2025.05.08	00:24:46.511		1.32980			4
2025.05.08	00:24:48.969		1.32981			4
2025.05.08	00:24:54.742		1.32980			4
2025.05.08	00:24:57.221		1.32981			4
2025.05.08	00:25:00.911	1.32874				2
2025.05.08	00:25:02.710		1.32976			4
2025.05.08	00:25:27.357		1.32980			4
2025.05.08	00:25:35.429		1.32978			4
2025.05.08	00:25:39.400		1.32977			4
2025.05.08	00:25:43.628	1.32870				2
2025.05.08	00:25:48.892		1.32980			4
2025.05.08	00:25:49.207		1.32976			4
2025.05.08	00:25:50.390		1.32981			4
2025.05.08	00:25:50.709		1.32977			4
2025.05.08	00:25:53.011		1.32976			4
2025.05.08	00:25:57.402		1.32980			4
2025.05.08	00:25:58.019		1.32976			4
2025.05.08	00:26:00.232	1.32870	1.32978			6
2025.05.08	00:26:01.092		1.32979			4
2025.05.08	00:26:02.121		1.32980			4
2025.05.08	00:26:02.728		1.32981			4
2025.05.08	00:26:05.198		1.32980			4
2025.05.08	00:26:06.222		1.32981			4
2025.05.08	00:26:07.219		1.32979			4
2025.05.08	00:26:07.947		1.32980			4
2025.05.08	00:26:08.249		1.32981			4
2025.05.08	00:26:09.126		1.32980			4
2025.05.08	00:26:11.541		1.32981			4
2025.05.08	00:26:20.166		1.32970			4
2025.05.08	00:27:01.945	1.32870				2
2025.05.08	00:27:15.305		1.32965			4
2025.05.08	00:27:27.576	1.32872				2
2025.05.08	00:27:37.422	1.32870				2
2025.05.08	00:28:00.456	1.32870				2
2025.05.08	00:28:10.307		1.32962			4
2025.05.08	00:28:14.717	1.32871				2
2025.05.08	00:29:01.944	1.32871				2
2025.05.08	00:29:14.012		1.32962			4
2025.05.08	00:29:30.373		1.32970			4
2025.05.08	00:29:31.034		1.32975			4
2025.05.08	00:29:46.946		1.32976			4
2025.05.08	00:29:54.737	1.32893	1.32983			6
2025.05.08	00:29:59.363	1.32902	1.32995			6
2025.05.08	00:30:00.237	1.32902				2
2025.05.08	00:30:03.113	1.32901	1.32990			6
2025.05.08	00:30:09.952	1.32904				2
2025.05.08	00:30:11.850	1.32899				2
2025.05.08	00:30:15.421	1.32905	1.33000			6
2025.05.08	00:30:15.880	1.32908				2
2025.05.08	00:30:19.883	1.32905				2
2025.05.08	00:30:22.103		1.32999			4
2025.05.08	00:30:23.625	1.32910				2
2025.05.08	00:30:23.926		1.33000			4
2025.05.08	00:30:25.894	1.32911				2
2025.05.08	00:30:26.770	1.32913				2
2025.05.08	00:30:27.616	1.32908	1.32999			6
2025.05.08	00:30:30.774	1.32902	1.32993			6
2025.05.08	00:30:31.696		1.32992			4
2025.05.08	00:30:36.593	1.32908	1.32998			6
2025.05.08	00:30:36.896	1.32907	1.32994			6
2025.05.08	00:30:38.112	1.32903	1.32993			6
2025.05.08	00:30:40.554	1.32909	1.32994			6
2025.05.08	00:30:45.155	1.32904				2
2025.05.08	00:30:46.679	1.32902	1.32992			6
2025.05.08	00:30:47.596	1.32911	1.32998			6
2025.05.08	00:30:48.814	1.32905	1.32995			6
2025.05.08	00:30:50.650	1.32911	1.32998			6
2025.05.08	00:30:51.277	1.32906	1.32996			6
2025.05.08	00:30:51.886	1.32912	1.32998			6
2025.05.08	00:30:55.562	1.32908				2
2025.05.08	00:31:00.172	1.32908				2
2025.05.08	00:31:00.786	1.32909				2
2025.05.08	00:31:01.400	1.32910				2
2025.05.08	00:31:01.709	1.32909				2
2025.05.08	00:31:05.999	1.32908				2
2025.05.08	00:31:08.455	1.32909				2
2025.05.08	00:31:11.505	1.32913				2
2025.05.08	00:31:11.818	1.32910				2
2025.05.08	00:31:13.670	1.32919				2
2025.05.08	00:31:14.598		1.32999			4
2025.05.08	00:31:16.443		1.33002			4
2025.05.08	00:31:16.749	1.32918				2
2025.05.08	00:31:21.061		1.33001			4
2025.05.08	00:31:23.834	1.32913				2
2025.05.08	00:31:24.753	1.32914				2
2025.05.08	00:31:30.600	1.32917				2
2025.05.08	00:31:30.913	1.32922				2
2025.05.08	00:31:31.530	1.32911	1.32993			6
2025.05.08	00:31:31.840	1.32916				2
2025.05.08	00:31:33.064		1.32991			4
2025.05.08	00:31:33.372		1.32993			4
2025.05.08	00:31:33.682	1.32911				2
2025.05.08	00:31:37.683	1.32913				2
2025.05.08	00:31:40.757	1.32914	1.32980			6
2025.05.08	00:31:42.606	1.32911	1.32982			6
2025.05.08	00:31:45.373		1.32983			4
2025.05.08	00:31:45.684	1.32912				2
2025.05.08	00:31:45.989	1.32914				2
2025.05.08	00:31:48.757	1.32913				2
2025.05.08	00:31:49.066	1.32919				2
2025.05.08	00:31:49.379	1.32914				2
2025.05.08	00:31:53.687	1.32920				2
2025.05.08	00:31:58.300	1.32915				2
2025.05.08	00:31:58.917	1.32917				2
2025.05.08	00:32:00.150	1.32917				2
2025.05.08	00:32:02.608		1.32980			4
2025.05.08	00:32:02.923	1.32912				2
2025.05.08	00:32:04.143	1.32914				2
2025.05.08	00:32:04.458	1.32913				2
2025.05.08	00:32:04.767	1.32914				2
2025.05.08	00:32:06.612	1.32917	1.32993			6
2025.05.08	00:32:08.103	1.32922	1.32998			6
2025.05.08	00:32:09.143	1.32921	1.32987			6
2025.05.08	00:32:09.450	1.32916				2
2025.05.08	00:32:11.292	1.32911	1.32981			6
2025.05.08	00:32:13.137	1.32919	1.32990			6
2025.05.08	00:32:13.445	1.32917				2
2025.05.08	00:32:14.678	1.32910	1.32981			6
2025.05.08	00:32:14.982		1.32983			4
2025.05.08	00:32:15.297	1.32916	1.32985			6
2025.05.08	00:32:15.913	1.32921				2
2025.05.08	00:32:16.833	1.32918				2
2025.05.08	00:32:18.057	1.32917				2
2025.05.08	00:32:18.981	1.32922	1.32994			6
2025.05.08	00:32:19.294	1.32917				2
2025.05.08	00:32:19.597		1.32985			4
2025.05.08	00:32:19.911	1.32920				2
2025.05.08	00:32:20.832	1.32917				2
2025.05.08	00:32:27.618	1.32918	1.32990			6
2025.05.08	00:32:27.927	1.32917				2
2025.05.08	00:32:29.241	1.32923				2
2025.05.08	00:32:30.469	1.32919				2
2025.05.08	00:32:34.168	1.32920				2
2025.05.08	00:32:34.481	1.32925				2
2025.05.08	00:32:35.408	1.32921				2
2025.05.08	00:32:37.555	1.32922				2
2025.05.08	00:32:40.337	1.32923	1.32992			6
2025.05.08	00:32:41.775	1.32924				2
2025.05.08	00:32:42.087	1.32925				2
2025.05.08	00:32:44.551	1.32920				2
2025.05.08	00:32:45.163	1.32921				2
2025.05.08	00:32:45.777	1.32927				2
2025.05.08	00:32:47.014	1.32922				2
2025.05.08	00:32:48.863	1.32927	1.32994			6
2025.05.08	00:32:53.820	1.32926	1.32992			6
2025.05.08	00:32:56.770	1.32927				2
2025.05.08	00:33:00.159	1.32927				2
2025.05.08	00:33:02.011	1.32926				2
2025.05.08	00:33:07.803	1.32927				2
2025.05.08	00:33:12.123	1.32920	1.32984			6
2025.05.08	00:33:12.427	1.32915				2
2025.05.08	00:33:22.593	1.32920				2
2025.05.08	00:33:22.897	1.32921				2
2025.05.08	00:33:40.770	1.32920				2
2025.05.08	00:33:50.627	1.32918				2
2025.05.08	00:33:52.163	1.32919				2
2025.05.08	00:33:54.628	1.32908				2
2025.05.08	00:33:56.993	1.32910				2
2025.05.08	00:34:00.077	1.32910				2
2025.05.08	00:34:01.309	1.32913				2
2025.05.08	00:34:12.393		1.32984			4
2025.05.08	00:34:20.717	1.32912				2
2025.05.08	00:34:35.819	1.32913				2
2025.05.08	00:34:47.516	1.32910	1.32985			6
2025.05.08	00:34:53.977	1.32911				2
2025.05.08	00:34:57.978	1.32913				2
2025.05.08	00:34:59.520	1.32920	1.32995			6
2025.05.08	00:34:59.825	1.32921				2
2025.05.08	00:35:00.129	1.32921				2
2025.05.08	00:35:00.436	1.32922				2
2025.05.08	00:35:02.282	1.32911	1.32984			6
2025.05.08	00:35:02.589	1.32912				2
2025.05.08	00:35:04.437	1.32913	1.32985			6
2025.05.08	00:35:07.204	1.32910	1.32982			6
2025.05.08	00:35:07.514	1.32909				2
2025.05.08	00:35:08.436	1.32908	1.32980			6
2025.05.08	00:35:09.361	1.32905	1.32977			6
2025.05.08	00:35:10.592	1.32907	1.32980			6
2025.05.08	00:35:10.899	1.32908				2
2025.05.08	00:35:11.207	1.32910	1.32982			6
2025.05.08	00:35:12.136	1.32911				2
2025.05.08	00:35:34.582	1.32910				2
2025.05.08	00:36:00.146	1.32910				2
2025.05.08	00:36:10.619	1.32909				2
2025.05.08	00:36:11.614		1.32982			4
2025.05.08	00:37:01.484	1.32909				2
2025.05.08	00:37:14.016		1.32982			4
2025.05.08	00:38:00.813	1.32909				2
2025.05.08	00:38:15.815		1.32982			4
2025.05.08	00:38:59.121	1.32904	1.32978			6
2025.05.08	00:39:00.157	1.32904				2
2025.05.08	00:39:40.805	1.32902	1.32973			6
2025.05.08	00:40:01.093	1.32902				2
2025.05.08	00:40:05.443	1.32905				2
2025.05.08	00:40:20.269		1.32972			4
2025.05.08	00:40:53.842	1.32908	1.32974			6
2025.05.08	00:41:00.813	1.32908				2
2025.05.08	00:41:05.746	1.32905				2
2025.05.08	00:41:59.615		1.32974			4
2025.05.08	00:42:00.749	1.32905				2
2025.05.08	00:42:02.860	1.32902	1.32969			6
2025.05.08	00:42:03.863	1.32905	1.32976			6
2025.05.08	00:42:30.480	1.32909				2
2025.05.08	00:42:33.902	1.32905				2
2025.05.08	00:42:34.222	1.32906				2
2025.05.08	00:43:01.951	1.32906				2
2025.05.08	00:43:03.874		1.32976			4
2025.05.08	00:43:15.064	1.32903	1.32975			6
2025.05.08	00:43:16.811		1.32971			4
2025.05.08	00:44:01.945	1.32903				2
2025.05.08	00:44:18.216	1.32902	1.32971			6
2025.05.08	00:44:27.260		1.32972			4
2025.05.08	00:44:39.261		1.32971			4
2025.05.08	00:45:01.095	1.32902				2
2025.05.08	00:45:02.198	1.32891	1.32981			6
2025.05.08	00:45:04.355	1.32898	1.32972			6
2025.05.08	00:45:04.656	1.32902	1.32971			6
2025.05.08	00:45:08.741	1.32918	1.32955			6
2025.05.08	00:46:00.086	1.32918				2
2025.05.08	00:46:09.013		1.32955			4
2025.05.08	00:46:33.346	1.32927				2
2025.05.08	00:47:00.127	1.32927				2
2025.05.08	00:47:01.973		1.32985			4
2025.05.08	00:47:04.436		1.32955			4
2025.05.08	00:48:00.153	1.32927				2
2025.05.08	00:48:04.461		1.32955			4
2025.05.08	00:48:46.036	1.32926				2
2025.05.08	00:48:47.574	1.32927				2
2025.05.08	00:49:00.187	1.32927				2
2025.05.08	00:49:02.656	1.32928				2
2025.05.08	00:49:04.512		1.32955			4
2025.05.08	00:49:15.909	1.32927				2
2025.05.08	00:49:26.066	1.32928				2
2025.05.08	00:49:35.919	1.32927				2
2025.05.08	00:49:45.454	1.32926				2
2025.05.08	00:49:53.447	1.32927				2
2025.05.08	00:50:00.215	1.32927				2
2025.05.08	00:50:03.303	1.32926				2
2025.05.08	00:50:04.528		1.32955			4
2025.05.08	00:50:05.760	1.32928				2
2025.05.08	00:50:15.918	1.32927				2
2025.05.08	00:50:25.762	1.32928				2
2025.05.08	00:50:35.914	1.32927				2
2025.05.08	00:51:00.236	1.32927				2
2025.05.08	00:51:04.544		1.32955			4
2025.05.08	00:52:00.271	1.32927				2
2025.05.08	00:52:04.581		1.32955			4
2025.05.08	00:52:15.338	1.32924	1.32956			6
2025.05.08	00:52:27.020	1.32926				2
2025.05.08	00:53:00.231	1.32926				2
2025.05.08	00:53:15.633		1.32956			4
2025.05.08	00:54:00.294	1.32926				2
2025.05.08	00:54:15.690		1.32956			4
2025.05.08	00:55:00.027	1.32926				2
2025.05.08	00:55:15.731		1.32956			4
2025.05.08	00:56:00.069	1.32926				2
2025.05.08	00:56:04.690	1.32925				2
2025.05.08	00:56:14.837	1.32926				2
2025.05.08	00:56:15.764		1.32956			4
2025.05.08	00:57:00.137	1.32926				2
2025.05.08	00:57:15.859		1.32956			4
2025.05.08	00:57:22.015	1.32925				2
2025.05.08	00:57:41.750	1.32926				2
2025.05.08	00:58:00.244	1.32926				2
2025.05.08	00:58:02.706	1.32925				2
2025.05.08	00:58:12.879	1.32926				2
2025.05.08	00:58:15.960		1.32956			4
2025.05.08	00:58:46.778	1.32925				2
2025.05.08	00:58:52.012	1.32926				2
2025.05.08	00:58:59.712	1.32925				2
2025.05.08	00:59:00.020	1.32925				2
2025.05.08	00:59:00.643	1.32926				2
2025.05.08	00:59:16.035		1.32956			4
2025.05.08	01:00:00.134	1.32951				2
2025.05.08	01:00:00.444	1.32949				2
2025.05.08	01:00:01.052	1.32950				2
2025.05.08	01:00:01.360	1.32951				2
2025.05.08	01:00:01.968	1.32947	1.32965			6
2025.05.08	01:00:02.272	1.32927	1.32979			6
2025.05.08	01:00:02.590	1.32929	1.32982			6
2025.05.08	01:00:02.907	1.32930	1.32981			6
2025.05.08	01:00:03.216	1.32931	1.32980			6
2025.05.08	01:00:03.522		1.32981			4
2025.05.08	01:00:03.837	1.32930	1.32980			6
2025.05.08	01:00:04.146	1.32928	1.32981			6
2025.05.08	01:00:04.455	1.32929	1.32979			6
2025.05.08	01:00:04.767	1.32935	1.32964			6
2025.05.08	01:00:07.856	1.32932	1.32941			6
2025.05.08	01:00:08.159	1.32931	1.32940			6
2025.05.08	01:00:08.467	1.32934	1.32943			6
2025.05.08	01:00:08.776	1.32935	1.32944			6
2025.05.08	01:00:09.087	1.32933	1.32942			6
2025.05.08	01:00:09.394	1.32931	1.32940			6
2025.05.08	01:00:09.704	1.32934	1.32943			6
2025.05.08	01:00:10.629	1.32932	1.32941			6
2025.05.08	01:00:11.545	1.32933	1.32942			6
2025.05.08	01:00:12.167	1.32932	1.32941			6
2025.05.08	01:00:12.472	1.32930	1.32939			6
2025.05.08	01:00:13.401	1.32931	1.32940			6
2025.05.08	01:00:14.014	1.32933	1.32942			6
2025.05.08	01:00:14.626	1.32934	1.32943			6
2025.05.08	01:00:14.931	1.32935	1.32944			6
2025.05.08	01:00:15.233	1.32934	1.32943			6
2025.05.08	01:00:15.535	1.32935	1.32944			6
2025.05.08	01:00:16.444	1.32924	1.32933			6
2025.05.08	01:00:16.747	1.32904	1.32945			6
2025.05.08	01:00:17.050	1.32906				2
2025.05.08	01:00:17.358	1.32926	1.32935			6
2025.05.08	01:00:17.665	1.32927	1.32936			6
2025.05.08	01:00:18.275	1.32925	1.32934			6
2025.05.08	01:00:18.582	1.32924	1.32933			6
2025.05.08	01:00:19.185	1.32923	1.32932			6
2025.05.08	01:00:19.494	1.32924	1.32933			6
2025.05.08	01:00:21.322	1.32923	1.32932			6
2025.05.08	01:00:23.161	1.32925	1.32934			6
2025.05.08	01:00:28.044	1.32921	1.32930			6
2025.05.08	01:00:29.567	1.32924	1.32933			6
2025.05.08	01:00:29.874	1.32927	1.32936			6
2025.05.08	01:00:30.183	1.32929	1.32938			6
2025.05.08	01:00:30.496	1.32928	1.32937			6
2025.05.08	01:00:31.104	1.32926	1.32935			6
2025.05.08	01:00:31.410	1.32924	1.32933			6
2025.05.08	01:00:32.335	1.32925	1.32934			6
2025.05.08	01:00:33.253	1.32923	1.32932			6
2025.05.08	01:00:33.558	1.32922	1.32931			6
2025.05.08	01:00:36.329	1.32923	1.32932			6
2025.05.08	01:00:36.638	1.32925	1.32934			6
2025.05.08	01:00:38.180	1.32926	1.32935			6
2025.05.08	01:00:38.495	1.32925	1.32934			6
2025.05.08	01:00:40.346	1.32927	1.32932			6
2025.05.08	01:00:41.272	1.32928	1.32933			6
2025.05.08	01:00:41.578	1.32927	1.32932			6
2025.05.08	01:00:41.881	1.32928	1.32933			6
2025.05.08	01:00:42.182	1.32927	1.32932			6
2025.05.08	01:00:43.413	1.32924	1.32929			6
2025.05.08	01:00:43.720	1.32927	1.32932			6
2025.05.08	01:00:44.333	1.32926	1.32931			6
2025.05.08	01:00:45.244	1.32925	1.32930			6
2025.05.08	01:00:45.553	1.32924	1.32929			6
2025.05.08	01:00:47.374	1.32925	1.32930			6
2025.05.08	01:00:49.239	1.32927	1.32932			6
2025.05.08	01:00:49.546	1.32928	1.32933			6
2025.05.08	01:00:50.158	1.32929	1.32934			6
2025.05.08	01:00:50.460	1.32927	1.32932			6
2025.05.08	01:00:54.437	1.32929	1.32934			6
2025.05.08	01:00:55.049	1.32930	1.32935			6
2025.05.08	01:00:55.352	1.32929	1.32934			6
2025.05.08	01:00:55.654	1.32927	1.32932			6
2025.05.08	01:00:56.876	1.32929	1.32934			6
2025.05.08	01:00:57.487	1.32930	1.32935			6
2025.05.08	01:00:57.792	1.32932	1.32937			6
2025.05.08	01:00:58.095	1.32930	1.32935			6
2025.05.08	01:00:58.406	1.32933	1.32938			6
2025.05.08	01:00:59.932	1.32934	1.32939			6
2025.05.08	01:01:00.239	1.32933	1.32938			6
2025.05.08	01:01:00.855	1.32928	1.32949			6
2025.05.08	01:01:01.165		1.32951			4
2025.05.08	01:01:01.473		1.32950			4
2025.05.08	01:01:01.785	1.32922	1.32945			6
2025.05.08	01:01:02.093	1.32904	1.32947			6
2025.05.08	01:01:02.407	1.32922	1.32927			6
2025.05.08	01:01:02.711	1.32925	1.32930			6
2025.05.08	01:01:03.644	1.32924	1.32929			6
2025.05.08	01:01:03.952	1.32903	1.32943			6
2025.05.08	01:01:04.256	1.32923	1.32928			6
2025.05.08	01:01:04.878	1.32922	1.32927			6
2025.05.08	01:01:05.180	1.32921	1.32926			6
2025.05.08	01:01:09.448	1.32919	1.32924			6
2025.05.08	01:01:11.269	1.32918	1.32923			6
2025.05.08	01:01:18.278	1.32919	1.32924			6
2025.05.08	01:01:20.118	1.32918	1.32923			6
2025.05.08	01:01:21.943	1.32917	1.32922			6
2025.05.08	01:01:22.853	1.32918	1.32923			6
2025.05.08	01:01:25.288	1.32917	1.32922			6
2025.05.08	01:01:27.122	1.32918	1.32923			6
2025.05.08	01:01:28.040	1.32916	1.32921			6
2025.05.08	01:01:29.265	1.32917	1.32922			6
2025.05.08	01:01:29.868	1.32915	1.32920			6
2025.05.08	01:01:30.170	1.32917	1.32922			6
2025.05.08	01:01:30.479	1.32916	1.32921			6
2025.05.08	01:01:30.792	1.32917	1.32922			6
2025.05.08	01:01:31.096	1.32916	1.32921			6
2025.05.08	01:01:33.242	1.32917	1.32922			6
2025.05.08	01:01:33.554	1.32915	1.32920			6
2025.05.08	01:01:34.168	1.32920	1.32925			6
2025.05.08	01:01:34.468	1.32919	1.32924			6
2025.05.08	01:01:37.841	1.32918	1.32923			6
2025.05.08	01:01:38.145	1.32914	1.32919			6
2025.05.08	01:01:38.453	1.32916	1.32921			6
2025.05.08	01:01:39.366	1.32914	1.32919			6
2025.05.08	01:01:39.669	1.32916	1.32921			6
2025.05.08	01:01:39.978	1.32915	1.32920			6
2025.05.08	01:01:40.584	1.32916	1.32921			6
2025.05.08	01:01:43.653	1.32917	1.32922			6
2025.05.08	01:01:44.261	1.32918	1.32923			6
2025.05.08	01:01:47.010	1.32917	1.32922			6
2025.05.08	01:01:47.931	1.32918	1.32923			6
2025.05.08	01:01:48.847	1.32919	1.32924			6
2025.05.08	01:01:51.597	1.32918	1.32923			6
2025.05.08	01:01:52.210	1.32919	1.32924			6
2025.05.08	01:01:52.511	1.32917	1.32922			6
2025.05.08	01:01:52.816	1.32918	1.32923			6
2025.05.08	01:01:53.122	1.32917	1.32922			6
2025.05.08	01:01:54.053	1.32918	1.32923			6
2025.05.08	01:01:54.356	1.32919	1.32924			6
2025.05.08	01:01:56.487	1.32920	1.32925			6
2025.05.08	01:02:00.148	1.32920				2
2025.05.08	01:02:00.454	1.32918	1.32923			6
2025.05.08	01:02:02.887	1.32919	1.32924			6
2025.05.08	01:02:04.101	1.32921	1.32926			6
2025.05.08	01:02:04.709	1.32922	1.32927			6
2025.05.08	01:02:09.595	1.32921	1.32926			6
2025.05.08	01:02:11.123	1.32923	1.32928			6
2025.05.08	01:02:11.737	1.32922	1.32927			6
2025.05.08	01:02:12.050	1.32929	1.32934			6
2025.05.08	01:02:13.580	1.32930	1.32935			6
2025.05.08	01:02:15.426	1.32931	1.32936			6
2025.05.08	01:02:16.649	1.32929	1.32934			6
2025.05.08	01:02:17.570	1.32930	1.32935			6
2025.05.08	01:02:20.006	1.32927	1.32932			6
2025.05.08	01:02:20.312	1.32926	1.32931			6
2025.05.08	01:02:21.851	1.32927	1.32932			6
2025.05.08	01:02:22.160	1.32926	1.32931			6
2025.05.08	01:02:24.310	1.32928	1.32933			6
2025.05.08	01:02:24.613	1.32927	1.32932			6
2025.05.08	01:02:26.453	1.32928	1.32933			6
2025.05.08	01:02:30.126	1.32927	1.32932			6
2025.05.08	01:02:30.432	1.32928	1.32933			6
2025.05.08	01:02:31.645	1.32927	1.32932			6
2025.05.08	01:02:35.012	1.32928	1.32933			6
2025.05.08	01:02:35.935	1.32927	1.32932			6
2025.05.08	01:02:36.238	1.32928	1.32933			6
2025.05.08	01:02:36.544	1.32925	1.32930			6
2025.05.08	01:02:36.848	1.32926	1.32931			6
2025.05.08	01:02:37.458	1.32927	1.32932			6
2025.05.08	01:02:41.124	1.32925	1.32930			6
2025.05.08	01:02:41.431	1.32926	1.32931			6
2025.05.08	01:02:41.735	1.32927	1.32932			6
2025.05.08	01:02:42.347	1.32919	1.32924			6
2025.05.08	01:02:42.651	1.32920	1.32925			6
2025.05.08	01:02:44.171	1.32921	1.32926			6
2025.05.08	01:02:46.317	1.32920	1.32925			6
2025.05.08	01:02:46.619	1.32919	1.32924			6
2025.05.08	01:02:46.922	1.32920	1.32925			6
2025.05.08	01:02:48.141	1.32921	1.32926			6
2025.05.08	01:02:50.583	1.32919	1.32924			6
2025.05.08	01:02:53.046	1.32918	1.32923			6
2025.05.08	01:02:54.268	1.32917	1.32922			6
2025.05.08	01:02:54.883	1.32918	1.32923			6
2025.05.08	01:02:55.492	1.32920	1.32925			6
2025.05.08	01:02:55.801	1.32922	1.32927			6
2025.05.08	01:02:56.407	1.32928	1.32933			6
2025.05.08	01:02:57.325	1.32927	1.32932			6
2025.05.08	01:02:59.481	1.32928	1.32933			6
2025.05.08	01:02:59.788	1.32927	1.32932			6
2025.05.08	01:03:00.089	1.32927				2
2025.05.08	01:03:00.391	1.32921	1.32926			6
2025.05.08	01:03:00.696	1.32917	1.32922			6
2025.05.08	01:03:01.607	1.32918	1.32923			6
2025.05.08	01:03:03.429	1.32919	1.32924			6
2025.05.08	01:03:04.639	1.32920	1.32925			6
2025.05.08	01:03:06.476	1.32919	1.32924			6
2025.05.08	01:03:07.094	1.32915	1.32920			6
2025.05.08	01:03:08.010	1.32914	1.32919			6
2025.05.08	01:03:10.154	1.32915	1.32920			6
2025.05.08	01:03:11.371	1.32914	1.32919			6
2025.05.08	01:03:11.985	1.32913	1.32918			6
2025.05.08	01:03:16.877	1.32910	1.32915			6
2025.05.08	01:03:18.710	1.32911	1.32916			6
2025.05.08	01:03:19.631	1.32912	1.32917			6
2025.05.08	01:03:20.850	1.32913	1.32918			6
2025.05.08	01:03:21.156	1.32912	1.32917			6
2025.05.08	01:03:21.462	1.32911	1.32916			6
2025.05.08	01:03:22.382	1.32912	1.32917			6
2025.05.08	01:03:23.296	1.32913	1.32918			6
2025.05.08	01:03:24.811	1.32914	1.32919			6
2025.05.08	01:03:25.113	1.32916	1.32921			6
2025.05.08	01:03:25.420	1.32915	1.32920			6
2025.05.08	01:03:26.331	1.32912	1.32917			6
2025.05.08	01:03:26.938	1.32911	1.32916			6
2025.05.08	01:03:29.081	1.32912	1.32917			6
2025.05.08	01:03:29.690	1.32911	1.32916			6
2025.05.08	01:03:30.918	1.32912	1.32917			6
2025.05.08	01:03:33.667	1.32914	1.32919			6
2025.05.08	01:03:37.355	1.32912	1.32917			6
2025.05.08	01:03:43.748	1.32913	1.32918			6
2025.05.08	01:03:46.503	1.32924	1.32929			6
2025.05.08	01:03:46.803	1.32923	1.32928			6
2025.05.08	01:03:47.113	1.32930	1.32931			6
2025.05.08	01:03:47.427	1.32923	1.32928			6
2025.05.08	01:03:51.426	1.32924	1.32929			6
2025.05.08	01:03:53.579	1.32925	1.32930			6
2025.05.08	01:03:56.956	1.32923	1.32928			6
2025.05.08	01:03:57.265	1.32925	1.32930			6
2025.05.08	01:03:58.803	1.32932	1.32937			6
2025.05.08	01:03:59.723	1.32928	1.32933			6
2025.05.08	01:04:00.030	1.32929	1.32934			6
2025.05.08	01:04:00.334	1.32931	1.32936			6
2025.05.08	01:04:00.643	1.32932	1.32937			6
2025.05.08	01:04:01.262	1.32935	1.32940			6
2025.05.08	01:04:01.571	1.32936	1.32941			6
2025.05.08	01:04:03.403	1.32935	1.32940			6
2025.05.08	01:04:03.710	1.32934	1.32939			6
2025.05.08	01:04:04.013	1.32935	1.32940			6
2025.05.08	01:04:04.317	1.32938	1.32943			6
2025.05.08	01:04:05.550	1.32939	1.32944			6
2025.05.08	01:04:06.156	1.32938	1.32943			6
2025.05.08	01:04:07.388	1.32937	1.32942			6
2025.05.08	01:04:07.693	1.32935	1.32940			6
2025.05.08	01:04:09.837	1.32936	1.32941			6
2025.05.08	01:04:11.057	1.32937	1.32942			6
2025.05.08	01:04:11.364	1.32935	1.32940			6
2025.05.08	01:04:13.216	1.32934	1.32939			6
2025.05.08	01:04:13.525	1.32936	1.32941			6
2025.05.08	01:04:14.144	1.32937	1.32942			6
2025.05.08	01:04:14.455	1.32938	1.32943			6
2025.05.08	01:04:14.761	1.32937	1.32942			6
2025.05.08	01:04:15.995	1.32938	1.32943			6
2025.05.08	01:04:16.300	1.32939	1.32944			6
2025.05.08	01:04:16.919	1.32938	1.32943			6
2025.05.08	01:04:17.225	1.32940	1.32945			6
2025.05.08	01:04:17.532	1.32939	1.32944			6
2025.05.08	01:04:17.836	1.32940	1.32945			6
2025.05.08	01:04:18.143	1.32941	1.32946			6
2025.05.08	01:04:18.448	1.32939	1.32944			6
2025.05.08	01:04:18.756	1.32940	1.32945			6
2025.05.08	01:04:19.676	1.32941	1.32946			6
2025.05.08	01:04:20.895	1.32939	1.32944			6
2025.05.08	01:04:23.041	1.32937	1.32942			6
2025.05.08	01:04:23.350	1.32939	1.32944			6
2025.05.08	01:04:23.657	1.32938	1.32943			6
2025.05.08	01:04:23.966	1.32939	1.32944			6
2025.05.08	01:04:24.286	1.32938	1.32943			6
2025.05.08	01:04:27.052	1.32939	1.32944			6
2025.05.08	01:04:32.282	1.32937	1.32942			6
2025.05.08	01:04:32.598	1.32936	1.32941			6
2025.05.08	01:04:33.523	1.32935	1.32940			6
2025.05.08	01:04:34.446	1.32936	1.32941			6
2025.05.08	01:04:39.693	1.32935	1.32940			6
2025.05.08	01:04:41.853	1.32936	1.32941			6
2025.05.08	01:04:42.465	1.32935	1.32940			6
2025.05.08	01:04:43.690	1.32936	1.32941			6
2025.05.08	01:04:45.222	1.32937	1.32942			6
2025.05.08	01:04:50.162	1.32938				2
2025.05.08	01:04:51.383	1.32937	1.32941			6
2025.05.08	01:04:53.232	1.32932	1.32936			6
2025.05.08	01:04:54.144		1.32937			4
2025.05.08	01:04:57.846	1.32929	1.32934			6
2025.05.08	01:04:58.155	1.32930				2
2025.05.08	01:04:58.463	1.32929	1.32933			6
2025.05.08	01:04:58.770	1.32930	1.32934			6
2025.05.08	01:04:59.384	1.32933	1.32938			6
2025.05.08	01:05:00.000	1.32933				2
2025.05.08	01:05:01.243	1.32935	1.32940			6
2025.05.08	01:05:02.162	1.32936	1.32941			6
2025.05.08	01:05:05.253	1.32937				2
2025.05.08	01:05:09.539	1.32936	1.32940			6
2025.05.08	01:05:09.843	1.32937	1.32941			6
2025.05.08	01:05:10.147	1.32931	1.32935			6
2025.05.08	01:05:10.451	1.32923	1.32927			6
2025.05.08	01:05:11.361		1.32928			4
2025.05.08	01:05:13.207		1.32926			4
2025.05.08	01:05:14.432	1.32924				2
2025.05.08	01:05:15.364	1.32925				2
2025.05.08	01:05:16.284	1.32926	1.32930			6
2025.05.08	01:05:16.597	1.32925				2
2025.05.08	01:05:19.051	1.32927				2
2025.05.08	01:05:19.984	1.32926				2
2025.05.08	01:05:20.293	1.32925				2
2025.05.08	01:05:20.907	1.32926				2
2025.05.08	01:05:22.756	1.32925	1.32929			6
2025.05.08	01:05:23.681	1.32926				2
2025.05.08	01:05:27.391	1.32929	1.32930			6
2025.05.08	01:05:28.622	1.32930	1.32931			6
2025.05.08	01:05:43.113	1.32929	1.32930			6
2025.05.08	01:05:44.347	1.32931	1.32932			6
2025.05.08	01:05:45.264	1.32930	1.32931			6
2025.05.08	01:05:48.048	1.32931	1.32932			6
2025.05.08	01:05:50.205		1.32936			4
2025.05.08	01:05:52.055	1.32930	1.32935			6
2025.05.08	01:05:53.296	1.32931	1.32936			6
2025.05.08	01:05:56.377	1.32929	1.32934			6
2025.05.08	01:05:57.303	1.32931	1.32936			6
2025.05.08	01:05:57.610	1.32930	1.32935			6
2025.05.08	01:05:58.850	1.32931	1.32936			6
2025.05.08	01:05:59.163	1.32930	1.32935			6
2025.05.08	01:06:00.089	1.32930				2
2025.05.08	01:06:01.634	1.32931	1.32936			6
2025.05.08	01:06:01.945	1.32930	1.32935			6
2025.05.08	01:06:03.182	1.32929	1.32934			6
2025.05.08	01:06:03.489	1.32930	1.32935			6
2025.05.08	01:06:04.418	1.32932	1.32937			6
2025.05.08	01:06:06.267	1.32931	1.32936			6
2025.05.08	01:06:08.424	1.32933	1.32938			6
2025.05.08	01:06:09.345	1.32931	1.32936			6
2025.05.08	01:06:10.267	1.32932				2
2025.05.08	01:06:11.186	1.32931	1.32935			6
2025.05.08	01:06:11.490	1.32934	1.32938			6
2025.05.08	01:06:12.702	1.32933	1.32937			6
2025.05.08	01:06:13.624	1.32932	1.32936			6
2025.05.08	01:06:13.944	1.32933	1.32937			6
2025.05.08	01:06:14.250	1.32932	1.32936			6
2025.05.08	01:06:14.556	1.32928	1.32932			6
2025.05.08	01:06:15.174		1.32933			4
2025.05.08	01:06:16.098	1.32927	1.32932			6
2025.05.08	01:06:16.412	1.32925	1.32930			6
2025.05.08	01:06:16.717	1.32933	1.32938			6
2025.05.08	01:06:17.955	1.32932	1.32937			6
2025.05.08	01:06:19.196	1.32931	1.32936			6
2025.05.08	01:06:19.509	1.32930	1.32935			6
2025.05.08	01:06:21.983	1.32932	1.32937			6
2025.05.08	01:06:23.221	1.32933	1.32938			6
2025.05.08	01:06:25.997	1.32934	1.32939			6
2025.05.08	01:06:26.618	1.32933	1.32938			6
2025.05.08	01:06:26.927	1.32934	1.32939			6
2025.05.08	01:06:29.384	1.32932	1.32937			6
2025.05.08	01:06:30.929	1.32931	1.32936			6
2025.05.08	01:06:31.242	1.32926	1.32931			6
2025.05.08	01:06:32.467	1.32927	1.32932			6
2025.05.08	01:06:32.779	1.32932	1.32937			6
2025.05.08	01:06:33.387	1.32927	1.32932			6
2025.05.08	01:06:35.235	1.32928	1.32933			6
2025.05.08	01:06:37.695	1.32929	1.32934			6
2025.05.08	01:06:39.234	1.32930	1.32935			6
2025.05.08	01:06:39.850	1.32929	1.32934			6
2025.05.08	01:06:40.782	1.32930	1.32935			6
2025.05.08	01:06:41.708	1.32929	1.32934			6
2025.05.08	01:06:43.568	1.32930	1.32935			6
2025.05.08	01:06:49.401	1.32928	1.32933			6
2025.05.08	01:06:53.996	1.32927	1.32932			6
2025.05.08	01:06:54.305	1.32932	1.32937			6
2025.05.08	01:06:55.226	1.32931	1.32936			6
2025.05.08	01:06:55.528	1.32928	1.32933			6
2025.05.08	01:06:55.842	1.32930	1.32935			6
2025.05.08	01:06:56.152	1.32931	1.32936			6
2025.05.08	01:06:56.456	1.32930	1.32935			6
2025.05.08	01:06:57.379	1.32933	1.32938			6
2025.05.08	01:06:58.004	1.32932	1.32937			6
2025.05.08	01:06:58.309	1.32931	1.32936			6
2025.05.08	01:06:59.534	1.32930	1.32935			6
2025.05.08	01:07:00.154	1.32930				2
2025.05.08	01:07:00.464	1.32931	1.32936			6
2025.05.08	01:07:02.001	1.32932	1.32937			6
2025.05.08	01:07:02.620	1.32930	1.32935			6
2025.05.08	01:07:03.544	1.32931	1.32936			6
2025.05.08	01:07:04.164	1.32934	1.32939			6
2025.05.08	01:07:04.473	1.32935	1.32940			6
2025.05.08	01:07:05.401	1.32933	1.32938			6
2025.05.08	01:07:06.322	1.32929	1.32934			6
2025.05.08	01:07:06.631	1.32930	1.32935			6
2025.05.08	01:07:06.941	1.32932	1.32937			6
2025.05.08	01:07:08.170	1.32933	1.32938			6
2025.05.08	01:07:08.480	1.32932	1.32937			6
2025.05.08	01:07:09.402	1.32933	1.32938			6
2025.05.08	01:07:09.713	1.32932	1.32937			6
2025.05.08	01:07:10.940	1.32931	1.32936			6
2025.05.08	01:07:11.245	1.32929	1.32934			6
2025.05.08	01:07:11.553	1.32931	1.32936			6
2025.05.08	01:07:11.858	1.32929	1.32934			6
2025.05.08	01:07:12.165	1.32931	1.32936			6
2025.05.08	01:07:12.469	1.32932	1.32937			6
2025.05.08	01:07:12.776	1.32933	1.32938			6
2025.05.08	01:07:13.079	1.32929	1.32934			6
2025.05.08	01:07:13.383	1.32932	1.32937			6
2025.05.08	01:07:14.300	1.32928	1.32933			6
2025.05.08	01:07:14.616	1.32932	1.32937			6
2025.05.08	01:07:15.538	1.32931	1.32936			6
2025.05.08	01:07:15.845	1.32928	1.32933			6
2025.05.08	01:07:16.151	1.32932	1.32937			6
2025.05.08	01:07:16.457	1.32931	1.32936			6
2025.05.08	01:07:16.765	1.32932	1.32937			6
2025.05.08	01:07:17.071	1.32929	1.32934			6
2025.05.08	01:07:17.685	1.32932	1.32937			6
2025.05.08	01:07:17.996	1.32929	1.32934			6
2025.05.08	01:07:18.304	1.32932	1.32937			6
2025.05.08	01:07:22.309	1.32933	1.32938			6
2025.05.08	01:07:23.244	1.32929	1.32934			6
2025.05.08	01:07:23.549	1.32932	1.32937			6
2025.05.08	01:07:23.859	1.32930	1.32935			6
2025.05.08	01:07:24.164	1.32927	1.32932			6
2025.05.08	01:07:24.468	1.32933	1.32938			6
2025.05.08	01:07:26.007	1.32930	1.32935			6
2025.05.08	01:07:26.325	1.32928	1.32933			6
2025.05.08	01:07:26.627	1.32926	1.32931			6
2025.05.08	01:07:26.936	1.32907	1.32944			6
2025.05.08	01:07:30.941	1.32926	1.32931			6
2025.05.08	01:07:31.860	1.32927	1.32932			6
2025.05.08	01:07:35.252	1.32928	1.32933			6
2025.05.08	01:07:35.557	1.32929	1.32934			6
2025.05.08	01:07:35.869	1.32931	1.32936			6
2025.05.08	01:07:36.172	1.32912	1.32944			6
2025.05.08	01:07:36.492	1.32911				2
2025.05.08	01:07:36.796	1.32931	1.32936			6
2025.05.08	01:07:37.104	1.32932	1.32937			6
2025.05.08	01:07:38.332	1.32933	1.32938			6
2025.05.08	01:07:41.086	1.32934	1.32939			6
2025.05.08	01:07:42.305	1.32935	1.32940			6
2025.05.08	01:07:45.346	1.32936	1.32941			6
2025.05.08	01:07:46.565	1.32935	1.32940			6
2025.05.08	01:07:47.796	1.32934	1.32939			6
2025.05.08	01:07:48.418	1.32933	1.32938			6
2025.05.08	01:07:49.029	1.32934	1.32939			6
2025.05.08	01:07:53.017	1.32935	1.32940			6
2025.05.08	01:07:56.677	1.32936	1.32941			6
2025.05.08	01:07:57.282		1.32940			4
2025.05.08	01:07:59.734	1.32937	1.32941			6
2025.05.08	01:08:00.037	1.32937				2
2025.05.08	01:08:01.249	1.32938	1.32942			6
2025.05.08	01:08:05.242	1.32937	1.32941			6
2025.05.08	01:08:05.858	1.32936	1.32940			6
2025.05.08	01:08:07.700	1.32937	1.32941			6
2025.05.08	01:08:08.619	1.32935	1.32939			6
2025.05.08	01:08:08.927	1.32936	1.32940			6
2025.05.08	01:08:09.236	1.32937	1.32941			6
2025.05.08	01:08:09.542	1.32938	1.32942			6
2025.05.08	01:08:16.595	1.32937	1.32941			6
2025.05.08	01:08:20.879	1.32938	1.32942			6
2025.05.08	01:08:27.605	1.32939	1.32943			6
2025.05.08	01:08:27.906	1.32938	1.32942			6
2025.05.08	01:08:28.209	1.32939	1.32943			6
2025.05.08	01:08:29.733	1.32938	1.32942			6
2025.05.08	01:08:30.651	1.32939	1.32943			6
2025.05.08	01:08:30.956	1.32940	1.32944			6
2025.05.08	01:08:32.795	1.32938	1.32942			6
2025.05.08	01:08:37.710	1.32939	1.32943			6
2025.05.08	01:08:42.927	1.32940	1.32944			6
2025.05.08	01:08:46.911	1.32939	1.32943			6
2025.05.08	01:08:47.830	1.32940	1.32941			6
2025.05.08	01:08:48.749		1.32944			4
2025.05.08	01:08:50.592	1.32938	1.32942			6
2025.05.08	01:08:51.497	1.32940	1.32944			6
2025.05.08	01:08:55.476	1.32939	1.32943			6
2025.05.08	01:08:56.705	1.32941	1.32945			6
2025.05.08	01:08:59.129	1.32940	1.32944			6
2025.05.08	01:08:59.435	1.32937	1.32941			6
2025.05.08	01:09:00.045	1.32937				2
2025.05.08	01:09:00.349	1.32941	1.32945			6
2025.05.08	01:09:00.656	1.32940	1.32944			6
2025.05.08	01:09:07.746	1.32939	1.32943			6
2025.05.08	01:09:10.213	1.32938	1.32942			6
2025.05.08	01:09:13.302	1.32940	1.32944			6
2025.05.08	01:09:14.227	1.32937	1.32941			6
2025.05.08	01:09:15.152		1.32938			4
2025.05.08	01:09:15.461	1.32934	1.32935			6
2025.05.08	01:09:17.007	1.32933	1.32934			6
2025.05.08	01:09:17.313	1.32934	1.32935			6
2025.05.08	01:09:18.242	1.32933	1.32934			6
2025.05.08	01:09:19.164	1.32932	1.32933			6
2025.05.08	01:09:20.092	1.32933	1.32934			6
2025.05.08	01:09:21.331	1.32934	1.32938			6
2025.05.08	01:09:21.642	1.32935	1.32939			6
2025.05.08	01:09:27.190	1.32939	1.32943			6
2025.05.08	01:09:28.104	1.32941	1.32945			6
2025.05.08	01:09:28.414	1.32938	1.32942			6
2025.05.08	01:09:28.719	1.32937	1.32941			6
2025.05.08	01:09:29.032	1.32938	1.32942			6
2025.05.08	01:09:29.340	1.32937	1.32941			6
2025.05.08	01:09:29.650		1.32938			4
2025.05.08	01:09:29.957	1.32936	1.32937			6
2025.05.08	01:09:30.573	1.32937	1.32938			6
2025.05.08	01:09:31.820	1.32934	1.32937			6
2025.05.08	01:09:34.288	1.32937	1.32938			6
2025.05.08	01:09:48.204	1.32939	1.32940			6
2025.05.08	01:09:50.663	1.32938	1.32939			6
2025.05.08	01:09:51.280	1.32933	1.32937			6
2025.05.08	01:09:51.587	1.32932	1.32936			6
2025.05.08	01:09:53.130	1.32934	1.32937			6
2025.05.08	01:09:53.439	1.32931	1.32935			6
2025.05.08	01:09:54.670	1.32928	1.32932			6
2025.05.08	01:09:55.599	1.32929	1.32933			6
2025.05.08	01:09:55.902	1.32927	1.32931			6
2025.05.08	01:10:00.223	1.32929	1.32933			6
2025.05.08	01:10:03.310	1.32935	1.32937			6
2025.05.08	01:10:04.236	1.32934				2
2025.05.08	01:10:05.784	1.32933				2
2025.05.08	01:10:06.095	1.32932				2
2025.05.08	01:10:06.402	1.32934				2
2025.05.08	01:10:07.019	1.32932	1.32936			6
2025.05.08	01:10:07.329	1.32936	1.32937			6
2025.05.08	01:10:07.641	1.32935				2
2025.05.08	01:10:08.250	1.32934				2
2025.05.08	01:10:08.558	1.32933				2
2025.05.08	01:10:09.177	1.32934				2
2025.05.08	01:10:12.574	1.32935				2
2025.05.08	01:10:15.967	1.32934				2
2025.05.08	01:10:16.277	1.32935				2
2025.05.08	01:10:17.510	1.32936				2
2025.05.08	01:10:18.126	1.32934				2
2025.05.08	01:10:21.217	1.32923				2
2025.05.08	01:10:21.525	1.32934				2
2025.05.08	01:10:21.833		1.32938			4
2025.05.08	01:10:24.606	1.32935				2
2025.05.08	01:10:27.379	1.32936				2
2025.05.08	01:10:30.156	1.32935				2
2025.05.08	01:10:30.462	1.32937				2
2025.05.08	01:10:32.314	1.32933	1.32934			6
2025.05.08	01:10:33.855	1.32934	1.32935			6
2025.05.08	01:10:36.318	1.32933	1.32934			6
2025.05.08	01:10:41.266	1.32934	1.32935			6
2025.05.08	01:10:41.885	1.32933				2
2025.05.08	01:10:44.050		1.32934			4
2025.05.08	01:10:45.895	1.32932				2
2025.05.08	01:10:46.822	1.32930				2
2025.05.08	01:10:47.128	1.32929	1.32933			6
2025.05.08	01:10:47.435	1.32928	1.32932			6
2025.05.08	01:10:48.049	1.32930	1.32934			6
2025.05.08	01:10:48.354		1.32933			4
2025.05.08	01:10:49.584	1.32929				2
2025.05.08	01:10:50.199	1.32928	1.32931			6
2025.05.08	01:10:51.122	1.32931	1.32932			6
2025.05.08	01:10:51.432	1.32930	1.32931			6
2025.05.08	01:10:53.883	1.32928	1.32929			6
2025.05.08	01:10:54.188	1.32923	1.32925			6
2025.05.08	01:10:54.804	1.32926	1.32927			6
2025.05.08	01:10:56.337	1.32927	1.32928			6
2025.05.08	01:10:57.252	1.32926	1.32927			6
2025.05.08	01:10:58.168	1.32927	1.32928			6
2025.05.08	01:10:59.086	1.32926	1.32927			6
2025.05.08	01:11:00.028	1.32926				2
2025.05.08	01:11:05.881	1.32927	1.32928			6
2025.05.08	01:11:09.257	1.32926	1.32927			6
2025.05.08	01:11:09.572	1.32927	1.32928			6
2025.05.08	01:11:10.807	1.32926	1.32927			6
2025.05.08	01:11:12.973	1.32927	1.32928			6
2025.05.08	01:11:15.438	1.32926	1.32927			6
2025.05.08	01:11:15.753	1.32927	1.32928			6
2025.05.08	01:11:40.725	1.32928	1.32929			6
2025.05.08	01:11:41.342	1.32927	1.32928			6
2025.05.08	01:11:48.428	1.32928	1.32929			6
2025.05.08	01:11:50.270	1.32927	1.32928			6
2025.05.08	01:11:51.197	1.32928	1.32929			6
2025.05.08	01:11:53.970	1.32927	1.32928			6
2025.05.08	01:11:55.211	1.32928	1.32929			6
2025.05.08	01:11:57.057	1.32927	1.32928			6
2025.05.08	01:12:00.142	1.32927				2
2025.05.08	01:12:03.840	1.32928	1.32932			6
2025.05.08	01:12:17.364	1.32929				2
2025.05.08	01:12:25.316	1.32930				2
2025.05.08	01:12:26.227		1.32933			4
2025.05.08	01:12:41.221		1.32932			4
2025.05.08	01:12:48.282		1.32933			4
2025.05.08	01:13:00.012	1.32930				2
2025.05.08	01:13:03.411	1.32929	1.32932			6
2025.05.08	01:13:07.417	1.32930	1.32933			6
2025.05.08	01:13:16.058	1.32931				2
2025.05.08	01:13:17.303	1.32930				2
2025.05.08	01:13:27.772		1.32932			4
2025.05.08	01:13:31.482	1.32931				2
2025.05.08	01:13:32.716	1.32930				2
2025.05.08	01:13:37.346		1.32931			4
2025.05.08	01:13:55.535	1.32929				2
2025.05.08	01:13:59.240	1.32931	1.32932			6
2025.05.08	01:14:00.165	1.32930	1.32931			6
2025.05.08	01:14:01.398		1.32932			4
2025.05.08	01:14:04.488	1.32931				2
2025.05.08	01:14:06.336	1.32930	1.32931			6
2025.05.08	01:14:15.909	1.32929				2
2025.05.08	01:14:16.833	1.32930				2
2025.05.08	01:14:26.064	1.32931	1.32932			6
2025.05.08	01:14:51.545	1.32930	1.32931			6
2025.05.08	01:14:51.852	1.32931	1.32932			6
2025.05.08	01:14:57.408	1.32933	1.32934			6
2025.05.08	01:15:00.176	1.32935	1.32936			6
2025.05.08	01:15:00.488	1.32936	1.32937			6
2025.05.08	01:15:03.272	1.32934	1.32936			6
2025.05.08	01:15:04.814	1.32937	1.32940			6
2025.05.08	01:15:05.122	1.32936	1.32939			6
2025.05.08	01:15:05.429	1.32934	1.32937			6
2025.05.08	01:15:06.050	1.32936				2
2025.05.08	01:15:06.979	1.32934				2
2025.05.08	01:15:10.372		1.32936			4
2025.05.08	01:15:10.988	1.32933				2
2025.05.08	01:15:11.911	1.32934				2
2025.05.08	01:15:13.770	1.32935				2
2025.05.08	01:15:17.800	1.32936	1.32937			6
2025.05.08	01:15:18.727	1.32935	1.32936			6
2025.05.08	01:15:19.338	1.32936	1.32937			6
2025.05.08	01:15:19.652	1.32935	1.32936			6
2025.05.08	01:15:19.960	1.32936	1.32937			6
2025.05.08	01:15:20.269	1.32935	1.32936			6
2025.05.08	01:15:26.124		1.32938			4
2025.05.08	01:15:32.303	1.32934	1.32937			6
2025.05.08	01:15:32.922	1.32935	1.32938			6
2025.05.08	01:15:33.845	1.32934	1.32937			6
2025.05.08	01:15:34.777	1.32935	1.32938			6
2025.05.08	01:15:38.152	1.32930	1.32933			6
2025.05.08	01:15:38.460	1.32929	1.32932			6
2025.05.08	01:15:39.385		1.32933			4
2025.05.08	01:15:53.894	1.32932	1.32936			6
2025.05.08	01:15:54.202	1.32930	1.32934			6
2025.05.08	01:15:54.515	1.32929	1.32933			6
2025.05.08	01:15:54.825	1.32937	1.32941			6
2025.05.08	01:15:55.135		1.32942			4
2025.05.08	01:16:00.065	1.32937				2
2025.05.08	01:16:00.373	1.32938	1.32943			6
2025.05.08	01:16:02.219	1.32946	1.32951			6
2025.05.08	01:16:02.524	1.32944	1.32949			6
2025.05.08	01:16:02.833	1.32943	1.32948			6
2025.05.08	01:16:05.904	1.32944	1.32949			6
2025.05.08	01:16:06.527	1.32942	1.32947			6
2025.05.08	01:16:08.070	1.32945	1.32948			6
2025.05.08	01:16:08.697	1.32943	1.32946			6
2025.05.08	01:16:09.309	1.32945	1.32948			6
2025.05.08	01:16:09.929	1.32943	1.32946			6
2025.05.08	01:16:10.851	1.32945	1.32948			6
2025.05.08	01:16:11.784	1.32943				2
2025.05.08	01:16:15.173	1.32949	1.32954			6
2025.05.08	01:16:23.806	1.32948	1.32953			6
2025.05.08	01:16:24.116	1.32949	1.32954			6
2025.05.08	01:16:27.511	1.32942	1.32947			6
2025.05.08	01:16:28.132		1.32948			4
2025.05.08	01:16:28.439	1.32941	1.32947			6
2025.05.08	01:16:29.983	1.32940	1.32946			6
2025.05.08	01:16:30.908	1.32942	1.32948			6
2025.05.08	01:16:31.218	1.32941	1.32947			6
2025.05.08	01:16:32.139	1.32942	1.32948			6
2025.05.08	01:16:32.446	1.32941	1.32947			6
2025.05.08	01:16:33.072	1.32942	1.32948			6
2025.05.08	01:16:33.374	1.32941	1.32947			6
2025.05.08	01:16:34.301	1.32942	1.32948			6
2025.05.08	01:16:35.223	1.32941	1.32947			6
2025.05.08	01:16:36.151	1.32942	1.32948			6
2025.05.08	01:16:37.381	1.32943	1.32949			6
2025.05.08	01:16:44.183		1.32948			4
2025.05.08	01:16:53.119		1.32945			4
2025.05.08	01:16:53.738	1.32945	1.32948			6
2025.05.08	01:16:54.047	1.32943	1.32945			6
2025.05.08	01:16:54.353	1.32945	1.32948			6
2025.05.08	01:16:54.662	1.32943	1.32945			6
2025.05.08	01:16:55.597	1.32945	1.32948			6
2025.05.08	01:16:55.900	1.32943	1.32945			6
2025.05.08	01:16:56.208	1.32945	1.32948			6
2025.05.08	01:16:56.518	1.32943	1.32945			6
2025.05.08	01:16:56.828	1.32945	1.32947			6
2025.05.08	01:16:57.136	1.32941	1.32946			6
2025.05.08	01:16:59.299	1.32942	1.32947			6
2025.05.08	01:17:00.229	1.32943	1.32948			6
2025.05.08	01:17:01.460	1.32944	1.32949			6
2025.05.08	01:17:04.540	1.32942	1.32947			6
2025.05.08	01:17:06.389	1.32943	1.32948			6
2025.05.08	01:17:06.703	1.32942	1.32947			6
2025.05.08	01:17:07.014	1.32943	1.32948			6
2025.05.08	01:17:08.867	1.32944	1.32949			6
2025.05.08	01:17:10.403	1.32943	1.32948			6
2025.05.08	01:17:10.715	1.32944	1.32949			6
2025.05.08	01:17:11.638	1.32943	1.32948			6
2025.05.08	01:17:11.945	1.32944	1.32949			6
2025.05.08	01:17:17.516	1.32939	1.32944			6
2025.05.08	01:17:41.600	1.32945	1.32950			6
2025.05.08	01:17:41.909	1.32944	1.32949			6
2025.05.08	01:17:50.559	1.32942	1.32947			6
2025.05.08	01:17:58.593	1.32943	1.32948			6
2025.05.08	01:18:00.130	1.32943				2
2025.05.08	01:18:01.367	1.32939	1.32944			6
2025.05.08	01:18:11.251	1.32933	1.32938			6
2025.05.08	01:18:11.557	1.32935	1.32940			6
2025.05.08	01:18:22.687	1.32932	1.32937			6
2025.05.08	01:18:32.252	1.32935	1.32940			6
2025.05.08	01:18:55.386		1.32939			4
2025.05.08	01:19:00.020	1.32935				2
2025.05.08	01:19:10.515	1.32934	1.32938			6
2025.05.08	01:19:21.920	1.32935	1.32939			6
2025.05.08	01:19:26.853	1.32934	1.32938			6
2025.05.08	01:19:29.296	1.32938	1.32942			6
2025.05.08	01:19:36.992	1.32937	1.32941			6
2025.05.08	01:19:37.300	1.32936	1.32940			6
2025.05.08	01:19:38.838	1.32938	1.32942			6
2025.05.08	01:19:39.460	1.32937	1.32941			6
2025.05.08	01:19:39.768	1.32936	1.32940			6
2025.05.08	01:19:43.157	1.32937	1.32941			6
2025.05.08	01:19:44.703	1.32934	1.32938			6
2025.05.08	01:19:51.486	1.32930	1.32934			6
2025.05.08	01:19:56.124	1.32928	1.32932			6
2025.05.08	01:19:59.207	1.32929	1.32933			6
2025.05.08	01:20:00.133	1.32929				2
2025.05.08	01:20:05.368	1.32934	1.32938			6
2025.05.08	01:20:05.992	1.32935	1.32939			6
2025.05.08	01:20:06.295	1.32934				2
2025.05.08	01:20:08.147	1.32930	1.32935			6
2025.05.08	01:20:11.235	1.32929	1.32934			6
2025.05.08	01:20:11.851	1.32930	1.32935			6
2025.05.08	01:20:12.479	1.32929	1.32934			6
2025.05.08	01:20:12.783	1.32930	1.32935			6
2025.05.08	01:20:22.039	1.32928	1.32933			6
2025.05.08	01:20:32.528	1.32934	1.32935			6
2025.05.08	01:20:33.148	1.32933	1.32934			6
2025.05.08	01:20:33.768	1.32934	1.32935			6
2025.05.08	01:20:34.691	1.32933	1.32934			6
2025.05.08	01:20:35.007	1.32934	1.32935			6
2025.05.08	01:20:40.884	1.32935	1.32936			6
2025.05.08	01:20:41.184	1.32934	1.32935			6
2025.05.08	01:20:46.133	1.32935	1.32936			6
2025.05.08	01:20:47.375	1.32934	1.32935			6
2025.05.08	01:20:47.680	1.32935	1.32936			6
2025.05.08	01:20:49.224	1.32934	1.32935			6
2025.05.08	01:20:53.854	1.32935	1.32936			6
2025.05.08	01:20:55.085	1.32934	1.32935			6
2025.05.08	01:20:56.009	1.32935	1.32936			6
2025.05.08	01:21:00.023	1.32935				2
2025.05.08	01:21:00.946	1.32934	1.32935			6
2025.05.08	01:21:07.419	1.32933	1.32934			6
2025.05.08	01:21:08.035	1.32934	1.32935			6
2025.05.08	01:21:09.884	1.32929	1.32934			6
2025.05.08	01:21:20.664	1.32930				2
2025.05.08	01:21:20.976		1.32935			4
2025.05.08	01:21:22.206	1.32929	1.32934			6
2025.05.08	01:21:23.444	1.32933	1.32935			6
2025.05.08	01:21:24.069	1.32934				2
2025.05.08	01:21:29.311	1.32933				2
2025.05.08	01:21:29.624	1.32934				2
2025.05.08	01:21:30.241	1.32935	1.32936			6
2025.05.08	01:21:32.094	1.32934	1.32935			6
2025.05.08	01:21:36.400	1.32935	1.32936			6
2025.05.08	01:21:41.031	1.32934	1.32935			6
2025.05.08	01:21:41.960	1.32935	1.32936			6
2025.05.08	01:21:42.894	1.32934	1.32935			6
2025.05.08	01:21:43.196	1.32935	1.32936			6
2025.05.08	01:21:43.509	1.32934	1.32935			6
2025.05.08	01:21:44.123	1.32935	1.32936			6
2025.05.08	01:21:45.041	1.32934	1.32935			6
2025.05.08	01:21:46.895	1.32933				2
2025.05.08	01:21:49.052	1.32934				2
2025.05.08	01:21:50.590	1.32933				2
2025.05.08	01:21:50.905	1.32934				2
2025.05.08	01:21:56.769	1.32933				2
2025.05.08	01:22:00.169	1.32933				2
2025.05.08	01:22:02.000	1.32934				2
2025.05.08	01:22:05.075	1.32935	1.32936			6
2025.05.08	01:22:09.981	1.32936	1.32937			6
2025.05.08	01:22:10.295	1.32935	1.32936			6
2025.05.08	01:22:10.601	1.32934	1.32935			6
2025.05.08	01:22:11.212	1.32929	1.32930			6
2025.05.08	01:22:11.518	1.32928	1.32929			6
2025.05.08	01:22:12.137	1.32927				2
2025.05.08	01:22:18.000	1.32928				2
2025.05.08	01:22:22.319	1.32933	1.32935			6
2025.05.08	01:22:22.632	1.32934				2
2025.05.08	01:22:23.254	1.32933				2
2025.05.08	01:22:28.802	1.32929	1.32934			6
2025.05.08	01:22:30.050		1.32935			4
2025.05.08	01:22:38.353	1.32934	1.32936			6
2025.05.08	01:22:38.663	1.32935				2
2025.05.08	01:22:39.277	1.32933				2
2025.05.08	01:22:42.049		1.32935			4
2025.05.08	01:22:42.671		1.32936			4
2025.05.08	01:22:42.976	1.32932				2
2025.05.08	01:22:43.285	1.32933				2
2025.05.08	01:22:44.213	1.32934				2
2025.05.08	01:22:49.458		1.32935			4
2025.05.08	01:22:49.763	1.32933				2
2025.05.08	01:22:50.080	1.32932				2
2025.05.08	01:22:54.718	1.32933				2
2025.05.08	01:22:56.873		1.32934			4
2025.05.08	01:23:00.273	1.32934	1.32935			6
2025.05.08	01:23:07.044	1.32936	1.32937			6
2025.05.08	01:23:12.285	1.32937	1.32941			6
2025.05.08	01:23:12.588	1.32938	1.32940			6
2025.05.08	01:23:13.222	1.32937				2
2025.05.08	01:23:13.529	1.32936	1.32937			6
2025.05.08	01:23:17.233	1.32937	1.32939			6
2025.05.08	01:23:20.015		1.32938			4
2025.05.08	01:23:24.014		1.32942			4
2025.05.08	01:23:24.322		1.32940			4
2025.05.08	01:23:24.946	1.32938				2
2025.05.08	01:23:26.482	1.32937	1.32938			6
2025.05.08	01:23:26.788	1.32936	1.32937			6
2025.05.08	01:23:37.894	1.32937	1.32938			6
2025.05.08	01:23:54.180	1.32936	1.32937			6
2025.05.08	01:23:55.400	1.32935				2
2025.05.08	01:23:57.537	1.32936				2
2025.05.08	01:23:58.453	1.32935				2
2025.05.08	01:23:59.365		1.32936			4
2025.05.08	01:23:59.982	1.32936	1.32937			6
2025.05.08	01:24:00.283	1.32936				2
2025.05.08	01:24:01.502	1.32937	1.32941			6
2025.05.08	01:24:01.808	1.32939				2
2025.05.08	01:24:02.426		1.32942			4
2025.05.08	01:24:07.924	1.32945	1.32949			6
2025.05.08	01:24:08.533	1.32944				2
2025.05.08	01:24:09.463	1.32947	1.32951			6
2025.05.08	01:24:09.770	1.32949	1.32950			6
2025.05.08	01:24:10.073	1.32947	1.32949			6
2025.05.08	01:24:10.377	1.32946				2
2025.05.08	01:24:10.993	1.32945				2
2025.05.08	01:24:15.922	1.32946				2
2025.05.08	01:24:32.600	1.32947				2
2025.05.08	01:25:00.252	1.32947				2
2025.05.08	01:25:05.190	1.32949	1.32952			6
2025.05.08	01:25:08.894		1.32953			4
2025.05.08	01:25:18.167		1.32952			4
2025.05.08	01:25:22.132	1.32950	1.32953			6
2025.05.08	01:25:23.046	1.32949	1.32952			6
2025.05.08	01:25:37.082	1.32948	1.32951			6
2025.05.08	01:25:41.650	1.32949	1.32952			6
2025.05.08	01:25:41.956		1.32951			4
2025.05.08	01:25:43.177		1.32952			4
2025.05.08	01:25:43.797	1.32948	1.32951			6
2025.05.08	01:25:45.933	1.32949	1.32952			6
2025.05.08	01:26:00.291	1.32949				2
2025.05.08	01:26:08.886	1.32950	1.32953			6
2025.05.08	01:26:09.198	1.32949	1.32952			6
2025.05.08	01:26:33.267	1.32948	1.32951			6
2025.05.08	01:26:39.730	1.32940	1.32943			6
2025.05.08	01:26:41.277	1.32938	1.32944			6
2025.05.08	01:26:42.202	1.32939				2
2025.05.08	01:27:00.086	1.32939				2
2025.05.08	01:27:00.395	1.32945	1.32949			6
2025.05.08	01:27:00.703	1.32947	1.32952			6
2025.05.08	01:27:02.243	1.32946	1.32953			6
2025.05.08	01:27:08.403		1.32952			4
2025.05.08	01:27:12.404	1.32947	1.32953			6
2025.05.08	01:27:17.975	1.32948	1.32954			6
2025.05.08	01:27:18.284	1.32947	1.32953			6
2025.05.08	01:27:22.910	1.32946	1.32952			6
2025.05.08	01:27:30.000	1.32947	1.32953			6
2025.05.08	01:27:32.167	1.32948				2
2025.05.08	01:27:34.319	1.32947	1.32952			6
2025.05.08	01:27:39.275	1.32948	1.32953			6
2025.05.08	01:27:43.293	1.32947	1.32952			6
2025.05.08	01:27:51.321	1.32948				2
2025.05.08	01:27:57.498	1.32949	1.32953			6
2025.05.08	01:27:58.419	1.32948	1.32952			6
2025.05.08	01:28:00.276	1.32948				2
2025.05.08	01:28:14.506	1.32947	1.32951			6
2025.05.08	01:28:16.360	1.32940	1.32943			6
2025.05.08	01:28:17.292	1.32939				2
2025.05.08	01:28:18.821		1.32944			4
2025.05.08	01:28:26.865	1.32940				2
2025.05.08	01:28:34.894	1.32938	1.32942			6
2025.05.08	01:28:35.818	1.32937				2
2025.05.08	01:28:37.057	1.32936	1.32941			6
2025.05.08	01:28:37.993	1.32939	1.32943			6
2025.05.08	01:28:39.225	1.32938				2
2025.05.08	01:28:39.841	1.32939				2
2025.05.08	01:29:00.243	1.32939				2
2025.05.08	01:29:03.023	1.32940	1.32944			6
2025.05.08	01:29:24.328	1.32941				2
2025.05.08	01:29:35.903	1.32940	1.32943			6
2025.05.08	01:29:40.504	1.32941	1.32944			6
2025.05.08	01:29:49.082	1.32937	1.32940			6
2025.05.08	01:29:49.697	1.32938	1.32941			6
2025.05.08	01:30:00.085	1.32938				2
2025.05.08	01:30:00.393	1.32939	1.32942			6
2025.05.08	01:30:01.610	1.32940	1.32943			6
2025.05.08	01:30:01.913	1.32939	1.32942			6
2025.05.08	01:30:10.473	1.32940	1.32943			6
2025.05.08	01:30:15.717	1.32939	1.32942			6
2025.05.08	01:30:56.461	1.32938	1.32941			6
2025.05.08	01:30:57.391	1.32939	1.32942			6
2025.05.08	01:31:00.164	1.32939				2
2025.05.08	01:31:25.448	1.32937	1.32940			6
2025.05.08	01:31:25.755	1.32939	1.32942			6
2025.05.08	01:31:30.401	1.32934	1.32937			6
2025.05.08	01:31:38.746	1.32929	1.32932			6
2025.05.08	01:31:39.365	1.32928				2
2025.05.08	01:31:41.229	1.32927	1.32931			6
2025.05.08	01:31:44.322	1.32928				2
2025.05.08	01:31:45.244	1.32927				2
2025.05.08	01:31:48.022	1.32926	1.32930			6
2025.05.08	01:32:00.046	1.32926				2
2025.05.08	01:32:08.359	1.32927				2
2025.05.08	01:32:13.610	1.32929	1.32932			6
2025.05.08	01:32:14.222	1.32928				2
2025.05.08	01:32:19.457	1.32926	1.32930			6
2025.05.08	01:32:21.004	1.32928	1.32932			6
2025.05.08	01:32:29.350	1.32927	1.32931			6
2025.05.08	01:32:37.067	1.32926	1.32930			6
2025.05.08	01:32:37.998	1.32927	1.32931			6
2025.05.08	01:32:38.919	1.32926	1.32930			6
2025.05.08	01:32:41.084	1.32927	1.32931			6
2025.05.08	01:32:43.543	1.32928	1.32932			6
2025.05.08	01:32:54.360	1.32924	1.32928			6
2025.05.08	01:32:55.292	1.32923				2
2025.05.08	01:33:00.238	1.32923				2
2025.05.08	01:33:01.157	1.32922	1.32927			6
2025.05.08	01:33:01.777	1.32923	1.32928			6
2025.05.08	01:33:04.247		1.32927			4
2025.05.08	01:33:05.789	1.32928	1.32932			6
2025.05.08	01:33:06.411	1.32927				2
2025.05.08	01:33:11.637	1.32921	1.32926			6
2025.05.08	01:33:11.947	1.32922	1.32927			6
2025.05.08	01:33:12.250	1.32921	1.32928			6
2025.05.08	01:33:22.118		1.32927			4
2025.05.08	01:33:26.421	1.32922	1.32928			6
2025.05.08	01:33:31.362	1.32920	1.32926			6
2025.05.08	01:33:41.858	1.32919	1.32925			6
2025.05.08	01:33:52.332		1.32924			4
2025.05.08	01:33:54.799	1.32920	1.32925			6
2025.05.08	01:34:00.052	1.32920				2
2025.05.08	01:34:01.595	1.32919	1.32924			6
2025.05.08	01:34:03.135	1.32920	1.32925			6
2025.05.08	01:34:11.773	1.32919	1.32924			6
2025.05.08	01:34:21.344		1.32923			4
2025.05.08	01:34:42.932	1.32921	1.32925			6
2025.05.08	01:34:57.126	1.32922				2
2025.05.08	01:35:00.177	1.32922				2
2025.05.08	01:35:02.322	1.32921	1.32924			6
2025.05.08	01:35:05.686	1.32922	1.32925			6
2025.05.08	01:35:14.818	1.32928	1.32931			6
2025.05.08	01:35:15.122	1.32927	1.32933			6
2025.05.08	01:35:25.000	1.32926	1.32932			6
2025.05.08	01:35:32.400	1.32927				2
2025.05.08	01:35:49.346		1.32931			4
2025.05.08	01:36:00.155	1.32927				2
2025.05.08	01:36:14.380	1.32928				2
2025.05.08	01:36:26.913	1.32929	1.32932			6
2025.05.08	01:36:27.219	1.32932	1.32935			6
2025.05.08	01:36:28.135	1.32931				2
2025.05.08	01:36:35.231	1.32932	1.32936			6
2025.05.08	01:36:38.940	1.32930	1.32934			6
2025.05.08	01:36:43.251	1.32929	1.32933			6
2025.05.08	01:36:44.799	1.32918	1.32922			6
2025.05.08	01:36:46.335	1.32917	1.32924			6
2025.05.08	01:37:00.244	1.32917				2
2025.05.08	01:37:18.154	1.32919	1.32926			6
2025.05.08	01:37:18.774	1.32918	1.32925			6
2025.05.08	01:37:36.328	1.32919	1.32926			6
2025.05.08	01:37:46.493	1.32918	1.32925			6
2025.05.08	01:37:50.198		1.32924			4
2025.05.08	01:38:00.081	1.32918				2
2025.05.08	01:38:01.626	1.32919	1.32925			6
2025.05.08	01:38:06.871	1.32918	1.32924			6
2025.05.08	01:38:09.337	1.32919				2
2025.05.08	01:38:11.187	1.32920	1.32925			6
2025.05.08	01:38:25.363		1.32924			4
2025.05.08	01:38:44.336	1.32921				2
2025.05.08	01:39:00.210	1.32921				2
2025.05.08	01:39:10.597	1.32920	1.32923			6
2025.05.08	01:40:00.099	1.32920				2
2025.05.08	01:40:10.900		1.32923			4
2025.05.08	01:40:22.015	1.32929	1.32932			6
2025.05.08	01:40:23.259	1.32927	1.32934			6
2025.05.08	01:40:31.282		1.32930			4
2025.05.08	01:40:31.586	1.32928	1.32934			6
2025.05.08	01:40:31.895	1.32927	1.32930			6
2025.05.08	01:40:32.203	1.32928	1.32934			6
2025.05.08	01:40:32.513	1.32927	1.32930			6
2025.05.08	01:40:33.436	1.32929	1.32934			6
2025.05.08	01:40:33.745	1.32927	1.32930			6
2025.05.08	01:40:34.052	1.32929	1.32934			6
2025.05.08	01:40:34.361	1.32927	1.32930			6
2025.05.08	01:40:34.667	1.32929	1.32934			6
2025.05.08	01:40:34.981	1.32927				2
2025.05.08	01:40:46.408	1.32925	1.32932			6
2025.05.08	01:40:46.720	1.32926				2
2025.05.08	01:40:47.642	1.32927	1.32934			6
2025.05.08	01:40:51.355	1.32922	1.32929			6
2025.05.08	01:40:59.376	1.32923	1.32930			6
2025.05.08	01:41:00.303	1.32923				2
2025.05.08	01:41:15.423	1.32925				2
2025.05.08	01:41:15.730	1.32923	1.32926			6
2025.05.08	01:41:16.047	1.32925	1.32930			6
2025.05.08	01:41:16.347	1.32923	1.32926			6
2025.05.08	01:41:16.655	1.32925	1.32930			6
2025.05.08	01:41:16.965	1.32923	1.32926			6
2025.05.08	01:41:17.585	1.32925	1.32930			6
2025.05.08	01:41:18.205	1.32923	1.32926			6
2025.05.08	01:41:18.510	1.32925	1.32930			6
2025.05.08	01:41:18.815	1.32923				2
2025.05.08	01:41:22.215		1.32929			4
2025.05.08	01:41:30.230	1.32926	1.32932			6
2025.05.08	01:41:30.540	1.32923	1.32929			6
2025.05.08	01:41:37.347	1.32924				2
2025.05.08	01:41:50.318		1.32928			4
2025.05.08	01:42:00.058	1.32924				2
2025.05.08	01:42:07.393	1.32925				2
2025.05.08	01:42:26.012	1.32926	1.32929			6
2025.05.08	01:42:29.689		1.32928			4
2025.05.08	01:42:29.993		1.32929			4
2025.05.08	01:42:30.598		1.32928			4
2025.05.08	01:42:33.625	1.32925				2
2025.05.08	01:42:34.231	1.32926	1.32929			6
2025.05.08	01:42:35.467	1.32927				2
2025.05.08	01:42:35.771	1.32926				2
2025.05.08	01:42:36.075	1.32927				2
2025.05.08	01:42:36.378	1.32926				2
2025.05.08	01:42:38.220		1.32928			4
2025.05.08	01:42:38.527	1.32925				2
2025.05.08	01:42:38.833	1.32926	1.32929			6
2025.05.08	01:42:39.136	1.32925	1.32928			6
2025.05.08	01:42:42.199	1.32927	1.32930			6
2025.05.08	01:42:42.503	1.32928	1.32931			6
2025.05.08	01:42:42.804	1.32927	1.32930			6
2025.05.08	01:42:47.987	1.32929	1.32932			6
2025.05.08	01:43:00.227	1.32929				2
2025.05.08	01:43:05.421	1.32930	1.32933			6
2025.05.08	01:43:05.730	1.32935	1.32938			6
2025.05.08	01:43:06.344	1.32933				2
2025.05.08	01:43:06.654	1.32934				2
2025.05.08	01:43:06.963	1.32932				2
2025.05.08	01:43:07.268	1.32933				2
2025.05.08	01:43:07.574	1.32932				2
2025.05.08	01:43:18.082	1.32933				2
2025.05.08	01:43:24.579	1.32931	1.32937			6
2025.05.08	01:43:27.052	1.32932	1.32938			6
2025.05.08	01:43:36.319	1.32933				2
2025.05.08	01:43:48.354	1.32934				2
2025.05.08	01:43:50.203	1.32933	1.32937			6
2025.05.08	01:44:00.087	1.32933				2
2025.05.08	01:44:05.340	1.32934				2
2025.05.08	01:44:10.537	1.32930	1.32933			6
2025.05.08	01:44:11.142	1.32929				2
2025.05.08	01:44:35.201	1.32930				2
2025.05.08	01:44:45.540	1.32929	1.32932			6
2025.05.08	01:44:46.450	1.32930	1.32933			6
2025.05.08	01:44:56.206		1.32932			4
2025.05.08	01:45:00.191	1.32930				2
2025.05.08	01:45:11.492		1.32933			4
2025.05.08	01:45:12.414		1.32932			4
2025.05.08	01:45:27.153		1.32933			4
2025.05.08	01:45:44.354	1.32935	1.32938			6
2025.05.08	01:45:45.280	1.32934				2
2025.05.08	01:45:53.909	1.32930	1.32934			6
2025.05.08	01:45:54.223	1.32929	1.32935			6
2025.05.08	01:45:55.769	1.32928	1.32933			6
2025.05.08	01:45:56.383	1.32929				2
2025.05.08	01:45:56.695		1.32932			4
2025.05.08	01:46:00.090	1.32929				2
2025.05.08	01:46:03.184	1.32930				2
2025.05.08	01:46:09.666		1.32933			4
2025.05.08	01:46:13.684		1.32932			4
2025.05.08	01:46:14.918		1.32933			4
2025.05.08	01:46:16.771	1.32929				2
2025.05.08	01:46:30.976	1.32931	1.32935			6
2025.05.08	01:46:34.692	1.32930	1.32932			6
2025.05.08	01:46:59.163		1.32933			4
2025.05.08	01:46:59.464	1.32929	1.32932			6
2025.05.08	01:47:00.084	1.32929				2
2025.05.08	01:47:01.914		1.32931			4
2025.05.08	01:47:05.332		1.32932			4
2025.05.08	01:47:38.070		1.32931			4
2025.05.08	01:47:39.613		1.32932			4
2025.05.08	01:47:40.224		1.32931			4
2025.05.08	01:47:40.537		1.32932			4
2025.05.08	01:47:41.158		1.32931			4
2025.05.08	01:47:41.776		1.32932			4
2025.05.08	01:48:00.315	1.32929				2
2025.05.08	01:48:02.476	1.32928	1.32931			6
2025.05.08	01:48:06.497	1.32929	1.32932			6
2025.05.08	01:48:11.739	1.32928	1.32931			6
2025.05.08	01:48:25.634	1.32921	1.32924			6
2025.05.08	01:48:26.258	1.32917	1.32922			6
2025.05.08	01:48:40.472	1.32915				2
2025.05.08	01:48:51.290	1.32913	1.32920			6
2025.05.08	01:48:51.599		1.32918			4
2025.05.08	01:48:53.754	1.32912				2
2025.05.08	01:48:54.685	1.32911				2
2025.05.08	01:49:00.245	1.32911				2
2025.05.08	01:49:05.183		1.32917			4
2025.05.08	01:49:19.085	1.32912	1.32918			6
2025.05.08	01:49:20.327	1.32907	1.32912			6
2025.05.08	01:49:20.629	1.32905	1.32907			6
2025.05.08	01:49:24.964	1.32902				2
2025.05.08	01:49:30.521	1.32898	1.32902			6
2025.05.08	01:49:36.700	1.32897				2
2025.05.08	01:49:37.001	1.32896				2
2025.05.08	01:49:43.507	1.32890	1.32897			6
2025.05.08	01:49:43.820	1.32889	1.32896			6
2025.05.08	01:49:45.349	1.32887	1.32888			6
2025.05.08	01:49:45.659	1.32882	1.32887			6
2025.05.08	01:49:46.280	1.32879	1.32886			6
2025.05.08	01:49:47.817	1.32876	1.32882			6
2025.05.08	01:49:48.130	1.32875				2
2025.05.08	01:49:49.046	1.32876				2
2025.05.08	01:49:50.907	1.32878				2
2025.05.08	01:49:54.928	1.32879	1.32883			6
2025.05.08	01:49:55.232	1.32878	1.32885			6
2025.05.08	01:49:55.548	1.32879	1.32886			6
2025.05.08	01:49:56.466		1.32885			4
2025.05.08	01:49:56.772	1.32878	1.32883			6
2025.05.08	01:50:00.170	1.32878				2
2025.05.08	01:50:01.098	1.32879	1.32882			6
2025.05.08	01:50:01.407		1.32883			4
2025.05.08	01:50:01.719	1.32878				2
2025.05.08	01:50:02.021	1.32879				2
2025.05.08	01:50:04.181	1.32878				2
2025.05.08	01:50:06.037	1.32879				2
2025.05.08	01:50:06.656	1.32878				2
2025.05.08	01:50:11.922	1.32882	1.32886			6
2025.05.08	01:50:12.227		1.32887			4
2025.05.08	01:50:12.540	1.32878	1.32885			6
2025.05.08	01:50:17.178	1.32879	1.32886			6
2025.05.08	01:50:18.102	1.32878	1.32885			6
2025.05.08	01:50:19.020		1.32883			4
2025.05.08	01:50:32.266	1.32876	1.32882			6
2025.05.08	01:50:32.571	1.32874	1.32877			6
2025.05.08	01:50:32.892	1.32873				2
2025.05.08	01:50:38.450	1.32871				2
2025.05.08	01:50:39.989	1.32868	1.32875			6
2025.05.08	01:50:41.536	1.32869				2
2025.05.08	01:50:41.848	1.32871	1.32877			6
2025.05.08	01:50:46.777	1.32877	1.32878			6
2025.05.08	01:50:47.084		1.32882			4
2025.05.08	01:50:49.274	1.32876				2
2025.05.08	01:50:49.580	1.32877	1.32883			6
2025.05.08	01:50:55.138	1.32873	1.32878			6
2025.05.08	01:50:58.559	1.32872				2
2025.05.08	01:51:00.098	1.32869	1.32875			6
2025.05.08	01:51:00.404	1.32871	1.32876			6
2025.05.08	01:51:00.704	1.32870				2
2025.05.08	01:51:01.315	1.32871	1.32877			6
2025.05.08	01:51:01.622	1.32872				2
2025.05.08	01:51:06.554		1.32878			4
2025.05.08	01:51:06.865	1.32871	1.32877			6
2025.05.08	01:51:07.177	1.32870				2
2025.05.08	01:51:07.797	1.32871				2
2025.05.08	01:51:11.829	1.32870				2
2025.05.08	01:51:17.074	1.32871				2
2025.05.08	01:51:17.381	1.32870				2
2025.05.08	01:51:18.002	1.32871				2
2025.05.08	01:51:21.403	1.32870				2
2025.05.08	01:51:22.029		1.32876			4
2025.05.08	01:51:22.643		1.32877			4
2025.05.08	01:51:23.260	1.32871				2
2025.05.08	01:51:23.570	1.32870				2
2025.05.08	01:51:27.595	1.32871				2
2025.05.08	01:51:28.212	1.32872				2
2025.05.08	01:51:33.467	1.32871				2
2025.05.08	01:51:33.784	1.32872				2
2025.05.08	01:51:34.089	1.32871				2
2025.05.08	01:51:35.940	1.32869	1.32875			6
2025.05.08	01:51:36.869	1.32871	1.32877			6
2025.05.08	01:51:43.064	1.32870				2
2025.05.08	01:51:43.369	1.32868	1.32873			6
2025.05.08	01:51:48.025	1.32871	1.32876			6
2025.05.08	01:51:48.333		1.32877			4
2025.05.08	01:51:49.564	1.32870				2
2025.05.08	01:51:49.877	1.32871				2
2025.05.08	01:51:52.655	1.32870				2
2025.05.08	01:51:52.963	1.32872				2
2025.05.08	01:51:53.891		1.32878			4
2025.05.08	01:52:00.089	1.32872				2
2025.05.08	01:52:16.762	1.32871	1.32877			6
2025.05.08	01:52:26.277	1.32872	1.32878			6
2025.05.08	01:52:26.583		1.32877			4
2025.05.08	01:52:31.189		1.32876			4
2025.05.08	01:52:36.087	1.32869	1.32875			6
2025.05.08	01:52:37.320		1.32874			4
2025.05.08	01:53:00.100	1.32869				2
2025.05.08	01:53:04.428	1.32872	1.32876			6
2025.05.08	01:53:19.260	1.32873				2
2025.05.08	01:53:27.827		1.32877			4
2025.05.08	01:53:37.754	1.32874				2
2025.05.08	01:53:38.061	1.32878	1.32881			6
2025.05.08	01:53:38.966	1.32874	1.32877			6
2025.05.08	01:53:39.270	1.32875				2
2025.05.08	01:53:40.189	1.32873	1.32876			6
2025.05.08	01:53:41.421	1.32872				2
2025.05.08	01:53:42.646	1.32873				2
2025.05.08	01:53:43.576	1.32872				2
2025.05.08	01:53:45.123	1.32873				2
2025.05.08	01:53:45.432	1.32872				2
2025.05.08	01:53:47.594	1.32873				2
2025.05.08	01:53:49.443	1.32869	1.32871			6
2025.05.08	01:53:49.751	1.32868				2
2025.05.08	01:53:51.599	1.32867	1.32872			6
2025.05.08	01:53:54.690	1.32866				2
2025.05.08	01:53:55.005	1.32867				2
2025.05.08	01:53:56.232		1.32871			4
2025.05.08	01:53:56.542	1.32862	1.32868			6
2025.05.08	01:53:57.162		1.32867			4
2025.05.08	01:54:00.247	1.32862				2
2025.05.08	01:54:01.787	1.32861				2
2025.05.08	01:54:03.028	1.32862				2
2025.05.08	01:54:03.951	1.32863				2
2025.05.08	01:54:04.263	1.32862				2
2025.05.08	01:54:05.187	1.32863				2
2025.05.08	01:54:07.355	1.32862				2
2025.05.08	01:54:09.214	1.32861				2
2025.05.08	01:54:11.678		1.32866			4
2025.05.08	01:54:11.995		1.32867			4
2025.05.08	01:54:15.077		1.32866			4
2025.05.08	01:54:15.382	1.32859	1.32865			6
2025.05.08	01:54:18.488		1.32864			4
2025.05.08	01:54:20.030		1.32865			4
2025.05.08	01:54:20.954	1.32861				2
2025.05.08	01:54:21.261	1.32868	1.32872			6
2025.05.08	01:54:21.574		1.32871			4
2025.05.08	01:54:22.189	1.32867				2
2025.05.08	01:54:34.234	1.32866				2
2025.05.08	01:54:36.718		1.32872			4
2025.05.08	01:54:38.891	1.32867				2
2025.05.08	01:54:49.394	1.32868				2
2025.05.08	01:54:50.307	1.32869				2
2025.05.08	01:54:55.555	1.32868				2
2025.05.08	01:54:56.806	1.32869				2
2025.05.08	01:55:00.192	1.32869				2
2025.05.08	01:55:03.299	1.32868				2
2025.05.08	01:55:03.608	1.32869				2
2025.05.08	01:55:07.945	1.32868				2
2025.05.08	01:55:08.566		1.32871			4
2025.05.08	01:55:18.450	1.32869				2
2025.05.08	01:55:18.762	1.32868				2
2025.05.08	01:55:20.306	1.32869				2
2025.05.08	01:55:28.681	1.32868				2
2025.05.08	01:55:29.308	1.32867				2
2025.05.08	01:55:32.394	1.32868				2
2025.05.08	01:55:35.142		1.32872			4
2025.05.08	01:55:35.752	1.32869				2
2025.05.08	01:55:45.825	1.32871	1.32875			6
2025.05.08	01:55:51.926	1.32870	1.32874			6
2025.05.08	01:55:56.513	1.32873	1.32877			6
2025.05.08	01:55:58.043	1.32876				2
2025.05.08	01:55:58.345		1.32878			4
2025.05.08	01:55:59.267		1.32877			4
2025.05.08	01:55:59.575	1.32875				2
2025.05.08	01:56:00.186	1.32877	1.32881			6
2025.05.08	01:56:01.105		1.32882			4
2025.05.08	01:56:02.342		1.32881			4
2025.05.08	01:56:02.648	1.32878	1.32882			6
2025.05.08	01:56:12.138	1.32877	1.32881			6
2025.05.08	01:56:13.044	1.32878				2
2025.05.08	01:56:22.948	1.32877				2
2025.05.08	01:56:23.254	1.32876	1.32880			6
2025.05.08	01:56:26.932	1.32877	1.32881			6
2025.05.08	01:56:30.005		1.32879			4
2025.05.08	01:56:31.237		1.32880			4
2025.05.08	01:56:31.542	1.32878				2
2025.05.08	01:56:35.237	1.32879				2
2025.05.08	01:56:49.918	1.32878				2
2025.05.08	01:57:00.033	1.32878				2
2025.05.08	01:57:00.637		1.32879			4
2025.05.08	01:57:12.570	1.32875	1.32876			6
2025.05.08	01:57:12.872	1.32870	1.32873			6
2025.05.08	01:57:14.096		1.32874			4
2025.05.08	01:57:30.456	1.32872	1.32875			6
2025.05.08	01:57:30.771	1.32873				2
2025.05.08	01:57:31.398	1.32872				2
2025.05.08	01:57:38.195	1.32871				2
2025.05.08	01:57:38.501	1.32872				2
2025.05.08	01:57:44.694	1.32873				2
2025.05.08	01:57:49.640	1.32869	1.32874			6
2025.05.08	01:57:53.032	1.32870	1.32875			6
2025.05.08	01:57:54.261	1.32871				2
2025.05.08	01:57:56.102		1.32876			4
2025.05.08	01:57:57.947		1.32875			4
2025.05.08	01:58:00.093	1.32871				2
2025.05.08	01:58:01.329	1.32872				2
2025.05.08	01:58:02.242	1.32871				2
2025.05.08	01:58:02.854		1.32876			4
2025.05.08	01:58:06.232	1.32868	1.32873			6
2025.05.08	01:58:06.538	1.32858	1.32861			6
2025.05.08	01:58:07.151	1.32857				2
2025.05.08	01:58:07.768	1.32858				2
2025.05.08	01:58:08.070	1.32857				2
2025.05.08	01:58:10.538	1.32858				2
2025.05.08	01:58:14.859		1.32862			4
2025.05.08	01:58:15.163	1.32859				2
2025.05.08	01:58:15.479	1.32858				2
2025.05.08	01:58:24.440	1.32857				2
2025.05.08	01:58:28.126	1.32858				2
2025.05.08	01:58:43.572	1.32857				2
2025.05.08	01:58:43.895	1.32858				2
2025.05.08	01:58:45.128	1.32857				2
2025.05.08	01:58:49.148		1.32864			4
2025.05.08	01:58:49.454	1.32858				2
2025.05.08	01:58:49.775	1.32857				2
2025.05.08	01:58:50.391	1.32858				2
2025.05.08	01:58:51.320	1.32857				2
2025.05.08	01:58:52.239	1.32859	1.32866			6
2025.05.08	01:58:52.555		1.32865			4
2025.05.08	01:58:52.863	1.32861	1.32867			6
2025.05.08	01:58:53.182		1.32868			4
2025.05.08	01:58:55.343	1.32862				2
2025.05.08	01:59:00.277	1.32862				2
2025.05.08	01:59:01.200		1.32867			4
2025.05.08	01:59:03.980	1.32863				2
2025.05.08	01:59:04.285	1.32862				2
2025.05.08	01:59:06.142	1.32859	1.32865			6
2025.05.08	01:59:07.998	1.32860				2
2025.05.08	01:59:09.548	1.32859				2
2025.05.08	01:59:12.635	1.32862	1.32867			6
2025.05.08	01:59:20.659	1.32866				2
2025.05.08	01:59:20.967	1.32867	1.32868			6
2025.05.08	01:59:22.189	1.32866				2
2025.05.08	01:59:22.807	1.32867	1.32872			6
2025.05.08	01:59:36.965	1.32872	1.32877			6
2025.05.08	01:59:38.190	1.32871				2
2025.05.08	01:59:40.340	1.32872				2
2025.05.08	01:59:40.645	1.32869	1.32875			6
2025.05.08	01:59:40.948	1.32868				2
2025.05.08	01:59:48.303		1.32872			4
2025.05.08	01:59:48.607	1.32867				2
2025.05.08	01:59:52.594	1.32868				2
2025.05.08	01:59:55.354	1.32867				2
2025.05.08	01:59:55.966	1.32868				2
2025.05.08	02:00:00.292	1.32867				2
2025.05.08	02:00:00.600	1.32868				2
2025.05.08	02:00:02.444	1.32867				2
2025.05.08	02:00:02.753	1.32868				2
2025.05.08	02:00:09.852	1.32871	1.32876			6
2025.05.08	02:00:10.157	1.32872				2
2025.05.08	02:00:11.692	1.32871				2
2025.05.08	02:00:13.240	1.32869	1.32875			6
2025.05.08	02:00:22.492	1.32868	1.32872			6
2025.05.08	02:00:27.419	1.32869				2
2025.05.08	02:00:40.362	1.32876	1.32877			6
2025.05.08	02:00:40.667	1.32877	1.32878			6
2025.05.08	02:00:40.971	1.32878	1.32882			6
2025.05.08	02:00:41.279	1.32877				2
2025.05.08	02:00:45.595	1.32878	1.32881			6
2025.05.08	02:00:46.824	1.32882	1.32886			6
2025.05.08	02:00:48.058	1.32883				2
2025.05.08	02:00:48.380	1.32882				2
2025.05.08	02:00:49.300	1.32887	1.32893			6
2025.05.08	02:00:49.610	1.32885	1.32892			6
2025.05.08	02:00:49.918	1.32884	1.32887			6
2025.05.08	02:00:53.001	1.32886	1.32891			6
2025.05.08	02:00:53.616	1.32887				2
2025.05.08	02:01:00.100	1.32887				2
2025.05.08	02:01:08.121	1.32891	1.32892			6
2025.05.08	02:01:08.432	1.32887	1.32891			6
2025.05.08	02:01:15.220		1.32892			4
2025.05.08	02:01:17.380	1.32888				2
2025.05.08	02:01:21.390		1.32891			4
2025.05.08	02:01:22.009	1.32887				2
2025.05.08	02:01:26.330	1.32888				2
2025.05.08	02:01:28.182	1.32889				2
2025.05.08	02:01:29.417	1.32893	1.32896			6
2025.05.08	02:01:32.210	1.32892				2
2025.05.08	02:01:33.132	1.32893				2
2025.05.08	02:01:37.753	1.32894				2
2025.05.08	02:01:39.916	1.32891				2
2025.05.08	02:01:40.230	1.32892				2
2025.05.08	02:01:42.700		1.32897			4
2025.05.08	02:01:48.863		1.32896			4
2025.05.08	02:01:49.172	1.32893				2
2025.05.08	02:01:55.961	1.32896	1.32899			6
2025.05.08	02:01:56.578	1.32897				2
2025.05.08	02:01:57.193	1.32898	1.32901			6
2025.05.08	02:01:58.127		1.32902			4
2025.05.08	02:01:58.431		1.32901			4
2025.05.08	02:01:59.053		1.32902			4
2025.05.08	02:02:00.286	1.32898	1.32903			6
2025.05.08	02:02:00.595		1.32902			4
2025.05.08	02:02:02.443		1.32903			4
2025.05.08	02:02:02.751	1.32899				2
2025.05.08	02:02:05.221	1.32889	1.32894			6
2025.05.08	02:02:05.525		1.32893			4
2025.05.08	02:02:07.077	1.32888	1.32892			6
2025.05.08	02:02:09.247	1.32886	1.32890			6
2025.05.08	02:02:10.165		1.32891			4
2025.05.08	02:02:11.100		1.32890			4
2025.05.08	02:02:11.405		1.32891			4
2025.05.08	02:02:14.487		1.32890			4
2025.05.08	02:02:15.103	1.32881	1.32887			6
2025.05.08	02:02:15.417	1.32882				2
2025.05.08	02:02:16.340	1.32883				2
2025.05.08	02:02:27.135	1.32882	1.32889			6
2025.05.08	02:02:29.601	1.32883	1.32887			6
2025.05.08	02:02:29.903	1.32882				2
2025.05.08	02:02:51.666	1.32886	1.32889			6
2025.05.08	02:02:55.980		1.32887			4
2025.05.08	02:02:56.288		1.32889			4
2025.05.08	02:03:00.266	1.32886				2
2025.05.08	02:03:03.645		1.32890			4
2025.05.08	02:03:03.947		1.32889			4
2025.05.08	02:03:04.553		1.32890			4
2025.05.08	02:03:06.398	1.32888	1.32893			6
2025.05.08	02:03:08.847	1.32889	1.32895			6
2025.05.08	02:03:09.151	1.32890				2
2025.05.08	02:03:09.465	1.32889	1.32894			6
2025.05.08	02:03:09.774		1.32893			4
2025.05.08	02:03:18.061		1.32892			4
2025.05.08	02:03:18.683	1.32888				2
2025.05.08	02:03:31.874	1.32889	1.32891			6
2025.05.08	02:03:45.028	1.32886	1.32888			6
2025.05.08	02:03:45.335	1.32885	1.32887			6
2025.05.08	02:03:45.646		1.32888			4
2025.05.08	02:03:45.949		1.32887			4
2025.05.08	02:03:46.253	1.32884				2
2025.05.08	02:03:48.695	1.32887	1.32890			6
2025.05.08	02:03:48.999	1.32888	1.32891			6
2025.05.08	02:03:49.304		1.32892			4
2025.05.08	02:03:50.211	1.32889				2
2025.05.08	02:03:52.050		1.32891			4
2025.05.08	02:03:53.277	1.32890	1.32893			6
2025.05.08	02:03:55.715	1.32892	1.32896			6
2025.05.08	02:03:56.941	1.32893				2
2025.05.08	02:04:00.302	1.32893	1.32897			6
2025.05.08	02:04:00.603		1.32896			4
2025.05.08	02:04:00.906		1.32897			4
2025.05.08	02:04:02.139	1.32892	1.32896			6
2025.05.08	02:04:03.691	1.32893				2
2025.05.08	02:04:06.776	1.32899	1.32902			6
2025.05.08	02:04:07.094	1.32898				2
2025.05.08	02:04:07.403	1.32897				2
2025.05.08	02:04:08.023	1.32898				2
2025.05.08	02:04:08.328		1.32904			4
2025.05.08	02:04:08.643	1.32899	1.32903			6
2025.05.08	02:04:20.967		1.32902			4
2025.05.08	02:04:21.279		1.32903			4
2025.05.08	02:04:23.121	1.32900				2
2025.05.08	02:04:25.891		1.32904			4
2025.05.08	02:04:26.191	1.32899	1.32903			6
2025.05.08	02:04:27.112	1.32900	1.32904			6
2025.05.08	02:04:28.356	1.32903	1.32907			6
2025.05.08	02:04:29.274	1.32902				2
2025.05.08	02:04:29.585	1.32903				2
2025.05.08	02:04:37.269	1.32900	1.32903			6
2025.05.08	02:04:38.811	1.32899	1.32902			6
2025.05.08	02:04:59.783	1.32898	1.32901			6
2025.05.08	02:05:00.092	1.32898				2
2025.05.08	02:05:01.329	1.32899	1.32902			6
2025.05.08	02:05:01.637	1.32900				2
2025.05.08	02:05:02.243	1.32899	1.32901			6
2025.05.08	02:05:02.553	1.32900	1.32902			6
2025.05.08	02:05:03.169	1.32899				2
2025.05.08	02:05:03.777	1.32900				2
2025.05.08	02:05:04.079	1.32899				2
2025.05.08	02:05:08.698	1.32901	1.32904			6
2025.05.08	02:05:09.304	1.32902	1.32905			6
2025.05.08	02:05:17.891	1.32900	1.32902			6
2025.05.08	02:05:19.109	1.32899				2
2025.05.08	02:05:22.788		1.32901			4
2025.05.08	02:05:24.020	1.32898				2
2025.05.08	02:05:31.397	1.32900	1.32903			6
2025.05.08	02:05:35.699		1.32902			4
2025.05.08	02:05:36.611	1.32902	1.32904			6
2025.05.08	02:05:36.916	1.32901	1.32903			6
2025.05.08	02:05:38.142	1.32900				2
2025.05.08	02:05:40.595	1.32902	1.32905			6
2025.05.08	02:05:40.904		1.32903			4
2025.05.08	02:05:41.520		1.32905			4
2025.05.08	02:05:41.828		1.32904			4
2025.05.08	02:05:42.139		1.32903			4
2025.05.08	02:05:42.451		1.32905			4
2025.05.08	02:05:42.759		1.32904			4
2025.05.08	02:05:43.378		1.32905			4
2025.05.08	02:05:43.691		1.32904			4
2025.05.08	02:05:45.528		1.32903			4
2025.05.08	02:05:46.149	1.32900	1.32901			6
2025.05.08	02:05:47.077	1.32899				2
2025.05.08	02:05:48.941		1.32900			4
2025.05.08	02:05:49.555	1.32900	1.32901			6
2025.05.08	02:05:49.856	1.32899	1.32900			6
2025.05.08	02:05:50.164	1.32900	1.32901			6
2025.05.08	02:05:50.479	1.32899	1.32900			6
2025.05.08	02:05:50.793	1.32900	1.32901			6
2025.05.08	02:05:51.100	1.32899	1.32900			6
2025.05.08	02:05:51.408	1.32900	1.32901			6
2025.05.08	02:05:51.724	1.32899	1.32900			6
2025.05.08	02:05:52.037	1.32900	1.32901			6
2025.05.08	02:05:52.964	1.32899				2
2025.05.08	02:05:53.893		1.32902			4
2025.05.08	02:05:54.807		1.32901			4
2025.05.08	02:06:00.052	1.32898				2
2025.05.08	02:06:00.671		1.32900			4
2025.05.08	02:06:04.969		1.32901			4
2025.05.08	02:06:08.966	1.32899				2
2025.05.08	02:06:09.271	1.32906	1.32909			6
2025.05.08	02:06:09.885	1.32907	1.32910			6
2025.05.08	02:06:10.203	1.32906	1.32911			6
2025.05.08	02:06:10.512	1.32907	1.32912			6
2025.05.08	02:06:10.828	1.32906	1.32911			6
2025.05.08	02:06:13.315	1.32907	1.32912			6
2025.05.08	02:06:14.242		1.32911			4
2025.05.08	02:06:16.719	1.32908	1.32912			6
2025.05.08	02:06:17.029	1.32907	1.32911			6
2025.05.08	02:06:24.445	1.32908	1.32912			6
2025.05.08	02:06:27.215	1.32909				2
2025.05.08	02:06:27.532	1.32908	1.32911			6
2025.05.08	02:06:33.696	1.32907	1.32910			6
2025.05.08	02:06:34.618	1.32902	1.32905			6
2025.05.08	02:06:34.930	1.32900	1.32903			6
2025.05.08	02:06:35.241	1.32899	1.32905			6
2025.05.08	02:06:35.551		1.32904			4
2025.05.08	02:06:35.857		1.32905			4
2025.05.08	02:06:37.097		1.32904			4
2025.05.08	02:06:44.505	1.32897	1.32903			6
2025.05.08	02:06:54.106		1.32902			4
2025.05.08	02:06:55.657	1.32898	1.32903			6
2025.05.08	02:06:55.965	1.32899	1.32904			6
2025.05.08	02:06:56.273	1.32898	1.32903			6
2025.05.08	02:07:00.301	1.32898				2
2025.05.08	02:07:05.248		1.32902			4
2025.05.08	02:07:06.485	1.32899	1.32903			6
2025.05.08	02:07:07.717	1.32898	1.32902			6
2025.05.08	02:07:08.642	1.32897	1.32901			6
2025.05.08	02:07:20.313		1.32900			4
2025.05.08	02:07:21.833	1.32892	1.32895			6
2025.05.08	02:07:22.142	1.32891	1.32894			6
2025.05.08	02:07:23.370	1.32889	1.32895			6
2025.05.08	02:07:25.194	1.32888	1.32894			6
2025.05.08	02:07:31.371		1.32893			4
2025.05.08	02:07:39.357	1.32889				2
2025.05.08	02:07:40.890	1.32888	1.32892			6
2025.05.08	02:07:42.413	1.32889	1.32893			6
2025.05.08	02:07:43.341	1.32888	1.32892			6
2025.05.08	02:07:45.175	1.32889	1.32893			6
2025.05.08	02:07:47.018	1.32888	1.32892			6
2025.05.08	02:07:48.855	1.32889	1.32893			6
2025.05.08	02:07:52.235		1.32892			4
2025.05.08	02:08:00.170	1.32889				2
2025.05.08	02:08:04.437	1.32890	1.32893			6
2025.05.08	02:08:09.325	1.32889	1.32892			6
2025.05.08	02:08:12.070	1.32888	1.32891			6
2025.05.08	02:08:22.172	1.32889	1.32892			6
2025.05.08	02:08:23.401	1.32888	1.32891			6
2025.05.08	02:08:29.810	1.32885	1.32888			6
2025.05.08	02:08:30.116	1.32884	1.32887			6
2025.05.08	02:08:30.421	1.32883	1.32886			6
2025.05.08	02:08:34.430	1.32882	1.32885			6
2025.05.08	02:08:35.053	1.32883	1.32886			6
2025.05.08	02:08:47.406	1.32885	1.32888			6
2025.05.08	02:08:48.337	1.32884	1.32887			6
2025.05.08	02:09:00.106	1.32884				2
2025.05.08	02:09:01.661	1.32885	1.32888			6
2025.05.08	02:09:03.215	1.32884	1.32887			6
2025.05.08	02:09:09.396	1.32885	1.32888			6
2025.05.08	02:09:12.171	1.32884	1.32887			6
2025.05.08	02:09:22.361	1.32887	1.32890			6
2025.05.08	02:09:22.672	1.32888	1.32891			6
2025.05.08	02:09:25.143	1.32889	1.32892			6
2025.05.08	02:09:54.045	1.32891	1.32894			6
2025.05.08	02:09:55.272	1.32890	1.32893			6
2025.05.08	02:10:00.186	1.32890				2
2025.05.08	02:10:16.056	1.32889	1.32892			6
2025.05.08	02:10:16.359	1.32888	1.32891			6
2025.05.08	02:10:16.989	1.32889	1.32892			6
2025.05.08	02:10:17.919	1.32888	1.32891			6
2025.05.08	02:10:18.531	1.32889	1.32892			6
2025.05.08	02:10:21.010	1.32888	1.32891			6
2025.05.08	02:10:21.627	1.32889	1.32892			6
2025.05.08	02:10:22.859	1.32888	1.32891			6
2025.05.08	02:10:23.473	1.32889	1.32892			6
2025.05.08	02:10:24.710	1.32888	1.32891			6
2025.05.08	02:10:25.020	1.32889	1.32892			6
2025.05.08	02:10:33.956	1.32888	1.32891			6
2025.05.08	02:10:45.657	1.32889	1.32892			6
2025.05.08	02:10:46.590	1.32888	1.32891			6
2025.05.08	02:10:49.992	1.32889	1.32892			6
2025.05.08	02:10:50.921	1.32898	1.32901			6
2025.05.08	02:10:51.849	1.32899	1.32902			6
2025.05.08	02:10:52.163	1.32898	1.32904			6
2025.05.08	02:11:00.221	1.32898				2
2025.05.08	02:11:00.523		1.32903			4
2025.05.08	02:11:00.834	1.32907	1.32911			6
2025.05.08	02:11:01.139		1.32912			4
2025.05.08	02:11:02.690	1.32903	1.32909			6
2025.05.08	02:11:02.994	1.32902	1.32908			6
2025.05.08	02:11:03.310	1.32901				2
2025.05.08	02:11:03.610	1.32906	1.32911			6
2025.05.08	02:11:03.917		1.32912			4
2025.05.08	02:11:05.783		1.32913			4
2025.05.08	02:11:07.025		1.32912			4
2025.05.08	02:11:10.730	1.32907	1.32913			6
2025.05.08	02:11:16.301		1.32914			4
2025.05.08	02:11:20.941	1.32908	1.32915			6
2025.05.08	02:11:26.201	1.32907	1.32914			6
2025.05.08	02:11:27.441	1.32906	1.32913			6
2025.05.08	02:11:28.368	1.32907				2
2025.05.08	02:11:31.459	1.32906				2
2025.05.08	02:11:36.397	1.32907				2
2025.05.08	02:11:37.327	1.32906				2
2025.05.08	02:11:39.184		1.32912			4
2025.05.08	02:11:39.493	1.32902	1.32909			6
2025.05.08	02:11:39.808	1.32901	1.32908			6
2025.05.08	02:11:41.358	1.32900	1.32907			6
2025.05.08	02:11:41.975	1.32901	1.32908			6
2025.05.08	02:11:43.513	1.32900	1.32907			6
2025.05.08	02:11:45.367	1.32901	1.32908			6
2025.05.08	02:11:46.289	1.32900	1.32907			6
2025.05.08	02:11:51.544	1.32901	1.32908			6
2025.05.08	02:11:52.160	1.32900	1.32907			6
2025.05.08	02:11:55.250	1.32901	1.32908			6
2025.05.08	02:11:58.315	1.32900	1.32907			6
2025.05.08	02:12:00.167	1.32900				2
2025.05.08	02:12:04.169	1.32899	1.32905			6
2025.05.08	02:12:04.473	1.32901	1.32907			6
2025.05.08	02:12:06.328	1.32907	1.32914			6
2025.05.08	02:12:11.880	1.32906	1.32913			6
2025.05.08	02:12:14.327	1.32907				2
2025.05.08	02:12:20.185		1.32914			4
2025.05.08	02:12:32.224		1.32913			4
2025.05.08	02:12:36.246		1.32912			4
2025.05.08	02:12:40.275		1.32913			4
2025.05.08	02:12:50.197	1.32908				2
2025.05.08	02:12:55.453	1.32907	1.32912			6
2025.05.08	02:13:00.088	1.32907	1.32911			6
2025.05.08	02:13:00.398	1.32906				2
2025.05.08	02:13:03.186	1.32907				2
2025.05.08	02:13:14.817	1.32908	1.32912			6
2025.05.08	02:13:19.391	1.32909				2
2025.05.08	02:13:34.984	1.32908	1.32911			6
2025.05.08	02:14:00.288	1.32908				2
2025.05.08	02:14:19.574	1.32910	1.32913			6
2025.05.08	02:14:22.325	1.32909	1.32912			6
2025.05.08	02:14:22.936	1.32908	1.32911			6
2025.05.08	02:14:28.436	1.32909	1.32912			6
2025.05.08	02:14:29.355	1.32910	1.32913			6
2025.05.08	02:14:29.969	1.32919	1.32922			6
2025.05.08	02:14:31.188	1.32917	1.32924			6
2025.05.08	02:14:41.072	1.32910	1.32916			6
2025.05.08	02:14:41.380	1.32909	1.32914			6
2025.05.08	02:14:42.309	1.32911	1.32916			6
2025.05.08	02:14:42.618	1.32912	1.32918			6
2025.05.08	02:14:44.788	1.32911				2
2025.05.08	02:15:00.194	1.32911				2
2025.05.08	02:15:04.523	1.32917	1.32924			6
2025.05.08	02:15:05.769		1.32923			4
2025.05.08	02:15:18.429	1.32913	1.32920			6
2025.05.08	02:15:18.739	1.32916	1.32922			6
2025.05.08	02:15:19.356	1.32917	1.32924			6
2025.05.08	02:15:39.123		1.32923			4
2025.05.08	02:15:52.366	1.32918				2
2025.05.08	02:16:00.032	1.32918				2
2025.05.08	02:16:02.175		1.32922			4
2025.05.08	02:16:04.307	1.32921	1.32925			6
2025.05.08	02:16:05.845	1.32920				2
2025.05.08	02:16:06.458	1.32921	1.32926			6
2025.05.08	02:16:07.384	1.32920	1.32925			6
2025.05.08	02:16:11.375	1.32921				2
2025.05.08	02:16:13.837	1.32920	1.32924			6
2025.05.08	02:16:26.100	1.32921				2
2025.05.08	02:16:35.274	1.32920	1.32923			6
2025.05.08	02:16:36.488	1.32919	1.32922			6
2025.05.08	02:16:48.705	1.32920	1.32923			6
2025.05.08	02:16:52.687	1.32919	1.32922			6
2025.05.08	02:16:58.797		1.32921			4
2025.05.08	02:16:59.101	1.32916	1.32919			6
2025.05.08	02:17:00.018	1.32916				2
2025.05.08	02:17:03.394	1.32919	1.32922			6
2025.05.08	02:17:05.527	1.32917	1.32920			6
2025.05.08	02:17:05.831	1.32913	1.32916			6
2025.05.08	02:17:07.363	1.32912	1.32918			6
2025.05.08	02:17:07.980	1.32913				2
2025.05.08	02:17:09.519		1.32919			4
2025.05.08	02:17:10.449	1.32914	1.32920			6
2025.05.08	02:17:12.297		1.32919			4
2025.05.08	02:17:16.615	1.32913	1.32918			6
2025.05.08	02:17:17.542	1.32914	1.32919			6
2025.05.08	02:17:24.940	1.32913	1.32918			6
2025.05.08	02:17:25.249		1.32917			4
2025.05.08	02:17:26.166		1.32918			4
2025.05.08	02:17:27.388		1.32917			4
2025.05.08	02:17:40.294	1.32914				2
2025.05.08	02:18:00.200	1.32914				2
2025.05.08	02:18:03.255	1.32920	1.32922			6
2025.05.08	02:18:03.562	1.32923	1.32926			6
2025.05.08	02:18:03.869	1.32924	1.32927			6
2025.05.08	02:18:05.393	1.32922	1.32929			6
2025.05.08	02:18:06.314	1.32923				2
2025.05.08	02:18:06.623	1.32924	1.32930			6
2025.05.08	02:18:06.937	1.32927	1.32933			6
2025.05.08	02:18:08.167		1.32934			4
2025.05.08	02:18:21.123	1.32928				2
2025.05.08	02:18:22.048	1.32927	1.32933			6
2025.05.08	02:18:32.218		1.32932			4
2025.05.08	02:18:35.303	1.32923	1.32928			6
2025.05.08	02:18:36.228		1.32929			4
2025.05.08	02:18:37.151		1.32928			4
2025.05.08	02:18:37.771		1.32929			4
2025.05.08	02:18:42.394		1.32928			4
2025.05.08	02:18:45.181		1.32929			4
2025.05.08	02:18:49.199		1.32928			4
2025.05.08	02:18:50.739	1.32927	1.32932			6
2025.05.08	02:18:51.969	1.32926	1.32931			6
2025.05.08	02:18:52.284		1.32932			4
2025.05.08	02:18:55.063		1.32931			4
2025.05.08	02:18:55.372		1.32932			4
2025.05.08	02:19:00.303	1.32926	1.32931			6
2025.05.08	02:19:01.848	1.32927				2
2025.05.08	02:19:19.008	1.32928				2
2025.05.08	02:19:19.321		1.32930			4
2025.05.08	02:19:23.280		1.32931			4
2025.05.08	02:19:30.001	1.32927	1.32930			6
2025.05.08	02:19:31.225	1.32928	1.32931			6
2025.05.08	02:19:33.360	1.32929	1.32932			6
2025.05.08	02:19:34.879	1.32930	1.32933			6
2025.05.08	02:19:37.325	1.32929	1.32932			6
2025.05.08	02:19:38.538		1.32931			4
2025.05.08	02:19:49.828		1.32932			4
2025.05.08	02:19:50.737		1.32931			4
2025.05.08	02:19:52.564		1.32932			4
2025.05.08	02:19:53.486		1.32931			4
2025.05.08	02:19:54.698		1.32932			4
2025.05.08	02:19:57.440		1.32931			4
2025.05.08	02:20:00.198	1.32929				2
2025.05.08	02:20:13.325	1.32924	1.32927			6
2025.05.08	02:20:13.625	1.32920	1.32923			6
2025.05.08	02:20:14.236		1.32925			4
2025.05.08	02:20:15.471		1.32924			4
2025.05.08	02:20:17.942	1.32919				2
2025.05.08	02:20:21.630		1.32925			4
2025.05.08	02:20:22.552		1.32924			4
2025.05.08	02:20:23.782	1.32912	1.32918			6
2025.05.08	02:20:24.098		1.32919			4
2025.05.08	02:20:25.331		1.32918			4
2025.05.08	02:20:28.408		1.32919			4
2025.05.08	02:20:29.027	1.32918	1.32923			6
2025.05.08	02:20:29.949		1.32922			4
2025.05.08	02:20:36.730	1.32910	1.32916			6
2025.05.08	02:20:37.351		1.32915			4
2025.05.08	02:20:38.277	1.32912	1.32916			6
2025.05.08	02:20:38.598		1.32917			4
2025.05.08	02:20:39.517		1.32918			4
2025.05.08	02:20:48.464		1.32917			4
2025.05.08	02:20:49.395		1.32918			4
2025.05.08	02:20:54.645	1.32909	1.32915			6
2025.05.08	02:20:54.953	1.32912	1.32918			6
2025.05.08	02:20:55.571	1.32914	1.32919			6
2025.05.08	02:20:56.195		1.32920			4
2025.05.08	02:20:56.500	1.32915				2
2025.05.08	02:20:56.817	1.32914				2
2025.05.08	02:20:58.360	1.32917	1.32923			6
2025.05.08	02:21:00.216	1.32917				2
2025.05.08	02:21:00.521	1.32919	1.32925			6
2025.05.08	02:21:00.829	1.32918				2
2025.05.08	02:21:11.020	1.32920	1.32926			6
2025.05.08	02:21:12.252	1.32919	1.32925			6
2025.05.08	02:21:14.095	1.32918				2
2025.05.08	02:21:16.555		1.32924			4
2025.05.08	02:21:21.757		1.32925			4
2025.05.08	02:21:22.367		1.32924			4
2025.05.08	02:21:39.248		1.32923			4
2025.05.08	02:21:40.475	1.32917				2
2025.05.08	02:21:50.345		1.32922			4
2025.05.08	02:21:51.579	1.32918				2
2025.05.08	02:21:52.196	1.32917				2
2025.05.08	02:21:55.660	1.32918				2
2025.05.08	02:22:00.259	1.32918				2
2025.05.08	02:22:01.177	1.32914	1.32918			6
2025.05.08	02:22:02.098	1.32913				2
2025.05.08	02:22:02.413		1.32919			4
2025.05.08	02:22:02.730		1.32918			4
2025.05.08	02:22:03.035		1.32919			4
2025.05.08	02:22:04.270		1.32918			4
2025.05.08	02:22:07.658	1.32910	1.32915			6
2025.05.08	02:22:07.961	1.32908	1.32914			6
2025.05.08	02:22:08.268		1.32913			4
2025.05.08	02:22:12.285	1.32912	1.32918			6
2025.05.08	02:22:12.587	1.32911	1.32917			6
2025.05.08	02:22:12.902	1.32912	1.32918			6
2025.05.08	02:22:13.211		1.32919			4
2025.05.08	02:22:14.452	1.32911	1.32918			6
2025.05.08	02:22:15.070	1.32912	1.32919			6
2025.05.08	02:22:15.375	1.32911	1.32918			6
2025.05.08	02:22:18.784		1.32917			4
2025.05.08	02:22:19.102		1.32918			4
2025.05.08	02:22:20.344		1.32917			4
2025.05.08	02:22:21.577	1.32909	1.32915			6
2025.05.08	02:22:21.888	1.32908	1.32914			6
2025.05.08	02:22:22.820	1.32907	1.32913			6
2025.05.08	02:22:24.985	1.32908				2
2025.05.08	02:22:25.293		1.32912			4
2025.05.08	02:22:26.523		1.32913			4
2025.05.08	02:22:32.974		1.32912			4
2025.05.08	02:22:47.715	1.32903	1.32907			6
2025.05.08	02:22:48.323		1.32908			4
2025.05.08	02:22:50.491	1.32902	1.32907			6
2025.05.08	02:22:52.343	1.32904	1.32909			6
2025.05.08	02:22:53.582	1.32903	1.32908			6
2025.05.08	02:22:55.128	1.32904				2
2025.05.08	02:22:55.433	1.32908	1.32912			6
2025.05.08	02:22:55.736	1.32907	1.32911			6
2025.05.08	02:22:56.349	1.32906	1.32912			6
2025.05.08	02:22:56.963	1.32907	1.32913			6
2025.05.08	02:22:57.885	1.32906	1.32912			6
2025.05.08	02:22:59.131	1.32907				2
2025.05.08	02:23:00.051	1.32906	1.32911			6
2025.05.08	02:23:01.297	1.32907	1.32912			6
2025.05.08	02:23:04.698	1.32908				2
2025.05.08	02:23:09.634	1.32907	1.32911			6
2025.05.08	02:23:11.774	1.32908	1.32912			6
2025.05.08	02:23:12.392		1.32911			4
2025.05.08	02:23:12.699		1.32912			4
2025.05.08	02:23:18.186		1.32911			4
2025.05.08	02:23:21.864	1.32909	1.32912			6
2025.05.08	02:23:23.704	1.32908	1.32911			6
2025.05.08	02:23:33.160		1.32910			4
2025.05.08	02:23:34.071		1.32911			4
2025.05.08	02:23:39.596	1.32909	1.32912			6
2025.05.08	02:23:40.210	1.32910	1.32913			6
2025.05.08	02:23:41.437	1.32909	1.32912			6
2025.05.08	02:23:43.588	1.32910	1.32913			6
2025.05.08	02:24:00.129	1.32910				2
2025.05.08	02:24:20.021	1.32909	1.32911			6
2025.05.08	02:24:50.077		1.32910			4
2025.05.08	02:24:50.699		1.32911			4
2025.05.08	02:24:52.550		1.32912			4
2025.05.08	02:24:53.470		1.32911			4
2025.05.08	02:24:54.389		1.32910			4
2025.05.08	02:24:58.682		1.32911			4
2025.05.08	02:24:58.990		1.32912			4
2025.05.08	02:25:00.227	1.32909				2
2025.05.08	02:25:01.158	1.32910	1.32913			6
2025.05.08	02:25:04.246	1.32909	1.32912			6
2025.05.08	02:25:06.716	1.32910	1.32913			6
2025.05.08	02:25:39.285	1.32911	1.32914			6
2025.05.08	02:25:45.171	1.32910	1.32913			6
2025.05.08	02:25:45.475	1.32911	1.32914			6
2025.05.08	02:25:45.789	1.32910	1.32913			6
2025.05.08	02:25:46.096	1.32911	1.32914			6
2025.05.08	02:25:47.336	1.32910	1.32913			6
2025.05.08	02:25:47.647	1.32911	1.32914			6
2025.05.08	02:25:49.799	1.32910	1.32913			6
2025.05.08	02:25:50.119	1.32911	1.32914			6
2025.05.08	02:25:55.982	1.32910	1.32913			6
2025.05.08	02:25:56.287	1.32911	1.32914			6
2025.05.08	02:25:56.906	1.32910	1.32913			6
2025.05.08	02:26:00.305	1.32910				2
2025.05.08	02:26:25.958	1.32909	1.32912			6
2025.05.08	02:26:36.420	1.32910	1.32913			6
2025.05.08	02:26:39.497	1.32911	1.32914			6
2025.05.08	02:26:49.004	1.32910	1.32913			6
2025.05.08	02:26:52.376	1.32911	1.32914			6
2025.05.08	02:26:52.690	1.32914	1.32917			6
2025.05.08	02:26:52.997	1.32915	1.32918			6
2025.05.08	02:26:53.306	1.32917	1.32920			6
2025.05.08	02:26:53.611	1.32918	1.32921			6
2025.05.08	02:26:54.228		1.32922			4
2025.05.08	02:26:55.152	1.32919				2
2025.05.08	02:26:58.217	1.32918	1.32921			6
2025.05.08	02:27:00.067	1.32918				2
2025.05.08	02:27:48.329	1.32919	1.32922			6
2025.05.08	02:28:00.021	1.32919				2
2025.05.08	02:28:03.409	1.32915	1.32918			6
2025.05.08	02:28:03.718	1.32914	1.32917			6
2025.05.08	02:28:04.334	1.32913				2
2025.05.08	02:28:04.644	1.32914	1.32918			6
2025.05.08	02:28:04.945	1.32917	1.32921			6
2025.05.08	02:28:05.251	1.32916				2
2025.05.08	02:28:05.559	1.32917	1.32922			6
2025.05.08	02:28:07.718	1.32911	1.32916			6
2025.05.08	02:28:08.327	1.32909				2
2025.05.08	02:28:09.259		1.32915			4
2025.05.08	02:28:10.192	1.32907	1.32914			6
2025.05.08	02:28:23.142	1.32908				2
2025.05.08	02:28:32.688	1.32907	1.32913			6
2025.05.08	02:28:47.217		1.32912			4
2025.05.08	02:28:56.486	1.32908	1.32913			6
2025.05.08	02:28:57.103	1.32909	1.32914			6
2025.05.08	02:28:58.341	1.32907	1.32912			6
2025.05.08	02:29:00.198	1.32906	1.32911			6
2025.05.08	02:29:07.615	1.32907	1.32912			6
2025.05.08	02:29:17.185	1.32908				2
2025.05.08	02:29:41.902	1.32909	1.32913			6
2025.05.08	02:29:46.236		1.32912			4
2025.05.08	02:29:51.125	1.32910	1.32913			6
2025.05.08	02:29:56.644	1.32909	1.32912			6
2025.05.08	02:29:56.959	1.32910	1.32913			6
2025.05.08	02:30:00.017	1.32910				2
2025.05.08	02:30:11.010	1.32911	1.32914			6
2025.05.08	02:30:21.405	1.32912				2
2025.05.08	02:30:22.316	1.32911				2
2025.05.08	02:30:22.618	1.32912				2
2025.05.08	02:30:22.923	1.32911				2
2025.05.08	02:30:23.238	1.32912				2
2025.05.08	02:30:24.151	1.32911				2
2025.05.08	02:30:25.986	1.32910	1.32913			6
2025.05.08	02:30:26.599	1.32911	1.32914			6
2025.05.08	02:30:26.904	1.32910	1.32913			6
2025.05.08	02:30:33.063	1.32913	1.32916			6
2025.05.08	02:30:33.681	1.32914	1.32917			6
2025.05.08	02:30:34.929	1.32915	1.32918			6
2025.05.08	02:30:35.230	1.32918	1.32922			6
2025.05.08	02:30:35.539	1.32917	1.32921			6
2025.05.08	02:30:37.388	1.32918	1.32922			6
2025.05.08	02:30:38.318	1.32917	1.32921			6
2025.05.08	02:30:40.770	1.32921	1.32925			6
2025.05.08	02:30:41.392	1.32918	1.32922			6
2025.05.08	02:30:42.329		1.32923			4
2025.05.08	02:30:44.171	1.32919	1.32924			6
2025.05.08	02:30:45.087	1.32920	1.32925			6
2025.05.08	02:30:57.759	1.32921	1.32926			6
2025.05.08	02:30:58.072	1.32920	1.32925			6
2025.05.08	02:30:59.310		1.32924			4
2025.05.08	02:31:00.234	1.32920				2
2025.05.08	02:31:03.938	1.32921	1.32925			6
2025.05.08	02:31:07.654		1.32924			4
2025.05.08	02:31:07.967	1.32924	1.32925			6
2025.05.08	02:31:08.269	1.32921	1.32924			6
2025.05.08	02:31:08.581	1.32924	1.32925			6
2025.05.08	02:31:08.889	1.32921	1.32924			6
2025.05.08	02:31:09.198	1.32923	1.32925			6
2025.05.08	02:31:09.509	1.32921	1.32924			6
2025.05.08	02:31:09.823	1.32922				2
2025.05.08	02:31:10.129	1.32920	1.32922			6
2025.05.08	02:31:10.446	1.32922	1.32924			6
2025.05.08	02:31:10.752	1.32921				2
2025.05.08	02:31:11.064	1.32923				2
2025.05.08	02:31:11.371	1.32920				2
2025.05.08	02:31:14.460	1.32921	1.32925			6
2025.05.08	02:31:15.382	1.32920	1.32924			6
2025.05.08	02:31:17.214	1.32921	1.32925			6
2025.05.08	02:31:17.526	1.32920	1.32924			6
2025.05.08	02:31:18.443	1.32921	1.32925			6
2025.05.08	02:31:20.584	1.32920	1.32924			6
2025.05.08	02:31:21.199	1.32921	1.32925			6
2025.05.08	02:31:22.125	1.32928	1.32932			6
2025.05.08	02:31:23.357		1.32933			4
2025.05.08	02:31:24.899	1.32927				2
2025.05.08	02:31:32.296		1.32934			4
2025.05.08	02:31:42.173	1.32928				2
2025.05.08	02:31:48.925	1.32929				2
2025.05.08	02:32:00.028	1.32929				2
2025.05.08	02:32:03.439	1.32930				2
2025.05.08	02:32:06.522	1.32929				2
2025.05.08	02:32:08.062	1.32930	1.32936			6
2025.05.08	02:32:08.993		1.32935			4
2025.05.08	02:32:10.231		1.32936			4
2025.05.08	02:32:12.389	1.32931				2
2025.05.08	02:32:13.316	1.32930	1.32935			6
2025.05.08	02:32:14.551	1.32931	1.32936			6
2025.05.08	02:32:16.086	1.32930	1.32935			6
2025.05.08	02:32:19.812	1.32929	1.32934			6
2025.05.08	02:32:32.141	1.32930				2
2025.05.08	02:32:57.228	1.32931				2
2025.05.08	02:33:00.279	1.32930	1.32933			6
2025.05.08	02:33:01.202	1.32931	1.32934			6
2025.05.08	02:33:01.807	1.32930	1.32933			6
2025.05.08	02:33:23.214	1.32931	1.32934			6
2025.05.08	02:33:24.448	1.32930	1.32933			6
2025.05.08	02:33:26.590	1.32935	1.32938			6
2025.05.08	02:33:26.894	1.32934	1.32937			6
2025.05.08	02:33:27.204		1.32939			4
2025.05.08	02:33:33.338	1.32935				2
