<DATE>	<TIME>	<BID>	<ASK>	<LAST>	<VOLUME>	<FLAGS>
2025.06.23	00:03:30.845	1.33974	1.34105			6
2025.06.23	00:04:01.195	1.33974				2
2025.06.23	00:04:41.804		1.34105			4
2025.06.23	00:04:50.294	1.33969				2
2025.06.23	00:05:01.200	1.33969				2
2025.06.23	00:05:45.295	1.33974	1.34105			6
2025.06.23	00:06:01.762	1.33974				2
2025.06.23	00:06:36.886	1.33990	1.34092			6
2025.06.23	00:06:40.396	1.33974	1.34105			6
2025.06.23	00:07:01.801	1.33974				2
2025.06.23	00:07:15.211		1.34109			4
2025.06.23	00:07:23.404		1.34113			4
2025.06.23	00:07:24.240		1.34109			4
2025.06.23	00:07:25.224		1.34113			4
2025.06.23	00:07:30.200		1.34109			4
2025.06.23	00:07:31.655		1.34113			4
2025.06.23	00:07:33.204		1.34109			4
2025.06.23	00:07:35.396		1.34121			4
2025.06.23	00:07:48.583	1.33972	1.34083			6
2025.06.23	00:07:51.650		1.34088			4
2025.06.23	00:08:01.801	1.33972				2
2025.06.23	00:08:11.806	1.33973				2
2025.06.23	00:08:30.409		1.34083			4
2025.06.23	00:09:02.245	1.33973				2
2025.06.23	00:09:08.141	1.33970				2
2025.06.23	00:09:12.236	1.33976				2
2025.06.23	00:09:13.142	1.33974				2
2025.06.23	00:09:14.141	1.33976				2
2025.06.23	00:09:15.141	1.33974				2
2025.06.23	00:09:17.107	1.33976				2
2025.06.23	00:09:25.408		1.34088			4
2025.06.23	00:09:28.581	1.33977				2
2025.06.23	00:10:00.416	1.33977	1.34087			6
2025.06.23	00:10:09.764		1.34086			4
2025.06.23	00:10:34.068		1.34085			4
2025.06.23	00:10:42.804	1.34000				2
2025.06.23	00:10:56.817		1.34080			4
2025.06.23	00:10:59.565		1.34088			4
2025.06.23	00:11:02.565	1.34000				2
2025.06.23	00:11:03.602	1.34029	1.34094			6
2025.06.23	00:12:01.063	1.34029				2
2025.06.23	00:12:04.964		1.34094			4
2025.06.23	00:12:31.023	1.34044	1.34116			6
2025.06.23	00:12:31.713	1.34071	1.34140			6
2025.06.23	00:12:33.303		1.34138			4
2025.06.23	00:12:34.066		1.34136			4
2025.06.23	00:12:34.961	1.34044	1.34117			6
2025.06.23	00:13:01.365	1.34019	1.34079			6
2025.06.23	00:13:02.109		1.34074			4
2025.06.23	00:13:03.167		1.34073			4
2025.06.23	00:13:04.302		1.34072			4
2025.06.23	00:13:08.263	1.33994	1.34069			6
2025.06.23	00:13:12.872	1.33969	1.34035			6
2025.06.23	00:13:18.983	1.34004	1.34116			6
2025.06.23	00:13:22.364	1.34008				2
2025.06.23	00:13:34.377	1.34019	1.34117			6
2025.06.23	00:13:38.301	1.34004	1.34114			6
2025.06.23	00:14:00.465	1.34004	1.34113			6
2025.06.23	00:14:02.865		1.34114			4
2025.06.23	00:14:08.268		1.34113			4
2025.06.23	00:14:17.266		1.34114			4
2025.06.23	00:14:23.864		1.34113			4
2025.06.23	00:14:58.189		1.34108			4
2025.06.23	00:15:00.455	1.34008	1.34115			6
2025.06.23	00:15:00.797	1.34004	1.34105			6
2025.06.23	00:15:01.133	1.33992				2
2025.06.23	00:15:01.441	1.34004				2
2025.06.23	00:15:10.764	1.33992				2
2025.06.23	00:15:11.436		1.34103			4
2025.06.23	00:15:19.470		1.34117			4
2025.06.23	00:15:39.327	1.34047	1.34121			6
2025.06.23	00:15:46.226	1.34035				2
2025.06.23	00:15:51.719	1.34045				2
2025.06.23	00:15:52.150	1.34041				2
2025.06.23	00:15:52.599	1.34045				2
2025.06.23	00:15:55.364	1.34038				2
2025.06.23	00:15:55.695	1.34041				2
2025.06.23	00:15:56.072	1.34038				2
2025.06.23	00:15:58.967	1.34041				2
2025.06.23	00:15:59.978	1.34030	1.34120			6
2025.06.23	00:16:01.966	1.34030				2
2025.06.23	00:16:21.465	1.34039	1.34121			6
2025.06.23	00:16:26.555	1.34030	1.34120			6
2025.06.23	00:16:28.591	1.34039	1.34121			6
2025.06.23	00:16:29.615	1.34043				2
2025.06.23	00:16:32.878	1.34035				2
2025.06.23	00:16:38.910	1.34041				2
2025.06.23	00:16:39.612	1.34035				2
2025.06.23	00:16:40.909	1.34041				2
2025.06.23	00:16:42.611	1.34043				2
2025.06.23	00:17:00.347	1.34039				2
2025.06.23	00:17:00.961	1.34043	1.34166			6
2025.06.23	00:17:04.524		1.34146			4
2025.06.23	00:17:18.910	1.34040				2
2025.06.23	00:17:20.910	1.34037				2
2025.06.23	00:17:38.909	1.34040				2
2025.06.23	00:17:43.910	1.34043				2
2025.06.23	00:18:00.966	1.34043				2
2025.06.23	00:18:04.228	1.34040				2
2025.06.23	00:18:06.767		1.34146			4
2025.06.23	00:18:17.092	1.34037				2
2025.06.23	00:18:35.179	1.34033				2
2025.06.23	00:19:00.460	1.34033				2
2025.06.23	00:19:07.361		1.34146			4
2025.06.23	00:20:02.264	1.34033				2
2025.06.23	00:20:07.664		1.34146			4
2025.06.23	00:20:28.065		1.34145			4
2025.06.23	00:20:32.246		1.34146			4
2025.06.23	00:20:49.176		1.34149			4
2025.06.23	00:21:00.961	1.34032				2
2025.06.23	00:21:05.758		1.34146			4
2025.06.23	00:21:40.726		1.34145			4
2025.06.23	00:21:42.248		1.34146			4
2025.06.23	00:21:59.537		1.34145			4
2025.06.23	00:22:00.757	1.34033				2
2025.06.23	00:22:19.963		1.34144			4
2025.06.23	00:22:40.790		1.34143			4
2025.06.23	00:22:41.803		1.34144			4
2025.06.23	00:22:54.028		1.34146			4
2025.06.23	00:23:00.973	1.34033				2
2025.06.23	00:23:23.237		1.34145			4
2025.06.23	00:23:31.801		1.34146			4
2025.06.23	00:24:06.167	1.34033				2
2025.06.23	00:24:31.801		1.34146			4
2025.06.23	00:25:00.422	1.34033				2
2025.06.23	00:25:23.768		1.34145			4
2025.06.23	00:25:31.800		1.34146			4
2025.06.23	00:26:01.666	1.34033				2
2025.06.23	00:26:13.424		1.34145			4
2025.06.23	00:26:19.793		1.34146			4
2025.06.23	00:26:40.657		1.34144			4
2025.06.23	00:26:42.244		1.34146			4
2025.06.23	00:26:50.864		1.34145			4
2025.06.23	00:27:01.366	1.34033				2
2025.06.23	00:27:22.699		1.34143			4
2025.06.23	00:27:29.795		1.34145			4
2025.06.23	00:27:50.730		1.34144			4
2025.06.23	00:27:51.808		1.34145			4
2025.06.23	00:28:00.464	1.34033				2
2025.06.23	00:28:33.164		1.34143			4
2025.06.23	00:28:41.799		1.34145			4
2025.06.23	00:29:01.800	1.34033				2
2025.06.23	00:29:22.832		1.34143			4
2025.06.23	00:29:31.800		1.34145			4
2025.06.23	00:29:52.864		1.34143			4
2025.06.23	00:29:59.795		1.34145			4
2025.06.23	00:30:00.374	1.34033	1.34144			6
2025.06.23	00:30:38.532	1.34037	1.34146			6
2025.06.23	00:30:41.463	1.34033				2
2025.06.23	00:30:47.266		1.34144			4
2025.06.23	00:31:01.065	1.34033	1.34143			6
2025.06.23	00:31:27.462		1.34144			4
2025.06.23	00:31:28.463		1.34145			4
2025.06.23	00:31:29.460	1.34037	1.34146			6
2025.06.23	00:31:30.460	1.34033				2
2025.06.23	00:31:35.462		1.34143			4
2025.06.23	00:31:38.621		1.34144			4
2025.06.23	00:31:41.621		1.34143			4
2025.06.23	00:31:42.620		1.34144			4
2025.06.23	00:31:47.620		1.34143			4
2025.06.23	00:31:55.462		1.34144			4
2025.06.23	00:31:58.463		1.34143			4
2025.06.23	00:32:00.165	1.34033				2
2025.06.23	00:32:39.009	1.34032				2
2025.06.23	00:32:55.716		1.34146			4
2025.06.23	00:32:56.220		1.34143			4
2025.06.23	00:32:56.973		1.34141			4
2025.06.23	00:32:57.765		1.34140			4
2025.06.23	00:32:58.364		1.34141			4
2025.06.23	00:32:59.849		1.34142			4
2025.06.23	00:33:00.473	1.34032	1.34146			6
2025.06.23	00:34:00.465	1.34032				2
2025.06.23	00:34:04.964		1.34146			4
2025.06.23	00:34:45.691	1.33992	1.34145			6
2025.06.23	00:34:49.363	1.33991				2
2025.06.23	00:34:49.869	1.33978	1.34170			6
2025.06.23	00:34:52.024	1.33991	1.34145			6
2025.06.23	00:35:00.449	1.33992				2
2025.06.23	00:35:04.801	1.33993				2
2025.06.23	00:35:52.065		1.34145			4
2025.06.23	00:36:02.192	1.33993				2
2025.06.23	00:36:06.546	1.33992				2
2025.06.23	00:36:08.866	1.33991				2
2025.06.23	00:36:13.012	1.33993				2
2025.06.23	00:36:21.464	1.33994				2
2025.06.23	00:36:54.769		1.34145			4
2025.06.23	00:37:02.244	1.33994				2
2025.06.23	00:37:56.866		1.34145			4
2025.06.23	00:38:00.443	1.33993				2
2025.06.23	00:39:01.368	1.33992	1.34145			6
2025.06.23	00:40:00.464	1.33993				2
2025.06.23	00:40:09.765		1.34145			4
2025.06.23	00:40:17.868	1.33992				2
2025.06.23	00:40:28.365	1.33993				2
2025.06.23	00:41:00.440	1.33994				2
2025.06.23	00:41:10.702		1.34145			4
2025.06.23	00:41:39.165	1.33995				2
2025.06.23	00:41:56.320	1.33993				2
2025.06.23	00:42:02.268	1.33994				2
2025.06.23	00:42:06.164	1.33993				2
2025.06.23	00:42:14.864		1.34145			4
2025.06.23	00:42:25.064	1.33994				2
2025.06.23	00:42:46.663	1.33995				2
2025.06.23	00:43:00.702	1.33995				2
2025.06.23	00:43:23.627		1.34145			4
2025.06.23	00:43:39.298	1.33996				2
2025.06.23	00:43:41.566	1.33995				2
2025.06.23	00:44:02.263	1.33995				2
2025.06.23	00:44:08.864	1.33996				2
2025.06.23	00:44:25.664		1.34145			4
2025.06.23	00:44:31.663	1.33997				2
2025.06.23	00:44:33.836	1.33996				2
2025.06.23	00:44:37.056	1.33997				2
2025.06.23	00:45:00.164	1.33997				2
2025.06.23	00:45:02.195	1.33978	1.34170			6
2025.06.23	00:45:04.345	1.33997	1.34145			6
2025.06.23	00:45:09.094	1.34013	1.34129			6
2025.06.23	00:46:00.134	1.34013				2
2025.06.23	00:46:09.375		1.34129			4
2025.06.23	00:46:22.597		1.34133			4
2025.06.23	00:46:31.202		1.34129			4
2025.06.23	00:46:34.273		1.34133			4
2025.06.23	00:46:35.493		1.34129			4
2025.06.23	00:47:00.095	1.34013				2
2025.06.23	00:47:01.933	1.33994	1.34154			6
2025.06.23	00:47:04.388	1.34013	1.34129			6
2025.06.23	00:48:00.304	1.34013				2
2025.06.23	00:48:01.837	1.34014				2
2025.06.23	00:48:04.596		1.34129			4
2025.06.23	00:48:06.132	1.34013				2
2025.06.23	00:49:00.239	1.34013				2
2025.06.23	00:49:04.844		1.34129			4
2025.06.23	00:49:16.881	1.34012				2
2025.06.23	00:49:48.045	1.34013				2
2025.06.23	00:50:00.070	1.34013				2
2025.06.23	00:50:04.991		1.34129			4
2025.06.23	00:51:00.213	1.34013				2
2025.06.23	00:51:05.110		1.34129			4
2025.06.23	00:51:26.914	1.34012	1.34137			6
2025.06.23	00:51:30.287	1.34010	1.34138			6
2025.06.23	00:51:33.065	1.34011	1.34137			6
2025.06.23	00:51:43.527	1.34012				2
2025.06.23	00:51:56.726	1.34011				2
2025.06.23	00:52:00.087	1.34011				2
2025.06.23	00:52:00.396	1.34012	1.34136			6
2025.06.23	00:52:04.994	1.34013	1.34135			6
2025.06.23	00:52:31.111	1.34012	1.34136			6
2025.06.23	00:52:35.419	1.34011	1.34137			6
2025.06.23	00:52:52.648		1.34138			4
2025.06.23	00:53:00.026	1.34011				2
2025.06.23	00:53:00.331	1.34010				2
2025.06.23	00:53:08.013	1.34011				2
2025.06.23	00:53:31.434		1.34137			4
2025.06.23	00:53:48.067	1.34013	1.34136			6
2025.06.23	00:53:49.611	1.34014	1.34135			6
2025.06.23	00:54:00.083	1.34014				2
2025.06.23	00:54:00.389	1.34015	1.34134			6
2025.06.23	00:54:36.810		1.34133			4
2025.06.23	00:55:00.272	1.34015				2
2025.06.23	00:55:07.993		1.34134			4
2025.06.23	00:55:11.068	1.34014				2
2025.06.23	00:55:30.202	1.34012	1.34136			6
2025.06.23	00:55:50.820	1.34013				2
2025.06.23	00:55:57.283	1.34012				2
2025.06.23	00:56:00.049	1.34012				2
2025.06.23	00:56:00.354	1.34011	1.34137			6
2025.06.23	00:56:31.741		1.34138			4
2025.06.23	00:56:54.508		1.34137			4
2025.06.23	00:57:00.046	1.34011				2
2025.06.23	00:57:00.350	1.34010	1.34138			6
2025.06.23	00:57:05.877	1.34011	1.34137			6
2025.06.23	00:57:24.617	1.34012				2
2025.06.23	00:57:28.305		1.34136			4
2025.06.23	00:57:30.152	1.34015	1.34134			6
2025.06.23	00:57:36.003	1.34014				2
2025.06.23	00:57:42.474	1.34015				2
2025.06.23	00:57:46.776	1.34011	1.34138			6
2025.06.23	00:57:52.314		1.34137			4
2025.06.23	00:58:00.005	1.34011				2
2025.06.23	00:58:02.160	1.34013	1.34135			6
2025.06.23	00:58:10.186	1.34014				2
2025.06.23	00:58:11.725	1.34013				2
2025.06.23	00:58:16.349	1.34015	1.34134			6
2025.06.23	00:58:18.192	1.34014				2
2025.06.23	00:58:23.125	1.34012	1.34136			6
2025.06.23	00:58:47.446		1.34137			4
2025.06.23	00:59:00.063	1.34012				2
2025.06.23	00:59:00.681	1.34011				2
2025.06.23	00:59:20.072	1.34012				2
2025.06.23	00:59:30.236	1.34013	1.34136			6
2025.06.23	00:59:42.251		1.34135			4
2025.06.23	00:59:50.553		1.34136			4
2025.06.23	00:59:58.235	1.34014	1.34135			6
2025.06.23	01:00:00.076	1.34014				2
2025.06.23	01:00:00.384	1.34020	1.34130			6
2025.06.23	01:00:00.685	1.34018	1.34128			6
2025.06.23	01:00:02.221	1.34021	1.34131			6
2025.06.23	01:00:02.528	1.34019	1.34129			6
2025.06.23	01:00:02.834	1.34020	1.34130			6
2025.06.23	01:00:04.985	1.34022				2
2025.06.23	01:00:05.911		1.34126			4
2025.06.23	01:00:06.215	1.34044	1.34130			6
2025.06.23	01:00:06.822	1.34021	1.34127			6
2025.06.23	01:00:07.142	1.34022	1.34128			6
2025.06.23	01:00:07.445	1.34020				2
2025.06.23	01:00:07.754		1.34130			4
2025.06.23	01:00:08.058		1.34127			4
2025.06.23	01:00:08.362	1.34022				2
2025.06.23	01:00:08.671	1.34020	1.34130			6
2025.06.23	01:00:08.971		1.34129			4
2025.06.23	01:00:09.276	1.34022	1.34128			6
2025.06.23	01:00:09.580	1.34021	1.34129			6
2025.06.23	01:00:09.960	1.34020	1.34130			6
2025.06.23	01:00:10.271	1.34021	1.34129			6
2025.06.23	01:00:11.196	1.34022	1.34128			6
2025.06.23	01:00:12.112	1.34020	1.34130			6
2025.06.23	01:00:12.732	1.34025	1.34125			6
2025.06.23	01:00:13.034	1.34023	1.34128			6
2025.06.23	01:00:13.339		1.34127			4
2025.06.23	01:00:13.951	1.34024	1.34126			6
2025.06.23	01:00:14.264	1.34021	1.34129			6
2025.06.23	01:00:14.877	1.34023	1.34127			6
2025.06.23	01:00:15.178	1.34020	1.34130			6
2025.06.23	01:00:15.786	1.34022	1.34128			6
2025.06.23	01:00:16.091	1.34023	1.34127			6
2025.06.23	01:00:16.397	1.34020	1.34130			6
2025.06.23	01:00:17.021		1.34104			4
2025.06.23	01:00:20.080	1.34019				2
2025.06.23	01:00:20.383	1.34020				2
2025.06.23	01:00:30.527	1.34022				2
2025.06.23	01:00:30.829	1.34019				2
2025.06.23	01:00:31.134	1.34020	1.34086			6
2025.06.23	01:00:31.436		1.34085			4
2025.06.23	01:00:32.045	1.34018				2
2025.06.23	01:00:33.274		1.34084			4
2025.06.23	01:00:38.491	1.34014				2
2025.06.23	01:00:40.339	1.34013	1.34078			6
2025.06.23	01:00:46.164		1.34084			4
2025.06.23	01:00:50.761	1.34000				2
2025.06.23	01:00:51.370	1.34014				2
2025.06.23	01:00:57.219	1.34015				2
2025.06.23	01:01:00.289	1.34015				2
2025.06.23	01:01:00.591	1.34022	1.34109			6
2025.06.23	01:01:00.893	1.34021				2
2025.06.23	01:01:01.201	1.34022				2
2025.06.23	01:01:01.509	1.34016				2
2025.06.23	01:01:01.838	1.34019	1.34107			6
2025.06.23	01:01:02.145	1.34017				2
2025.06.23	01:01:02.452	1.34022	1.34109			6
2025.06.23	01:01:03.075	1.34019				2
2025.06.23	01:01:03.683	1.34017				2
2025.06.23	01:01:04.303	1.34016				2
2025.06.23	01:01:05.223	1.34015				2
2025.06.23	01:01:05.533	1.34017				2
2025.06.23	01:01:06.451	1.34019				2
2025.06.23	01:01:06.757	1.34017				2
2025.06.23	01:01:07.063	1.34020				2
2025.06.23	01:01:07.377	1.34018				2
2025.06.23	01:01:07.681	1.34020				2
2025.06.23	01:01:07.987	1.34018				2
2025.06.23	01:01:08.298	1.34017	1.34107			6
2025.06.23	01:01:08.600	1.34029	1.34109			6
2025.06.23	01:01:08.902	1.34038	1.34108			6
2025.06.23	01:01:09.208	1.34037	1.34109			6
2025.06.23	01:01:09.514	1.34038				2
2025.06.23	01:01:10.126	1.34039	1.34108			6
2025.06.23	01:01:11.339	1.34024	1.34121			6
2025.06.23	01:01:13.186	1.34029				2
2025.06.23	01:01:15.023	1.34061				2
2025.06.23	01:01:15.324	1.34063				2
2025.06.23	01:01:15.634	1.34062				2
2025.06.23	01:01:15.937	1.34061				2
2025.06.23	01:01:16.241	1.34060				2
2025.06.23	01:01:16.545	1.34061				2
2025.06.23	01:01:16.846	1.34060				2
2025.06.23	01:01:18.685	1.34062	1.34124			6
2025.06.23	01:01:19.608	1.34064	1.34128			6
2025.06.23	01:01:22.977	1.34065				2
2025.06.23	01:01:24.495	1.34068				2
2025.06.23	01:01:24.799	1.34069				2
2025.06.23	01:01:25.402	1.34070				2
2025.06.23	01:01:25.703	1.34069				2
2025.06.23	01:01:26.009	1.34070				2
2025.06.23	01:01:26.312	1.34068				2
2025.06.23	01:01:26.919	1.34110	1.34184			6
2025.06.23	01:01:27.221	1.34108				2
2025.06.23	01:01:27.523	1.34114				2
2025.06.23	01:01:27.825	1.34112				2
2025.06.23	01:01:28.127	1.34111				2
2025.06.23	01:01:28.431	1.34114				2
2025.06.23	01:01:28.733	1.34115				2
2025.06.23	01:01:29.034	1.34116	1.34206			6
2025.06.23	01:01:29.341		1.34192			4
2025.06.23	01:01:30.255	1.34115				2
2025.06.23	01:01:30.564	1.34097				2
2025.06.23	01:01:30.877	1.34094				2
2025.06.23	01:01:31.192	1.34120				2
2025.06.23	01:01:31.495	1.34119				2
2025.06.23	01:01:32.415	1.34095	1.34188			6
2025.06.23	01:01:33.346		1.34192			4
2025.06.23	01:01:33.965		1.34190			4
2025.06.23	01:01:34.273		1.34188			4
2025.06.23	01:01:34.577		1.34192			4
2025.06.23	01:01:35.508		1.34190			4
2025.06.23	01:01:35.810		1.34180			4
2025.06.23	01:01:36.435		1.34181			4
2025.06.23	01:01:37.367		1.34180			4
2025.06.23	01:01:37.981		1.34182			4
2025.06.23	01:01:40.740		1.34184			4
2025.06.23	01:01:41.044		1.34186			4
2025.06.23	01:01:41.365		1.34185			4
2025.06.23	01:01:41.670		1.34186			4
2025.06.23	01:01:42.914		1.34182			4
2025.06.23	01:01:43.526		1.34184			4
2025.06.23	01:01:44.151		1.34188			4
2025.06.23	01:01:45.699		1.34192			4
2025.06.23	01:01:46.011		1.34188			4
2025.06.23	01:01:46.328		1.34190			4
2025.06.23	01:01:46.956		1.34189			4
2025.06.23	01:01:47.269		1.34190			4
2025.06.23	01:01:47.577		1.34188			4
2025.06.23	01:01:48.187		1.34191			4
2025.06.23	01:01:48.492		1.34190			4
2025.06.23	01:01:50.333		1.34192			4
2025.06.23	01:01:51.044		1.34190			4
2025.06.23	01:01:51.363		1.34189			4
2025.06.23	01:01:51.670		1.34186			4
2025.06.23	01:01:52.906		1.34187			4
2025.06.23	01:01:53.215		1.34184			4
2025.06.23	01:01:53.520		1.34186			4
2025.06.23	01:01:54.140		1.34188			4
2025.06.23	01:01:54.446		1.34183			4
2025.06.23	01:01:54.752		1.34187			4
2025.06.23	01:01:55.057		1.34183			4
2025.06.23	01:01:55.359		1.34192			4
2025.06.23	01:01:55.979		1.34188			4
2025.06.23	01:01:56.606		1.34187			4
2025.06.23	01:01:56.909		1.34188			4
2025.06.23	01:01:57.214	1.34094	1.34186			6
2025.06.23	01:01:57.519		1.34193			4
2025.06.23	01:01:57.822		1.34192			4
2025.06.23	01:01:59.055	1.34102	1.34131			6
2025.06.23	01:01:59.360		1.34130			4
2025.06.23	01:01:59.666		1.34129			4
2025.06.23	01:02:00.274	1.34090	1.34127			6
2025.06.23	01:02:00.580		1.34129			4
2025.06.23	01:02:01.802		1.34128			4
2025.06.23	01:02:03.345		1.34119			4
2025.06.23	01:02:04.566		1.34117			4
2025.06.23	01:02:04.870		1.34118			4
2025.06.23	01:02:07.933		1.34117			4
2025.06.23	01:02:09.455	1.34084	1.34116			6
2025.06.23	01:02:09.757		1.34117			4
2025.06.23	01:02:10.065	1.34075	1.34103			6
2025.06.23	01:02:10.369		1.34104			4
2025.06.23	01:02:15.567	1.34078	1.34109			6
2025.06.23	01:02:15.869	1.34084	1.34113			6
2025.06.23	01:02:16.177		1.34112			4
2025.06.23	01:02:17.997		1.34111			4
2025.06.23	01:02:18.603		1.34104			4
2025.06.23	01:02:21.350	1.34092	1.34095			6
2025.06.23	01:02:21.654	1.34084	1.34106			6
2025.06.23	01:02:21.961		1.34105			4
2025.06.23	01:02:22.866	1.34092	1.34095			6
2025.06.23	01:02:28.359	1.34084	1.34105			6
2025.06.23	01:02:28.968	1.34082	1.34085			6
2025.06.23	01:02:31.732	1.34080	1.34083			6
2025.06.23	01:02:35.397	1.34077	1.34080			6
2025.06.23	01:02:36.327	1.34061	1.34064			6
2025.06.23	01:02:37.861	1.34063	1.34066			6
2025.06.23	01:02:39.696	1.34061	1.34064			6
2025.06.23	01:02:40.605	1.34060	1.34063			6
2025.06.23	01:02:40.907	1.34049	1.34052			6
2025.06.23	01:02:41.210	1.34052	1.34055			6
2025.06.23	01:02:43.631	1.34054	1.34057			6
2025.06.23	01:02:43.935	1.34053	1.34056			6
2025.06.23	01:02:46.079	1.34041	1.34070			6
2025.06.23	01:02:46.382	1.34053	1.34056			6
2025.06.23	01:02:46.682	1.34052	1.34055			6
2025.06.23	01:02:46.992	1.34051	1.34054			6
2025.06.23	01:02:47.610	1.34052	1.34055			6
2025.06.23	01:02:53.120	1.34060	1.34063			6
2025.06.23	01:02:53.423	1.34068	1.34071			6
2025.06.23	01:02:54.340	1.34067	1.34073			6
2025.06.23	01:02:54.651	1.34073	1.34079			6
2025.06.23	01:02:56.167		1.34078			4
2025.06.23	01:02:57.390	1.34074				2
2025.06.23	01:02:58.310		1.34077			4
2025.06.23	01:03:00.139	1.34074				2
2025.06.23	01:03:00.441	1.34061	1.34088			6
2025.06.23	01:03:02.266	1.34073	1.34076			6
2025.06.23	01:03:02.573	1.34074	1.34077			6
2025.06.23	01:03:02.876	1.34070	1.34089			6
2025.06.23	01:03:04.413	1.34073				2
2025.06.23	01:03:04.715	1.34074				2
2025.06.23	01:03:05.023	1.34076				2
2025.06.23	01:03:06.551	1.34071				2
2025.06.23	01:03:07.780	1.34074				2
2025.06.23	01:03:08.085	1.34075				2
2025.06.23	01:03:08.387	1.34077	1.34095			6
2025.06.23	01:03:08.701	1.34078				2
2025.06.23	01:03:09.006	1.34081				2
2025.06.23	01:03:09.317	1.34096	1.34117			6
2025.06.23	01:03:09.619	1.34101	1.34127			6
2025.06.23	01:03:10.233	1.34107				2
2025.06.23	01:03:11.466	1.34108	1.34139			6
2025.06.23	01:03:12.071		1.34134			4
2025.06.23	01:03:13.291	1.34111				2
2025.06.23	01:03:13.914	1.34112				2
2025.06.23	01:03:14.217	1.34111				2
2025.06.23	01:03:14.826	1.34112				2
2025.06.23	01:03:16.058		1.34137			4
2025.06.23	01:03:16.365	1.34119	1.34140			6
2025.06.23	01:03:19.116	1.34122				2
2025.06.23	01:03:19.420	1.34123				2
2025.06.23	01:03:20.977	1.34127	1.34148			6
2025.06.23	01:03:21.280	1.34128				2
2025.06.23	01:03:30.455	1.34127				2
2025.06.23	01:03:30.761	1.34130				2
2025.06.23	01:03:33.530	1.34140	1.34159			6
2025.06.23	01:03:33.832	1.34145				2
2025.06.23	01:03:35.983	1.34147				2
2025.06.23	01:03:37.512	1.34137				2
2025.06.23	01:03:39.050	1.34141				2
2025.06.23	01:03:55.885	1.34167	1.34199			6
2025.06.23	01:03:56.186		1.34212			4
2025.06.23	01:03:56.498		1.34210			4
2025.06.23	01:03:56.806	1.34171	1.34192			6
2025.06.23	01:03:58.034	1.34169	1.34183			6
2025.06.23	01:03:58.341	1.34160	1.34165			6
2025.06.23	01:03:59.880	1.34158				2
2025.06.23	01:04:00.193	1.34158				2
2025.06.23	01:04:00.805	1.34159				2
2025.06.23	01:04:02.643	1.34158				2
2025.06.23	01:04:02.958	1.34157	1.34161			6
2025.06.23	01:04:04.495	1.34153				2
2025.06.23	01:04:07.241	1.34156				2
2025.06.23	01:04:07.549	1.34157	1.34165			6
2025.06.23	01:04:07.866		1.34166			4
2025.06.23	01:04:08.491	1.34158	1.34174			6
2025.06.23	01:04:08.795	1.34162	1.34175			6
2025.06.23	01:04:10.634		1.34177			4
2025.06.23	01:04:12.166	1.34164	1.34184			6
2025.06.23	01:04:13.087	1.34167				2
2025.06.23	01:04:13.401	1.34172	1.34192			6
2025.06.23	01:04:14.012	1.34171				2
2025.06.23	01:04:15.849	1.34172				2
2025.06.23	01:04:16.477	1.34175	1.34193			6
2025.06.23	01:04:19.239	1.34177				2
2025.06.23	01:04:22.613	1.34187	1.34199			6
2025.06.23	01:04:23.843	1.34203	1.34209			6
2025.06.23	01:04:24.145	1.34199	1.34219			6
2025.06.23	01:04:24.449	1.34198				2
2025.06.23	01:04:24.764	1.34200				2
2025.06.23	01:04:28.147	1.34203	1.34221			6
2025.06.23	01:04:31.828	1.34204				2
2025.06.23	01:04:33.055	1.34196	1.34214			6
2025.06.23	01:04:36.727	1.34192	1.34211			6
2025.06.23	01:04:37.032	1.34193				2
2025.06.23	01:04:37.340	1.34197	1.34214			6
2025.06.23	01:04:41.926	1.34199				2
2025.06.23	01:04:45.894	1.34207	1.34210			6
2025.06.23	01:04:46.197	1.34206	1.34209			6
2025.06.23	01:04:46.500	1.34208	1.34211			6
2025.06.23	01:04:46.804	1.34209	1.34212			6
2025.06.23	01:04:47.107	1.34205	1.34208			6
2025.06.23	01:04:48.322	1.34204	1.34207			6
2025.06.23	01:04:48.629	1.34205	1.34208			6
2025.06.23	01:04:49.550	1.34196	1.34197			6
2025.06.23	01:04:49.862	1.34194	1.34196			6
2025.06.23	01:04:50.167	1.34191				2
2025.06.23	01:04:50.469	1.34192				2
2025.06.23	01:04:51.074		1.34194			4
2025.06.23	01:04:51.679	1.34193				2
2025.06.23	01:04:51.987	1.34192				2
2025.06.23	01:04:52.293	1.34194	1.34195			6
2025.06.23	01:04:53.523	1.34199	1.34203			6
2025.06.23	01:04:53.826	1.34200	1.34204			6
2025.06.23	01:04:54.134	1.34197				2
2025.06.23	01:04:54.439	1.34200				2
2025.06.23	01:04:55.360	1.34201				2
2025.06.23	01:04:55.668	1.34199				2
2025.06.23	01:04:56.887	1.34200				2
2025.06.23	01:04:57.803	1.34199	1.34203			6
2025.06.23	01:04:58.109	1.34200				2
2025.06.23	01:04:59.330	1.34199	1.34202			6
2025.06.23	01:04:59.633	1.34200	1.34203			6
2025.06.23	01:05:00.237	1.34200				2
2025.06.23	01:05:00.545	1.34199	1.34202			6
2025.06.23	01:05:01.457	1.34202	1.34205			6
2025.06.23	01:05:02.689	1.34204	1.34206			6
2025.06.23	01:05:03.613	1.34206	1.34207			6
2025.06.23	01:05:03.918	1.34207	1.34210			6
2025.06.23	01:05:04.522	1.34205	1.34208			6
2025.06.23	01:05:04.822	1.34196	1.34213			6
2025.06.23	01:05:05.131	1.34206	1.34209			6
2025.06.23	01:05:05.742	1.34205	1.34208			6
2025.06.23	01:05:06.349	1.34206	1.34209			6
2025.06.23	01:05:09.110	1.34207	1.34210			6
2025.06.23	01:05:10.651	1.34210	1.34226			6
2025.06.23	01:05:11.562	1.34212				2
2025.06.23	01:05:12.487	1.34210				2
2025.06.23	01:05:12.793	1.34212				2
2025.06.23	01:05:23.517	1.34211				2
2025.06.23	01:05:24.131	1.34220	1.34223			6
2025.06.23	01:05:24.740	1.34221	1.34224			6
2025.06.23	01:05:25.357	1.34220	1.34223			6
2025.06.23	01:05:26.585	1.34221	1.34224			6
2025.06.23	01:05:27.510	1.34222	1.34225			6
2025.06.23	01:05:29.029	1.34199	1.34223			6
2025.06.23	01:05:31.476	1.34183	1.34205			6
2025.06.23	01:05:31.781	1.34184	1.34206			6
2025.06.23	01:05:32.088	1.34185				2
2025.06.23	01:05:41.921	1.34201	1.34220			6
2025.06.23	01:05:43.459	1.34200				2
2025.06.23	01:05:48.692	1.34199				2
2025.06.23	01:05:48.998	1.34200				2
2025.06.23	01:05:49.613	1.34192	1.34216			6
2025.06.23	01:05:51.143	1.34178	1.34202			6
2025.06.23	01:05:51.445	1.34173	1.34200			6
2025.06.23	01:05:51.761	1.34171	1.34199			6
2025.06.23	01:05:52.983	1.34169	1.34195			6
2025.06.23	01:05:53.295	1.34177	1.34189			6
2025.06.23	01:05:53.600	1.34199	1.34215			6
2025.06.23	01:05:53.903	1.34200	1.34221			6
2025.06.23	01:05:54.210		1.34222			4
2025.06.23	01:05:54.826		1.34221			4
2025.06.23	01:05:56.677		1.34220			4
2025.06.23	01:05:56.983	1.34196	1.34206			6
2025.06.23	01:05:57.291	1.34178	1.34200			6
2025.06.23	01:05:57.606		1.34198			4
2025.06.23	01:05:59.140	1.34173				2
2025.06.23	01:06:00.056	1.34173				2
2025.06.23	01:06:00.367	1.34167	1.34190			6
2025.06.23	01:06:00.672		1.34188			4
2025.06.23	01:06:00.982		1.34189			4
2025.06.23	01:06:01.289	1.34165				2
2025.06.23	01:06:01.901	1.34171	1.34193			6
2025.06.23	01:06:02.202	1.34164	1.34192			6
2025.06.23	01:06:02.505	1.34153	1.34180			6
2025.06.23	01:06:02.807	1.34155				2
2025.06.23	01:06:03.115	1.34154				2
2025.06.23	01:06:03.433	1.34153	1.34179			6
2025.06.23	01:06:03.743	1.34187	1.34198			6
2025.06.23	01:06:04.045	1.34173	1.34200			6
2025.06.23	01:06:04.351		1.34199			4
2025.06.23	01:06:04.666	1.34176	1.34202			6
2025.06.23	01:06:04.968	1.34177				2
2025.06.23	01:06:05.589	1.34180	1.34204			6
2025.06.23	01:06:05.895	1.34182	1.34194			6
2025.06.23	01:06:06.200	1.34183				2
2025.06.23	01:06:07.124	1.34184	1.34193			6
2025.06.23	01:06:08.341	1.34186	1.34194			6
2025.06.23	01:06:09.262	1.34187	1.34193			6
2025.06.23	01:06:10.173	1.34188				2
2025.06.23	01:06:10.481	1.34180	1.34185			6
2025.06.23	01:06:10.783	1.34182	1.34187			6
2025.06.23	01:06:11.998	1.34183	1.34188			6
2025.06.23	01:06:12.301	1.34184				2
2025.06.23	01:06:13.826	1.34188	1.34192			6
2025.06.23	01:06:14.136		1.34191			4
2025.06.23	01:06:14.743	1.34190	1.34193			6
2025.06.23	01:06:17.496	1.34191	1.34194			6
2025.06.23	01:06:35.538	1.34196	1.34199			6
2025.06.23	01:06:38.591	1.34197	1.34200			6
2025.06.23	01:06:38.902	1.34195	1.34198			6
2025.06.23	01:06:43.480	1.34194	1.34197			6
2025.06.23	01:06:46.853	1.34188	1.34206			6
2025.06.23	01:06:47.161	1.34181	1.34184			6
2025.06.23	01:06:47.466	1.34186	1.34189			6
2025.06.23	01:06:49.594	1.34189	1.34192			6
2025.06.23	01:06:49.898	1.34190	1.34193			6
2025.06.23	01:06:52.636	1.34198	1.34201			6
2025.06.23	01:06:52.938	1.34180	1.34197			6
2025.06.23	01:06:54.778	1.34171	1.34198			6
2025.06.23	01:06:55.081	1.34173	1.34199			6
2025.06.23	01:06:55.383	1.34189	1.34192			6
2025.06.23	01:06:55.687	1.34191	1.34194			6
2025.06.23	01:06:55.990	1.34195	1.34198			6
2025.06.23	01:06:57.212	1.34185	1.34208			6
2025.06.23	01:06:58.438	1.34197	1.34200			6
2025.06.23	01:06:59.976	1.34198	1.34201			6
2025.06.23	01:07:00.281	1.34195	1.34217			6
2025.06.23	01:07:00.591	1.34194				2
2025.06.23	01:07:01.206	1.34195				2
2025.06.23	01:07:02.424	1.34200	1.34222			6
2025.06.23	01:07:02.729	1.34213	1.34216			6
2025.06.23	01:07:03.645	1.34200	1.34215			6
2025.06.23	01:07:03.949	1.34205	1.34208			6
2025.06.23	01:07:04.254	1.34204	1.34210			6
2025.06.23	01:07:04.563	1.34200	1.34215			6
2025.06.23	01:07:06.097		1.34216			4
2025.06.23	01:07:06.405		1.34225			4
2025.06.23	01:07:06.707	1.34201	1.34224			6
2025.06.23	01:07:07.025	1.34199	1.34218			6
2025.06.23	01:07:07.328	1.34197	1.34220			6
2025.06.23	01:07:07.633	1.34200				2
2025.06.23	01:07:09.467		1.34225			4
2025.06.23	01:07:09.769	1.34203				2
2025.06.23	01:07:10.082	1.34201	1.34226			6
2025.06.23	01:07:10.389	1.34200				2
2025.06.23	01:07:10.694		1.34217			4
2025.06.23	01:07:11.008		1.34216			4
2025.06.23	01:07:18.060	1.34193	1.34213			6
2025.06.23	01:07:21.121	1.34189	1.34201			6
2025.06.23	01:07:21.434		1.34202			4
2025.06.23	01:07:22.047	1.34182				2
2025.06.23	01:07:22.668		1.34201			4
2025.06.23	01:07:25.736	1.34181				2
2025.06.23	01:07:38.353	1.34182				2
2025.06.23	01:07:39.270	1.34181				2
2025.06.23	01:07:41.747	1.34182				2
2025.06.23	01:07:49.736	1.34181	1.34205			6
2025.06.23	01:07:50.040		1.34204			4
2025.06.23	01:07:51.270	1.34180				2
2025.06.23	01:07:51.577	1.34184				2
2025.06.23	01:07:52.503	1.34182				2
2025.06.23	01:07:54.945	1.34183	1.34202			6
2025.06.23	01:07:56.163		1.34201			4
2025.06.23	01:07:59.534		1.34200			4
2025.06.23	01:08:00.142	1.34183				2
2025.06.23	01:08:00.752		1.34201			4
2025.06.23	01:08:04.431	1.34188	1.34207			6
2025.06.23	01:08:04.735	1.34191				2
2025.06.23	01:08:05.038	1.34195	1.34214			6
2025.06.23	01:08:07.482	1.34200	1.34222			6
2025.06.23	01:08:07.787	1.34201				2
2025.06.23	01:08:08.409	1.34203	1.34224			6
2025.06.23	01:08:08.712	1.34201	1.34223			6
2025.06.23	01:08:09.019		1.34222			4
2025.06.23	01:08:09.320	1.34202				2
2025.06.23	01:08:09.627		1.34220			4
2025.06.23	01:08:09.932	1.34201	1.34219			6
2025.06.23	01:08:10.236	1.34200				2
2025.06.23	01:08:10.857	1.34201				2
2025.06.23	01:08:11.469	1.34200	1.34218			6
2025.06.23	01:08:11.784	1.34196	1.34215			6
2025.06.23	01:08:15.161		1.34214			4
2025.06.23	01:08:16.090		1.34213			4
2025.06.23	01:08:17.005	1.34186	1.34204			6
2025.06.23	01:08:17.617		1.34205			4
2025.06.23	01:08:17.929		1.34204			4
2025.06.23	01:08:20.071	1.34178	1.34196			6
2025.06.23	01:08:24.372	1.34179	1.34197			6
2025.06.23	01:08:26.217		1.34198			4
2025.06.23	01:08:26.835	1.34178				2
2025.06.23	01:08:27.142		1.34196			4
2025.06.23	01:08:27.448	1.34179				2
2025.06.23	01:08:33.580		1.34197			4
2025.06.23	01:08:36.039	1.34182	1.34199			6
2025.06.23	01:08:37.270		1.34201			4
2025.06.23	01:08:37.577	1.34190	1.34207			6
2025.06.23	01:08:37.884	1.34192	1.34212			6
2025.06.23	01:08:38.193		1.34207			4
2025.06.23	01:08:41.257		1.34212			4
2025.06.23	01:08:46.461		1.34213			4
2025.06.23	01:08:47.073	1.34200	1.34220			6
2025.06.23	01:08:47.695		1.34219			4
2025.06.23	01:08:49.839		1.34218			4
2025.06.23	01:08:51.679	1.34199	1.34214			6
2025.06.23	01:08:56.911		1.34217			4
2025.06.23	01:08:58.444		1.34216			4
2025.06.23	01:08:59.677	1.34200				2
2025.06.23	01:09:00.295	1.34200				2
2025.06.23	01:09:01.837		1.34218			4
2025.06.23	01:09:02.762	1.34212	1.34233			6
2025.06.23	01:09:04.285	1.34210	1.34223			6
2025.06.23	01:09:10.460	1.34201	1.34214			6
2025.06.23	01:09:10.765		1.34212			4
2025.06.23	01:09:13.831		1.34213			4
2025.06.23	01:09:14.133		1.34214			4
2025.06.23	01:09:15.367	1.34211	1.34231			6
2025.06.23	01:09:17.525	1.34220	1.34242			6
2025.06.23	01:09:17.832		1.34241			4
2025.06.23	01:09:18.442	1.34222	1.34245			6
2025.06.23	01:09:20.603		1.34243			4
2025.06.23	01:09:21.543	1.34224	1.34246			6
2025.06.23	01:09:21.847		1.34244			4
2025.06.23	01:09:24.620		1.34243			4
2025.06.23	01:09:29.560	1.34230	1.34246			6
2025.06.23	01:09:30.184		1.34245			4
2025.06.23	01:09:30.489	1.34225	1.34238			6
2025.06.23	01:09:31.739		1.34239			4
2025.06.23	01:09:32.042		1.34237			4
2025.06.23	01:09:32.970		1.34238			4
2025.06.23	01:09:33.276		1.34239			4
2025.06.23	01:09:33.581		1.34236			4
2025.06.23	01:09:33.889	1.34223	1.34243			6
2025.06.23	01:09:34.511		1.34239			4
2025.06.23	01:09:35.741		1.34244			4
2025.06.23	01:09:36.047		1.34243			4
2025.06.23	01:09:36.665		1.34244			4
2025.06.23	01:09:37.582		1.34242			4
2025.06.23	01:09:40.663	1.34225				2
2025.06.23	01:09:40.966	1.34223				2
2025.06.23	01:09:41.895		1.34238			4
2025.06.23	01:09:42.506		1.34242			4
2025.06.23	01:09:44.042	1.34229	1.34247			6
2025.06.23	01:09:44.344	1.34232	1.34255			6
2025.06.23	01:09:47.447	1.34235				2
2025.06.23	01:09:48.072	1.34240	1.34258			6
2025.06.23	01:09:48.684	1.34243	1.34262			6
2025.06.23	01:09:49.606	1.34240	1.34257			6
2025.06.23	01:09:50.842		1.34263			4
2025.06.23	01:09:51.157	1.34243				2
2025.06.23	01:09:55.765	1.34240	1.34256			6
2025.06.23	01:09:56.380	1.34226	1.34244			6
2025.06.23	01:09:57.927	1.34224	1.34243			6
2025.06.23	01:09:58.241		1.34241			4
2025.06.23	01:09:58.856	1.34218	1.34235			6
2025.06.23	01:10:00.087	1.34218				2
2025.06.23	01:10:09.010	1.34215				2
2025.06.23	01:10:11.174	1.34222	1.34242			6
2025.06.23	01:10:12.409	1.34224				2
2025.06.23	01:10:21.626		1.34244			4
2025.06.23	01:10:22.874		1.34245			4
2025.06.23	01:10:34.266		1.34244			4
2025.06.23	01:10:34.890	1.34222	1.34238			6
2025.06.23	01:10:37.349	1.34224	1.34245			6
2025.06.23	01:10:39.496	1.34222				2
2025.06.23	01:10:45.338		1.34244			4
2025.06.23	01:10:50.588	1.34224	1.34245			6
2025.06.23	01:10:53.966	1.34230	1.34250			6
2025.06.23	01:10:57.048	1.34243	1.34263			6
2025.06.23	01:10:59.210	1.34235	1.34252			6
2025.06.23	01:10:59.516		1.34251			4
2025.06.23	01:11:00.141	1.34235				2
2025.06.23	01:11:00.749		1.34252			4
2025.06.23	01:11:01.373		1.34251			4
2025.06.23	01:11:01.984	1.34231	1.34248			6
2025.06.23	01:11:02.288		1.34247			4
2025.06.23	01:11:12.497	1.34222	1.34238			6
2025.06.23	01:11:12.799		1.34236			4
2025.06.23	01:11:13.730		1.34237			4
2025.06.23	01:11:14.037		1.34236			4
2025.06.23	01:11:17.128	1.34215	1.34228			6
2025.06.23	01:11:17.431		1.34229			4
2025.06.23	01:11:20.199		1.34228			4
2025.06.23	01:11:21.436		1.34227			4
2025.06.23	01:11:21.744		1.34228			4
2025.06.23	01:11:22.361		1.34227			4
2025.06.23	01:11:22.670		1.34228			4
2025.06.23	01:11:23.294		1.34227			4
2025.06.23	01:11:25.147		1.34228			4
2025.06.23	01:11:25.761		1.34227			4
2025.06.23	01:11:29.174		1.34236			4
2025.06.23	01:11:30.728		1.34233			4
2025.06.23	01:11:31.042		1.34235			4
2025.06.23	01:11:33.205		1.34234			4
2025.06.23	01:11:34.725		1.34235			4
2025.06.23	01:11:35.029		1.34234			4
2025.06.23	01:11:38.729		1.34233			4
2025.06.23	01:11:39.041		1.34234			4
2025.06.23	01:11:39.657		1.34232			4
2025.06.23	01:11:41.512		1.34241			4
2025.06.23	01:11:42.744		1.34242			4
2025.06.23	01:11:43.046	1.34206	1.34232			6
2025.06.23	01:11:44.283	1.34200	1.34225			6
2025.06.23	01:11:49.822		1.34229			4
2025.06.23	01:11:50.128	1.34203				2
2025.06.23	01:11:51.677	1.34216				2
2025.06.23	01:11:54.749	1.34214				2
2025.06.23	01:11:55.358	1.34216				2
2025.06.23	01:11:56.287	1.34214				2
2025.06.23	01:11:56.592	1.34216				2
2025.06.23	01:12:00.298	1.34214	1.34233			6
2025.06.23	01:12:00.607	1.34216				2
2025.06.23	01:12:01.824	1.34214				2
2025.06.23	01:12:03.052		1.34231			4
2025.06.23	01:12:03.358		1.34233			4
2025.06.23	01:12:03.660	1.34215				2
2025.06.23	01:12:03.965	1.34222	1.34237			6
2025.06.23	01:12:04.585	1.34218	1.34236			6
2025.06.23	01:12:07.034	1.34214	1.34228			6
2025.06.23	01:12:07.946	1.34212				2
2025.06.23	01:12:08.261		1.34227			4
2025.06.23	01:12:10.404	1.34202	1.34219			6
2025.06.23	01:12:10.706	1.34204	1.34220			6
2025.06.23	01:12:11.320	1.34206	1.34223			6
2025.06.23	01:12:15.014	1.34204	1.34222			6
2025.06.23	01:12:15.318		1.34221			4
2025.06.23	01:12:15.936		1.34222			4
2025.06.23	01:12:16.851	1.34203	1.34223			6
2025.06.23	01:12:17.155	1.34204	1.34221			6
2025.06.23	01:12:22.079		1.34222			4
2025.06.23	01:12:22.384	1.34203				2
2025.06.23	01:12:22.690	1.34204	1.34221			6
2025.06.23	01:12:22.994	1.34205	1.34223			6
2025.06.23	01:12:31.584	1.34202	1.34222			6
2025.06.23	01:12:31.887		1.34221			4
2025.06.23	01:12:34.348		1.34223			4
2025.06.23	01:12:36.187	1.34206	1.34221			6
2025.06.23	01:12:36.491		1.34223			4
2025.06.23	01:12:40.790	1.34207				2
2025.06.23	01:12:46.608	1.34206				2
2025.06.23	01:12:48.454		1.34224			4
2025.06.23	01:12:48.761		1.34223			4
2025.06.23	01:12:49.673		1.34224			4
2025.06.23	01:12:49.977		1.34223			4
2025.06.23	01:12:51.513		1.34222			4
2025.06.23	01:12:53.047		1.34223			4
2025.06.23	01:12:53.352		1.34221			4
2025.06.23	01:12:53.656		1.34222			4
2025.06.23	01:12:55.494	1.34216	1.34227			6
2025.06.23	01:12:55.811	1.34226	1.34236			6
2025.06.23	01:12:57.347	1.34227	1.34245			6
2025.06.23	01:13:00.099	1.34227				2
2025.06.23	01:13:02.561		1.34244			4
2025.06.23	01:13:06.544	1.34225	1.34241			6
2025.06.23	01:13:06.858		1.34243			4
2025.06.23	01:13:07.168	1.34224	1.34240			6
2025.06.23	01:13:07.473		1.34244			4
2025.06.23	01:13:09.020		1.34243			4
2025.06.23	01:13:11.182		1.34244			4
2025.06.23	01:13:13.041	1.34226				2
2025.06.23	01:13:14.590	1.34227	1.34245			6
2025.06.23	01:13:14.899	1.34246	1.34263			6
2025.06.23	01:13:15.521	1.34245				2
2025.06.23	01:13:15.827	1.34246				2
2025.06.23	01:13:16.437		1.34262			4
2025.06.23	01:13:16.743		1.34263			4
2025.06.23	01:13:17.358	1.34244				2
2025.06.23	01:13:18.594	1.34245				2
2025.06.23	01:13:20.127		1.34265			4
2025.06.23	01:13:20.735	1.34251	1.34266			6
2025.06.23	01:13:21.044	1.34264	1.34279			6
2025.06.23	01:13:21.347		1.34282			4
2025.06.23	01:13:21.668	1.34265				2
2025.06.23	01:13:22.291	1.34266				2
2025.06.23	01:13:23.525	1.34265				2
2025.06.23	01:13:25.982	1.34264				2
2025.06.23	01:13:26.913	1.34263	1.34281			6
2025.06.23	01:13:27.839	1.34264	1.34282			6
2025.06.23	01:13:28.764	1.34263	1.34281			6
2025.06.23	01:13:29.068		1.34282			4
2025.06.23	01:13:29.374	1.34264				2
2025.06.23	01:13:30.602	1.34263	1.34281			6
2025.06.23	01:13:30.909	1.34264	1.34282			6
2025.06.23	01:13:31.836	1.34263				2
2025.06.23	01:13:33.068	1.34255	1.34276			6
2025.06.23	01:13:33.378		1.34275			4
2025.06.23	01:13:33.681		1.34276			4
2025.06.23	01:13:34.297	1.34254	1.34272			6
2025.06.23	01:13:45.387	1.34251	1.34268			6
2025.06.23	01:13:45.704	1.34253				2
2025.06.23	01:13:48.780	1.34251				2
2025.06.23	01:13:50.951	1.34250	1.34269			6
2025.06.23	01:13:51.564	1.34251				2
2025.06.23	01:13:51.871	1.34250				2
2025.06.23	01:13:52.496		1.34262			4
2025.06.23	01:13:52.800	1.34259	1.34268			6
2025.06.23	01:13:55.873	1.34260				2
2025.06.23	01:13:58.024		1.34269			4
2025.06.23	01:14:00.177	1.34260				2
2025.06.23	01:14:02.030	1.34255	1.34266			6
2025.06.23	01:14:06.342	1.34250	1.34263			6
2025.06.23	01:14:06.651	1.34251				2
2025.06.23	01:14:07.568	1.34252				2
2025.06.23	01:14:07.884	1.34251				2
2025.06.23	01:14:08.190	1.34254	1.34265			6
2025.06.23	01:14:08.494	1.34252	1.34267			6
2025.06.23	01:14:08.804	1.34248	1.34270			6
2025.06.23	01:14:09.105	1.34247	1.34267			6
2025.06.23	01:14:14.384	1.34246				2
2025.06.23	01:14:14.996	1.34239	1.34258			6
2025.06.23	01:14:15.619	1.34236				2
2025.06.23	01:14:16.232		1.34255			4
2025.06.23	01:14:16.545	1.34240	1.34258			6
2025.06.23	01:14:19.301	1.34242				2
2025.06.23	01:14:21.138	1.34243				2
2025.06.23	01:14:23.916	1.34240				2
2025.06.23	01:14:25.454	1.34239				2
2025.06.23	01:14:32.830		1.34256			4
2025.06.23	01:14:39.274	1.34230	1.34248			6
2025.06.23	01:14:39.579	1.34228	1.34246			6
2025.06.23	01:14:44.811	1.34225	1.34242			6
2025.06.23	01:14:45.117	1.34219	1.34235			6
2025.06.23	01:14:46.043	1.34220				2
2025.06.23	01:14:47.884	1.34219				2
2025.06.23	01:14:48.190	1.34220	1.34238			6
2025.06.23	01:14:50.363	1.34219				2
2025.06.23	01:14:51.906	1.34225				2
2025.06.23	01:14:54.069	1.34226				2
2025.06.23	01:14:54.376	1.34224	1.34237			6
2025.06.23	01:14:54.681		1.34236			4
2025.06.23	01:14:57.146	1.34225				2
2025.06.23	01:14:57.450	1.34224	1.34235			6
2025.06.23	01:15:00.225	1.34224				2
2025.06.23	01:15:00.839	1.34226	1.34237			6
2025.06.23	01:15:01.454		1.34235			4
2025.06.23	01:15:01.755	1.34227	1.34237			6
2025.06.23	01:15:02.687		1.34238			4
2025.06.23	01:15:03.306	1.34225				2
2025.06.23	01:15:03.611	1.34224				2
2025.06.23	01:15:05.147	1.34222	1.34237			6
2025.06.23	01:15:05.756	1.34214	1.34225			6
2025.06.23	01:15:06.061	1.34213				2
2025.06.23	01:15:06.364	1.34212				2
2025.06.23	01:15:06.985		1.34224			4
2025.06.23	01:15:07.911	1.34208	1.34220			6
2025.06.23	01:15:08.214	1.34202	1.34217			6
2025.06.23	01:15:09.147	1.34200	1.34213			6
2025.06.23	01:15:09.448	1.34192	1.34208			6
2025.06.23	01:15:09.753	1.34191	1.34206			6
2025.06.23	01:15:10.686	1.34193				2
2025.06.23	01:15:11.007	1.34192				2
2025.06.23	01:15:11.316	1.34193				2
2025.06.23	01:15:11.621	1.34204	1.34216			6
2025.06.23	01:15:11.930	1.34203	1.34215			6
2025.06.23	01:15:16.207	1.34204				2
2025.06.23	01:15:16.513	1.34203	1.34213			6
2025.06.23	01:15:18.351	1.34209	1.34217			6
2025.06.23	01:15:18.656	1.34214	1.34222			6
2025.06.23	01:15:19.264	1.34212	1.34223			6
2025.06.23	01:15:20.184	1.34213				2
2025.06.23	01:15:21.100	1.34214	1.34222			6
2025.06.23	01:15:22.018	1.34213	1.34221			6
2025.06.23	01:15:22.329	1.34214				2
2025.06.23	01:15:23.247	1.34215	1.34220			6
2025.06.23	01:15:23.552	1.34206	1.34211			6
2025.06.23	01:15:24.164	1.34202				2
2025.06.23	01:15:24.776	1.34194	1.34203			6
2025.06.23	01:15:25.083	1.34191	1.34200			6
2025.06.23	01:15:25.385	1.34192	1.34199			6
2025.06.23	01:15:26.303	1.34190	1.34201			6
2025.06.23	01:15:27.219	1.34191	1.34200			6
2025.06.23	01:15:28.137		1.34199			4
2025.06.23	01:15:29.367	1.34192	1.34198			6
2025.06.23	01:15:30.288	1.34193				2
2025.06.23	01:15:30.899	1.34191	1.34196			6
2025.06.23	01:15:31.204		1.34195			4
2025.06.23	01:15:32.123	1.34192				2
2025.06.23	01:15:33.654	1.34194	1.34197			6
2025.06.23	01:15:34.572	1.34193	1.34196			6
2025.06.23	01:15:37.906	1.34192	1.34195			6
2025.06.23	01:15:38.511	1.34195	1.34198			6
2025.06.23	01:15:38.815	1.34192	1.34195			6
2025.06.23	01:15:39.425	1.34198	1.34201			6
2025.06.23	01:15:40.939	1.34197	1.34200			6
2025.06.23	01:15:41.542	1.34198	1.34201			6
2025.06.23	01:15:43.370	1.34197	1.34200			6
2025.06.23	01:15:43.676	1.34198	1.34201			6
2025.06.23	01:15:44.296	1.34197	1.34200			6
2025.06.23	01:15:46.516	1.34198	1.34201			6
2025.06.23	01:15:47.122	1.34192	1.34195			6
2025.06.23	01:15:47.426	1.34191	1.34194			6
2025.06.23	01:15:50.758	1.34192	1.34195			6
2025.06.23	01:15:52.583	1.34186	1.34189			6
2025.06.23	01:15:53.493	1.34188	1.34191			6
2025.06.23	01:15:55.012	1.34189	1.34192			6
2025.06.23	01:15:55.938	1.34196	1.34199			6
2025.06.23	01:15:56.544	1.34197	1.34200			6
2025.06.23	01:15:57.151	1.34200	1.34204			6
2025.06.23	01:15:57.456	1.34206	1.34210			6
2025.06.23	01:15:57.760	1.34204	1.34208			6
2025.06.23	01:15:58.062	1.34205	1.34209			6
2025.06.23	01:15:58.368	1.34204	1.34211			6
2025.06.23	01:15:58.674	1.34201	1.34208			6
2025.06.23	01:15:58.981	1.34204	1.34211			6
2025.06.23	01:15:59.286	1.34203	1.34209			6
2025.06.23	01:15:59.900	1.34204	1.34210			6
2025.06.23	01:16:00.205	1.34205	1.34209			6
2025.06.23	01:16:00.812	1.34204	1.34208			6
2025.06.23	01:16:01.114		1.34207			4
2025.06.23	01:16:01.717	1.34202	1.34205			6
2025.06.23	01:16:02.025	1.34195	1.34198			6
2025.06.23	01:16:02.639	1.34194	1.34197			6
2025.06.23	01:16:03.245	1.34189	1.34201			6
2025.06.23	01:16:04.161	1.34190	1.34200			6
2025.06.23	01:16:05.071	1.34192	1.34202			6
2025.06.23	01:16:05.376	1.34191	1.34199			6
2025.06.23	01:16:06.301	1.34192	1.34198			6
2025.06.23	01:16:07.221	1.34193	1.34197			6
2025.06.23	01:16:07.834	1.34192	1.34196			6
2025.06.23	01:16:08.142	1.34193				2
2025.06.23	01:16:08.443	1.34194	1.34197			6
2025.06.23	01:16:08.750	1.34195	1.34198			6
2025.06.23	01:16:09.667	1.34194	1.34197			6
2025.06.23	01:16:11.192	1.34196	1.34199			6
2025.06.23	01:16:13.052	1.34195	1.34198			6
2025.06.23	01:16:15.797	1.34196	1.34199			6
2025.06.23	01:16:16.102	1.34197	1.34200			6
2025.06.23	01:16:16.409	1.34198	1.34201			6
2025.06.23	01:16:16.719	1.34197	1.34200			6
2025.06.23	01:16:17.025	1.34198	1.34201			6
2025.06.23	01:16:17.331	1.34197	1.34200			6
2025.06.23	01:16:17.638	1.34199	1.34202			6
2025.06.23	01:16:18.547	1.34207	1.34210			6
2025.06.23	01:16:19.474	1.34208	1.34211			6
2025.06.23	01:16:20.389	1.34204	1.34207			6
2025.06.23	01:16:20.997	1.34203	1.34206			6
2025.06.23	01:16:21.302	1.34208	1.34211			6
2025.06.23	01:16:29.240	1.34207	1.34210			6
2025.06.23	01:16:29.544	1.34209	1.34212			6
2025.06.23	01:16:33.218	1.34207	1.34210			6
2025.06.23	01:16:40.557	1.34206	1.34209			6
2025.06.23	01:16:42.398	1.34205	1.34208			6
2025.06.23	01:16:44.217	1.34204	1.34207			6
2025.06.23	01:16:44.833	1.34205	1.34208			6
2025.06.23	01:16:45.144	1.34196	1.34199			6
2025.06.23	01:16:45.450	1.34193	1.34196			6
2025.06.23	01:16:46.056	1.34197	1.34200			6
2025.06.23	01:16:46.360	1.34192	1.34204			6
2025.06.23	01:16:48.201	1.34193				2
2025.06.23	01:16:48.819	1.34194	1.34205			6
2025.06.23	01:16:50.052	1.34195	1.34206			6
2025.06.23	01:16:50.356	1.34196	1.34205			6
2025.06.23	01:16:50.666	1.34197	1.34206			6
2025.06.23	01:16:51.283	1.34198				2
2025.06.23	01:16:52.196	1.34199	1.34205			6
2025.06.23	01:16:52.501	1.34200	1.34206			6
2025.06.23	01:16:53.117	1.34202	1.34207			6
2025.06.23	01:16:53.420	1.34201	1.34206			6
2025.06.23	01:16:54.346	1.34202				2
2025.06.23	01:16:55.269		1.34205			4
2025.06.23	01:16:58.621	1.34204	1.34207			6
2025.06.23	01:16:58.927	1.34205	1.34208			6
2025.06.23	01:16:59.235	1.34204	1.34207			6
2025.06.23	01:17:00.146	1.34204				2
2025.06.23	01:17:00.452	1.34212	1.34215			6
2025.06.23	01:17:01.362	1.34213	1.34218			6
2025.06.23	01:17:01.973	1.34212				2
2025.06.23	01:17:02.276	1.34213				2
2025.06.23	01:17:02.581	1.34223	1.34228			6
2025.06.23	01:17:03.189	1.34220	1.34231			6
2025.06.23	01:17:04.106	1.34221				2
2025.06.23	01:17:05.347	1.34222	1.34230			6
2025.06.23	01:17:06.269		1.34228			4
2025.06.23	01:17:06.573	1.34221	1.34227			6
2025.06.23	01:17:07.178	1.34222	1.34228			6
2025.06.23	01:17:08.098	1.34223				2
2025.06.23	01:17:09.005	1.34227	1.34232			6
2025.06.23	01:17:09.310	1.34239	1.34242			6
2025.06.23	01:17:09.614	1.34243	1.34246			6
2025.06.23	01:17:09.920	1.34244	1.34247			6
2025.06.23	01:17:10.221	1.34239	1.34251			6
2025.06.23	01:17:11.147	1.34247	1.34259			6
2025.06.23	01:17:11.760	1.34246	1.34258			6
2025.06.23	01:17:12.689	1.34245	1.34257			6
2025.06.23	01:17:12.999	1.34246	1.34258			6
2025.06.23	01:17:15.165	1.34247				2
2025.06.23	01:17:16.395	1.34248	1.34257			6
2025.06.23	01:17:17.322		1.34256			4
2025.06.23	01:17:18.243	1.34249	1.34255			6
2025.06.23	01:17:19.157	1.34250				2
2025.06.23	01:17:19.762	1.34248	1.34253			6
2025.06.23	01:17:20.376	1.34249				2
2025.06.23	01:17:21.599	1.34247	1.34251			6
2025.06.23	01:17:22.212		1.34250			4
2025.06.23	01:17:23.434	1.34241	1.34244			6
2025.06.23	01:17:24.346	1.34240				2
2025.06.23	01:17:25.257	1.34241				2
2025.06.23	01:17:25.559	1.34240	1.34243			6
2025.06.23	01:17:28.288	1.34241	1.34244			6
2025.06.23	01:17:28.596	1.34240	1.34243			6
2025.06.23	01:17:31.327	1.34244	1.34245			6
2025.06.23	01:17:31.628	1.34254	1.34257			6
2025.06.23	01:17:32.240	1.34250	1.34262			6
2025.06.23	01:17:33.169		1.34261			4
2025.06.23	01:17:33.789	1.34249	1.34260			6
2025.06.23	01:17:34.407		1.34259			4
2025.06.23	01:17:35.328	1.34250	1.34258			6
2025.06.23	01:17:36.246	1.34252	1.34257			6
2025.06.23	01:17:37.162		1.34256			4
2025.06.23	01:17:38.379	1.34253				2
2025.06.23	01:17:38.684	1.34254	1.34257			6
2025.06.23	01:17:40.539	1.34253	1.34256			6
2025.06.23	01:17:41.451	1.34252	1.34255			6
2025.06.23	01:17:45.711	1.34251	1.34254			6
2025.06.23	01:17:46.320	1.34252	1.34255			6
2025.06.23	01:17:47.551	1.34247	1.34250			6
2025.06.23	01:17:47.858	1.34249	1.34252			6
2025.06.23	01:17:50.606	1.34247	1.34250			6
2025.06.23	01:17:51.520	1.34248	1.34251			6
2025.06.23	01:17:53.657	1.34247	1.34250			6
2025.06.23	01:17:53.958	1.34246	1.34249			6
2025.06.23	01:17:55.482	1.34248	1.34251			6
2025.06.23	01:17:56.098	1.34247	1.34250			6
2025.06.23	01:17:56.406	1.34248	1.34251			6
2025.06.23	01:17:57.945	1.34250	1.34253			6
2025.06.23	01:17:58.252	1.34249	1.34252			6
2025.06.23	01:17:59.478	1.34248	1.34251			6
2025.06.23	01:17:59.780	1.34247	1.34250			6
2025.06.23	01:18:00.087	1.34247				2
2025.06.23	01:18:00.394	1.34248	1.34251			6
2025.06.23	01:18:00.703	1.34250	1.34253			6
2025.06.23	01:18:02.537	1.34249	1.34252			6
2025.06.23	01:18:05.610	1.34247	1.34250			6
2025.06.23	01:18:06.227	1.34248	1.34251			6
2025.06.23	01:18:06.831	1.34244	1.34247			6
2025.06.23	01:18:07.132	1.34225	1.34228			6
2025.06.23	01:18:07.440	1.34226	1.34229			6
2025.06.23	01:18:08.348	1.34222	1.34234			6
2025.06.23	01:18:09.264		1.34233			4
2025.06.23	01:18:10.171	1.34223				2
2025.06.23	01:18:10.475	1.34222	1.34232			6
2025.06.23	01:18:11.100	1.34226	1.34236			6
2025.06.23	01:18:11.406		1.34235			4
2025.06.23	01:18:11.710	1.34225	1.34234			6
2025.06.23	01:18:12.029	1.34224	1.34233			6
2025.06.23	01:18:12.638	1.34225	1.34234			6
2025.06.23	01:18:13.241	1.34226	1.34233			6
2025.06.23	01:18:13.866	1.34224	1.34231			6
2025.06.23	01:18:14.168	1.34225	1.34230			6
2025.06.23	01:18:15.098	1.34226				2
2025.06.23	01:18:16.321		1.34229			4
2025.06.23	01:18:16.624	1.34228	1.34231			6
2025.06.23	01:18:18.774	1.34229	1.34232			6
2025.06.23	01:18:20.594	1.34224	1.34227			6
2025.06.23	01:18:20.899	1.34220	1.34223			6
2025.06.23	01:18:21.203	1.34217	1.34224			6
2025.06.23	01:18:22.120	1.34218	1.34223			6
2025.06.23	01:18:22.729	1.34221	1.34226			6
2025.06.23	01:18:23.033	1.34225	1.34230			6
2025.06.23	01:18:23.341		1.34237			4
2025.06.23	01:18:24.256	1.34226				2
2025.06.23	01:18:25.183	1.34227				2
2025.06.23	01:18:25.795	1.34226	1.34236			6
2025.06.23	01:18:26.100	1.34236	1.34243			6
2025.06.23	01:18:26.723	1.34235	1.34242			6
2025.06.23	01:18:27.347	1.34234	1.34245			6
2025.06.23	01:18:28.264	1.34236	1.34244			6
2025.06.23	01:18:29.191	1.34239				2
2025.06.23	01:18:30.100		1.34243			4
2025.06.23	01:18:31.323	1.34241	1.34244			6
2025.06.23	01:18:34.682	1.34240	1.34243			6
2025.06.23	01:18:35.610	1.34239	1.34242			6
2025.06.23	01:18:38.964	1.34254	1.34257			6
2025.06.23	01:18:39.270	1.34249	1.34261			6
2025.06.23	01:18:39.883	1.34252	1.34264			6
2025.06.23	01:18:42.328	1.34253	1.34263			6
2025.06.23	01:18:43.256	1.34251	1.34259			6
2025.06.23	01:18:43.880	1.34248	1.34256			6
2025.06.23	01:18:44.184	1.34249	1.34259			6
2025.06.23	01:18:45.099	1.34247	1.34257			6
2025.06.23	01:18:46.340	1.34249	1.34256			6
2025.06.23	01:18:46.648	1.34247	1.34254			6
2025.06.23	01:18:46.957	1.34248	1.34255			6
2025.06.23	01:18:47.264	1.34249	1.34254			6
2025.06.23	01:18:47.566	1.34247	1.34252			6
2025.06.23	01:18:47.872	1.34248	1.34253			6
2025.06.23	01:18:48.178	1.34249	1.34252			6
2025.06.23	01:18:50.934	1.34242	1.34245			6
2025.06.23	01:18:51.235	1.34241				2
2025.06.23	01:18:51.547	1.34242	1.34246			6
2025.06.23	01:18:52.160	1.34246	1.34250			6
2025.06.23	01:18:52.470	1.34247	1.34251			6
2025.06.23	01:18:53.388	1.34248				2
2025.06.23	01:18:53.690	1.34247	1.34250			6
2025.06.23	01:18:53.995	1.34248	1.34251			6
2025.06.23	01:18:54.633	1.34247	1.34250			6
2025.06.23	01:18:55.557	1.34248	1.34251			6
2025.06.23	01:18:56.474	1.34247	1.34250			6
2025.06.23	01:18:56.783	1.34248	1.34251			6
2025.06.23	01:18:57.392	1.34250	1.34253			6
2025.06.23	01:19:00.140	1.34248	1.34251			6
2025.06.23	01:19:00.754	1.34249	1.34252			6
2025.06.23	01:19:01.357	1.34256	1.34259			6
2025.06.23	01:19:02.578	1.34257	1.34260			6
2025.06.23	01:19:02.883	1.34254	1.34257			6
2025.06.23	01:19:04.713	1.34255	1.34258			6
2025.06.23	01:19:05.014	1.34254	1.34257			6
2025.06.23	01:19:05.319	1.34250	1.34253			6
2025.06.23	01:19:05.624	1.34251	1.34254			6
2025.06.23	01:19:05.931	1.34250	1.34253			6
2025.06.23	01:19:06.238	1.34251	1.34254			6
2025.06.23	01:19:12.350	1.34242	1.34245			6
2025.06.23	01:19:13.273	1.34241	1.34246			6
2025.06.23	01:19:13.889	1.34240	1.34245			6
2025.06.23	01:19:14.195	1.34242	1.34246			6
2025.06.23	01:19:15.117	1.34246	1.34249			6
2025.06.23	01:19:15.423	1.34248	1.34251			6
2025.06.23	01:19:15.725	1.34249	1.34252			6
2025.06.23	01:19:16.333	1.34244	1.34255			6
2025.06.23	01:19:16.637	1.34245	1.34256			6
2025.06.23	01:19:17.250		1.34253			4
2025.06.23	01:19:17.554	1.34246	1.34254			6
2025.06.23	01:19:18.174	1.34247	1.34252			6
2025.06.23	01:19:19.092	1.34248	1.34251			6
2025.06.23	01:19:20.932	1.34247	1.34250			6
2025.06.23	01:19:21.540	1.34248	1.34251			6
2025.06.23	01:19:22.152	1.34247	1.34250			6
2025.06.23	01:19:22.461	1.34248	1.34251			6
2025.06.23	01:19:29.796	1.34247	1.34250			6
2025.06.23	01:19:30.100	1.34253	1.34256			6
2025.06.23	01:19:30.401	1.34250	1.34253			6
2025.06.23	01:19:30.710	1.34251	1.34254			6
2025.06.23	01:19:37.734	1.34248	1.34251			6
2025.06.23	01:19:38.661	1.34247	1.34250			6
2025.06.23	01:19:38.965	1.34253	1.34256			6
2025.06.23	01:19:39.271	1.34252	1.34255			6
2025.06.23	01:19:39.575	1.34250	1.34253			6
2025.06.23	01:19:40.490	1.34251	1.34254			6
2025.06.23	01:19:41.103	1.34252	1.34255			6
2025.06.23	01:19:42.928	1.34253	1.34256			6
2025.06.23	01:19:43.233	1.34250	1.34253			6
2025.06.23	01:19:43.536	1.34244	1.34259			6
2025.06.23	01:19:43.840	1.34250	1.34253			6
2025.06.23	01:19:44.145	1.34244	1.34259			6
2025.06.23	01:19:44.447	1.34252	1.34255			6
2025.06.23	01:19:48.402	1.34251	1.34254			6
2025.06.23	01:19:48.707	1.34253	1.34256			6
2025.06.23	01:19:49.918	1.34251	1.34254			6
2025.06.23	01:19:53.877	1.34252	1.34255			6
2025.06.23	01:19:54.793	1.34250	1.34253			6
2025.06.23	01:19:57.247	1.34252	1.34255			6
2025.06.23	01:19:59.410	1.34261	1.34264			6
2025.06.23	01:19:59.712	1.34260	1.34263			6
2025.06.23	01:20:00.024	1.34260				2
2025.06.23	01:20:00.330	1.34258				2
2025.06.23	01:20:00.940	1.34257	1.34262			6
2025.06.23	01:20:01.553	1.34256	1.34261			6
2025.06.23	01:20:02.177		1.34260			4
2025.06.23	01:20:02.795	1.34255	1.34259			6
2025.06.23	01:20:04.339	1.34256				2
2025.06.23	01:20:04.951	1.34251	1.34254			6
2025.06.23	01:20:05.261	1.34250	1.34256			6
2025.06.23	01:20:06.177	1.34251				2
2025.06.23	01:20:07.106		1.34255			4
2025.06.23	01:20:08.335		1.34254			4
2025.06.23	01:20:09.256	1.34252	1.34255			6
2025.06.23	01:20:11.713	1.34257	1.34260			6
2025.06.23	01:20:13.244	1.34256				2
2025.06.23	01:20:14.160	1.34257				2
2025.06.23	01:20:16.604	1.34256	1.34259			6
2025.06.23	01:20:24.569	1.34258	1.34261			6
2025.06.23	01:20:24.873	1.34257	1.34260			6
2025.06.23	01:20:26.707	1.34254	1.34257			6
2025.06.23	01:20:32.820	1.34241	1.34244			6
2025.06.23	01:20:33.123	1.34242	1.34245			6
2025.06.23	01:20:34.044	1.34238	1.34241			6
2025.06.23	01:20:34.346	1.34235	1.34247			6
2025.06.23	01:20:35.286	1.34236	1.34248			6
2025.06.23	01:20:36.208	1.34237	1.34249			6
2025.06.23	01:20:36.516	1.34242	1.34254			6
2025.06.23	01:20:41.156		1.34253			4
2025.06.23	01:20:42.397	1.34243	1.34252			6
2025.06.23	01:20:43.320	1.34244	1.34251			6
2025.06.23	01:20:44.245	1.34245	1.34250			6
2025.06.23	01:20:45.172		1.34249			4
2025.06.23	01:20:46.094	1.34247	1.34250			6
2025.06.23	01:20:46.400	1.34246	1.34249			6
2025.06.23	01:20:48.228	1.34247	1.34250			6
2025.06.23	01:20:48.531	1.34246	1.34249			6
2025.06.23	01:20:51.286	1.34245	1.34248			6
2025.06.23	01:20:53.121	1.34246	1.34249			6
2025.06.23	01:20:54.335	1.34247	1.34250			6
2025.06.23	01:20:55.857	1.34246	1.34249			6
2025.06.23	01:20:56.780	1.34247	1.34250			6
2025.06.23	01:20:57.080	1.34246	1.34249			6
2025.06.23	01:20:57.395	1.34247	1.34250			6
2025.06.23	01:21:00.123	1.34247				2
2025.06.23	01:21:01.344	1.34243	1.34246			6
2025.06.23	01:21:01.654	1.34239	1.34242			6
2025.06.23	01:21:01.959	1.34243	1.34246			6
2025.06.23	01:21:02.564	1.34244	1.34247			6
2025.06.23	01:21:06.238	1.34248	1.34251			6
2025.06.23	01:21:06.542	1.34249	1.34252			6
2025.06.23	01:21:16.003	1.34248	1.34251			6
2025.06.23	01:21:20.573	1.34249	1.34252			6
2025.06.23	01:21:24.265	1.34248	1.34251			6
2025.06.23	01:21:27.927	1.34242	1.34245			6
2025.06.23	01:21:29.146		1.34246			4
2025.06.23	01:21:30.062	1.34239	1.34243			6
2025.06.23	01:21:30.365	1.34241	1.34244			6
2025.06.23	01:21:30.668	1.34243	1.34246			6
2025.06.23	01:21:31.898	1.34241	1.34244			6
2025.06.23	01:21:32.201	1.34240				2
2025.06.23	01:21:33.116	1.34241				2
2025.06.23	01:21:39.497	1.34240	1.34243			6
2025.06.23	01:21:40.407	1.34252	1.34255			6
2025.06.23	01:21:42.239	1.34247	1.34259			6
2025.06.23	01:21:43.161	1.34245	1.34257			6
2025.06.23	01:21:43.476	1.34244	1.34256			6
2025.06.23	01:21:44.396	1.34246	1.34258			6
2025.06.23	01:21:44.700	1.34245	1.34257			6
2025.06.23	01:21:45.328	1.34246	1.34258			6
2025.06.23	01:21:45.643	1.34243	1.34255			6
2025.06.23	01:21:45.945	1.34244	1.34256			6
2025.06.23	01:21:47.789	1.34242	1.34254			6
2025.06.23	01:21:48.393	1.34243				2
2025.06.23	01:21:49.010	1.34244	1.34255			6
2025.06.23	01:21:49.324		1.34254			4
2025.06.23	01:21:50.251	1.34245				2
2025.06.23	01:21:51.177	1.34246	1.34253			6
2025.06.23	01:21:52.411		1.34252			4
2025.06.23	01:21:53.331	1.34247				2
2025.06.23	01:21:53.635	1.34246	1.34251			6
2025.06.23	01:21:53.946	1.34247	1.34252			6
2025.06.23	01:21:54.253	1.34248				2
2025.06.23	01:21:56.101		1.34251			4
2025.06.23	01:21:57.322	1.34247	1.34250			6
2025.06.23	01:21:59.768	1.34249	1.34252			6
2025.06.23	01:22:00.074	1.34249				2
2025.06.23	01:22:00.693	1.34250	1.34253			6
2025.06.23	01:22:01.305	1.34249	1.34252			6
2025.06.23	01:22:01.608	1.34261	1.34264			6
2025.06.23	01:22:01.912	1.34260	1.34263			6
2025.06.23	01:22:02.220	1.34261	1.34264			6
2025.06.23	01:22:02.523	1.34259	1.34262			6
2025.06.23	01:22:03.135	1.34256	1.34266			6
2025.06.23	01:22:03.756	1.34255	1.34267			6
2025.06.23	01:22:04.061	1.34253	1.34265			6
2025.06.23	01:22:04.974	1.34255				2
2025.06.23	01:22:05.593	1.34254	1.34264			6
2025.06.23	01:22:06.521	1.34253	1.34265			6
2025.06.23	01:22:06.830	1.34254	1.34266			6
2025.06.23	01:22:07.140		1.34265			4
2025.06.23	01:22:07.757	1.34253	1.34264			6
2025.06.23	01:22:08.064	1.34256	1.34267			6
2025.06.23	01:22:08.381		1.34266			4
2025.06.23	01:22:08.989	1.34257	1.34267			6
2025.06.23	01:22:09.298	1.34258	1.34266			6
2025.06.23	01:22:10.230	1.34259	1.34265			6
2025.06.23	01:22:11.157	1.34260				2
2025.06.23	01:22:12.395		1.34264			4
2025.06.23	01:22:12.704	1.34263	1.34267			6
2025.06.23	01:22:13.005	1.34260	1.34264			6
2025.06.23	01:22:13.313	1.34268	1.34271			6
2025.06.23	01:22:13.621	1.34271	1.34274			6
2025.06.23	01:22:14.240	1.34267	1.34279			6
2025.06.23	01:22:14.544	1.34275	1.34287			6
2025.06.23	01:22:15.458	1.34274	1.34286			6
2025.06.23	01:22:16.387	1.34275				2
2025.06.23	01:22:16.693	1.34276	1.34287			6
2025.06.23	01:22:16.999	1.34275	1.34286			6
2025.06.23	01:22:17.316		1.34285			4
2025.06.23	01:22:18.240	1.34276	1.34284			6
2025.06.23	01:22:19.157	1.34277				2
2025.06.23	01:22:20.378	1.34278	1.34283			6
2025.06.23	01:22:21.299	1.34293	1.34297			6
2025.06.23	01:22:22.225	1.34289	1.34301			6
2025.06.23	01:22:23.141	1.34288	1.34300			6
2025.06.23	01:22:23.447	1.34285	1.34297			6
2025.06.23	01:22:23.750	1.34284	1.34296			6
2025.06.23	01:22:24.372		1.34295			4
2025.06.23	01:22:25.281		1.34296			4
2025.06.23	01:22:25.887	1.34283	1.34295			6
2025.06.23	01:22:26.191	1.34280	1.34290			6
2025.06.23	01:22:26.501	1.34276	1.34286			6
2025.06.23	01:22:27.119	1.34273	1.34285			6
2025.06.23	01:22:28.046	1.34275	1.34286			6
2025.06.23	01:22:28.349	1.34274	1.34285			6
2025.06.23	01:22:29.278	1.34275	1.34284			6
2025.06.23	01:22:30.205	1.34274	1.34282			6
2025.06.23	01:22:30.511	1.34276				2
2025.06.23	01:22:31.123		1.34281			4
2025.06.23	01:22:31.738	1.34277				2
2025.06.23	01:22:32.039		1.34288			4
2025.06.23	01:22:32.350		1.34280			4
2025.06.23	01:22:32.657		1.34288			4
2025.06.23	01:22:33.582		1.34279			4
2025.06.23	01:22:33.886	1.34272	1.34284			6
2025.06.23	01:22:34.188		1.34286			4
2025.06.23	01:22:34.799	1.34273				2
2025.06.23	01:22:38.189		1.34284			4
2025.06.23	01:22:40.636	1.34275				2
2025.06.23	01:22:42.781	1.34273				2
2025.06.23	01:22:43.710	1.34288	1.34289			6
2025.06.23	01:22:44.015	1.34299	1.34300			6
2025.06.23	01:22:44.328	1.34296	1.34310			6
2025.06.23	01:22:44.634	1.34299	1.34312			6
2025.06.23	01:22:45.556	1.34300	1.34309			6
2025.06.23	01:22:45.862		1.34308			4
2025.06.23	01:22:46.176		1.34312			4
2025.06.23	01:22:51.096	1.34299				2
2025.06.23	01:22:52.652	1.34301	1.34308			6
2025.06.23	01:22:53.258		1.34307			4
2025.06.23	01:22:53.569	1.34307	1.34313			6
2025.06.23	01:22:54.184		1.34312			4
2025.06.23	01:22:55.094	1.34305	1.34309			6
2025.06.23	01:22:55.405	1.34306	1.34310			6
2025.06.23	01:22:56.316	1.34301	1.34305			6
2025.06.23	01:22:56.619	1.34299	1.34314			6
2025.06.23	01:22:56.924	1.34302	1.34306			6
2025.06.23	01:22:57.533	1.34297	1.34301			6
2025.06.23	01:22:58.440	1.34296	1.34300			6
2025.06.23	01:22:59.042	1.34297	1.34301			6
2025.06.23	01:22:59.344	1.34296	1.34300			6
2025.06.23	01:22:59.957	1.34297	1.34301			6
2025.06.23	01:23:00.258	1.34298				2
2025.06.23	01:23:24.364	1.34305	1.34308			6
2025.06.23	01:23:24.969	1.34306	1.34309			6
2025.06.23	01:23:25.273	1.34307	1.34310			6
2025.06.23	01:23:25.573	1.34308	1.34311			6
2025.06.23	01:23:27.398	1.34302	1.34305			6
2025.06.23	01:23:27.700	1.34300	1.34303			6
2025.06.23	01:23:28.320	1.34299	1.34302			6
2025.06.23	01:23:29.544	1.34296	1.34299			6
2025.06.23	01:23:29.853	1.34295	1.34298			6
2025.06.23	01:23:30.155	1.34294	1.34297			6
2025.06.23	01:23:30.762	1.34296	1.34299			6
2025.06.23	01:23:31.065	1.34297	1.34300			6
2025.06.23	01:23:32.302	1.34298	1.34301			6
2025.06.23	01:23:49.064	1.34306	1.34309			6
2025.06.23	01:23:49.981	1.34310	1.34313			6
2025.06.23	01:23:50.904	1.34309	1.34312			6
2025.06.23	01:23:51.211	1.34308	1.34311			6
2025.06.23	01:23:52.135	1.34307				2
2025.06.23	01:23:53.353	1.34308				2
2025.06.23	01:23:56.093	1.34302	1.34305			6
2025.06.23	01:23:56.403	1.34301	1.34304			6
2025.06.23	01:23:57.318	1.34298	1.34303			6
2025.06.23	01:23:58.244		1.34302			4
2025.06.23	01:24:00.080	1.34298				2
2025.06.23	01:24:00.386		1.34301			4
2025.06.23	01:24:01.005	1.34293	1.34296			6
2025.06.23	01:24:01.306	1.34291	1.34294			6
2025.06.23	01:24:01.611	1.34289	1.34292			6
2025.06.23	01:24:01.921	1.34288	1.34291			6
2025.06.23	01:24:02.225	1.34286	1.34294			6
2025.06.23	01:24:02.542	1.34293	1.34301			6
2025.06.23	01:24:03.157	1.34292	1.34303			6
2025.06.23	01:24:03.467	1.34293	1.34304			6
2025.06.23	01:24:04.078	1.34294	1.34305			6
2025.06.23	01:24:05.315	1.34287	1.34296			6
2025.06.23	01:24:05.932	1.34286	1.34295			6
2025.06.23	01:24:06.239	1.34284	1.34296			6
2025.06.23	01:24:06.546	1.34279	1.34291			6
2025.06.23	01:24:06.852	1.34281	1.34293			6
2025.06.23	01:24:07.158	1.34282	1.34294			6
2025.06.23	01:24:08.399	1.34283	1.34295			6
2025.06.23	01:24:09.015	1.34284	1.34296			6
2025.06.23	01:24:09.318		1.34295			4
2025.06.23	01:24:10.245	1.34285	1.34294			6
2025.06.23	01:24:11.176	1.34286	1.34293			6
2025.06.23	01:24:12.400	1.34287	1.34292			6
2025.06.23	01:24:13.323		1.34291			4
2025.06.23	01:24:14.242	1.34288				2
2025.06.23	01:24:16.080	1.34291	1.34294			6
2025.06.23	01:24:16.386	1.34292	1.34295			6
2025.06.23	01:24:16.694	1.34293	1.34296			6
2025.06.23	01:24:17.302	1.34297	1.34300			6
2025.06.23	01:24:17.917	1.34298	1.34301			6
2025.06.23	01:24:18.225	1.34297				2
2025.06.23	01:24:19.143	1.34298				2
2025.06.23	01:24:20.056	1.34287	1.34290			6
2025.06.23	01:24:21.277	1.34283	1.34294			6
2025.06.23	01:24:21.578	1.34291	1.34303			6
2025.06.23	01:24:22.799	1.34289	1.34301			6
2025.06.23	01:24:23.725	1.34286	1.34298			6
2025.06.23	01:24:24.033	1.34285	1.34297			6
2025.06.23	01:24:24.956		1.34296			4
2025.06.23	01:24:25.266	1.34289	1.34299			6
2025.06.23	01:24:26.499		1.34300			4
2025.06.23	01:24:27.114	1.34287	1.34296			6
2025.06.23	01:24:27.419	1.34286	1.34295			6
2025.06.23	01:24:28.034	1.34287	1.34296			6
2025.06.23	01:24:28.338	1.34290	1.34298			6
2025.06.23	01:24:29.264	1.34291				2
2025.06.23	01:24:30.191	1.34292	1.34296			6
2025.06.23	01:24:31.104	1.34293				2
2025.06.23	01:24:32.323	1.34291	1.34294			6
2025.06.23	01:24:32.626	1.34289	1.34292			6
2025.06.23	01:24:33.243	1.34288	1.34291			6
2025.06.23	01:24:35.373	1.34299	1.34302			6
2025.06.23	01:24:36.284	1.34294	1.34306			6
2025.06.23	01:24:37.202	1.34295	1.34305			6
2025.06.23	01:24:38.127	1.34296	1.34304			6
2025.06.23	01:24:38.742	1.34292	1.34300			6
2025.06.23	01:24:39.359		1.34299			4
2025.06.23	01:24:39.669	1.34291	1.34298			6
2025.06.23	01:24:40.290	1.34292	1.34297			6
2025.06.23	01:24:41.196	1.34293				2
2025.06.23	01:24:42.107		1.34296			4
2025.06.23	01:24:43.011	1.34291	1.34294			6
2025.06.23	01:24:43.925	1.34292	1.34295			6
2025.06.23	01:24:44.229	1.34291	1.34294			6
2025.06.23	01:24:44.532	1.34292	1.34295			6
2025.06.23	01:24:45.136	1.34291	1.34294			6
2025.06.23	01:24:45.436	1.34292	1.34295			6
2025.06.23	01:24:46.347	1.34290	1.34293			6
2025.06.23	01:24:46.957	1.34289	1.34292			6
2025.06.23	01:24:50.617	1.34288	1.34291			6
2025.06.23	01:25:00.090	1.34288				2
2025.06.23	01:25:03.135	1.34289	1.34292			6
2025.06.23	01:25:04.664	1.34288	1.34291			6
2025.06.23	01:25:24.190	1.34269	1.34272			6
2025.06.23	01:25:24.498	1.34259	1.34262			6
2025.06.23	01:25:25.109	1.34254	1.34265			6
2025.06.23	01:25:25.728		1.34264			4
2025.06.23	01:25:26.339	1.34253	1.34265			6
2025.06.23	01:25:27.268	1.34248	1.34260			6
2025.06.23	01:25:27.573	1.34246	1.34258			6
2025.06.23	01:25:27.890	1.34245	1.34257			6
2025.06.23	01:25:28.812		1.34256			4
2025.06.23	01:25:29.121	1.34250	1.34262			6
2025.06.23	01:25:29.424	1.34252	1.34264			6
2025.06.23	01:25:30.046	1.34253				2
2025.06.23	01:25:30.663	1.34251	1.34263			6
2025.06.23	01:25:30.970	1.34250	1.34262			6
2025.06.23	01:25:31.282		1.34261			4
2025.06.23	01:25:31.590	1.34249	1.34260			6
2025.06.23	01:25:32.209	1.34250				2
2025.06.23	01:25:33.129		1.34259			4
2025.06.23	01:25:34.355	1.34251				2
2025.06.23	01:25:35.288		1.34258			4
2025.06.23	01:25:36.213	1.34252	1.34257			6
2025.06.23	01:25:38.356	1.34253				2
2025.06.23	01:25:39.280	1.34247	1.34251			6
2025.06.23	01:25:39.584	1.34244	1.34248			6
2025.06.23	01:25:39.886	1.34240	1.34244			6
2025.06.23	01:25:40.798	1.34238	1.34242			6
2025.06.23	01:25:42.330	1.34239				2
2025.06.23	01:25:42.933	1.34238	1.34241			6
2025.06.23	01:25:44.157	1.34237	1.34240			6
2025.06.23	01:25:51.761	1.34238	1.34241			6
2025.06.23	01:25:52.366	1.34239	1.34242			6
2025.06.23	01:25:53.280	1.34237	1.34240			6
2025.06.23	01:25:56.030	1.34241	1.34244			6
2025.06.23	01:25:56.342	1.34245	1.34248			6
2025.06.23	01:25:56.650	1.34247	1.34250			6
2025.06.23	01:25:57.870	1.34248	1.34251			6
2025.06.23	01:26:00.001	1.34248				2
2025.06.23	01:26:00.305	1.34246	1.34249			6
2025.06.23	01:26:01.528	1.34247	1.34250			6
2025.06.23	01:26:02.443	1.34248	1.34251			6
2025.06.23	01:26:05.502	1.34247	1.34250			6
2025.06.23	01:26:06.723	1.34248	1.34251			6
2025.06.23	01:26:09.452	1.34249	1.34252			6
2025.06.23	01:26:10.377	1.34245	1.34248			6
2025.06.23	01:26:11.593	1.34246	1.34249			6
2025.06.23	01:26:12.201	1.34247	1.34250			6
2025.06.23	01:26:14.950	1.34244	1.34247			6
2025.06.23	01:26:15.864	1.34243	1.34246			6
2025.06.23	01:26:19.531	1.34250	1.34253			6
2025.06.23	01:26:20.140	1.34251	1.34254			6
2025.06.23	01:26:21.167	1.34253	1.34256			6
2025.06.23	01:26:21.783	1.34251	1.34254			6
2025.06.23	01:26:22.995	1.34253	1.34256			6
2025.06.23	01:26:27.574	1.34251	1.34254			6
2025.06.23	01:26:27.878	1.34250	1.34253			6
2025.06.23	01:26:28.178	1.34251	1.34254			6
2025.06.23	01:26:28.787	1.34249	1.34252			6
2025.06.23	01:26:29.703	1.34248	1.34251			6
2025.06.23	01:26:39.160	1.34249	1.34252			6
2025.06.23	01:26:39.770	1.34250	1.34253			6
2025.06.23	01:26:41.914	1.34244	1.34247			6
2025.06.23	01:26:42.222	1.34236	1.34245			6
2025.06.23	01:26:43.160	1.34237	1.34244			6
2025.06.23	01:26:43.467	1.34236	1.34243			6
2025.06.23	01:26:44.400	1.34238	1.34244			6
2025.06.23	01:26:45.337		1.34243			4
2025.06.23	01:26:46.268		1.34242			4
2025.06.23	01:26:48.120	1.34239				2
2025.06.23	01:26:49.642	1.34243	1.34246			6
2025.06.23	01:26:50.249		1.34247			4
2025.06.23	01:26:51.181		1.34246			4
2025.06.23	01:26:51.489	1.34244	1.34247			6
2025.06.23	01:26:57.904	1.34247	1.34250			6
2025.06.23	01:27:00.039	1.34248	1.34251			6
2025.06.23	01:27:02.181	1.34251	1.34254			6
2025.06.23	01:27:02.482	1.34253	1.34256			6
2025.06.23	01:27:02.786	1.34254	1.34257			6
2025.06.23	01:27:03.094	1.34253	1.34256			6
2025.06.23	01:27:03.395	1.34252	1.34255			6
2025.06.23	01:27:03.698	1.34250	1.34253			6
2025.06.23	01:27:05.816	1.34249	1.34252			6
2025.06.23	01:27:07.038	1.34243	1.34246			6
2025.06.23	01:27:07.341	1.34242	1.34245			6
2025.06.23	01:27:07.956	1.34241	1.34244			6
2025.06.23	01:27:08.262	1.34243	1.34246			6
2025.06.23	01:27:08.565	1.34250	1.34253			6
2025.06.23	01:27:08.869	1.34246	1.34249			6
2025.06.23	01:27:10.396	1.34245	1.34250			6
2025.06.23	01:27:11.321	1.34246				2
2025.06.23	01:27:12.242		1.34249			4
2025.06.23	01:27:13.157	1.34247	1.34250			6
2025.06.23	01:27:14.684	1.34246	1.34249			6
2025.06.23	01:27:14.987	1.34247	1.34250			6
2025.06.23	01:27:20.184	1.34246	1.34249			6
2025.06.23	01:27:21.115	1.34243	1.34246			6
2025.06.23	01:27:22.031	1.34242	1.34245			6
2025.06.23	01:27:22.658	1.34241	1.34244			6
2025.06.23	01:27:23.580	1.34243	1.34246			6
2025.06.23	01:27:26.359	1.34244	1.34247			6
2025.06.23	01:27:26.663	1.34248	1.34251			6
2025.06.23	01:27:37.193	1.34249	1.34252			6
2025.06.23	01:27:44.309	1.34243	1.34246			6
2025.06.23	01:27:45.540	1.34241	1.34244			6
2025.06.23	01:27:46.774	1.34240	1.34243			6
2025.06.23	01:27:48.929	1.34241	1.34244			6
2025.06.23	01:27:49.239	1.34247	1.34250			6
2025.06.23	01:27:49.551	1.34248	1.34251			6
2025.06.23	01:27:50.168	1.34245	1.34256			6
2025.06.23	01:27:50.471	1.34243	1.34254			6
2025.06.23	01:27:51.397	1.34244				2
2025.06.23	01:27:52.313		1.34253			4
2025.06.23	01:27:53.246	1.34245				2
2025.06.23	01:27:54.170	1.34246	1.34252			6
2025.06.23	01:27:55.402	1.34247				2
2025.06.23	01:27:56.330		1.34251			4
2025.06.23	01:27:57.254	1.34248				2
2025.06.23	01:28:00.012	1.34248				2
2025.06.23	01:28:11.634	1.34243	1.34259			6
2025.06.23	01:28:11.938	1.34249	1.34252			6
2025.06.23	01:28:12.244	1.34248	1.34251			6
2025.06.23	01:28:17.801	1.34250	1.34253			6
2025.06.23	01:28:18.408	1.34249	1.34252			6
2025.06.23	01:28:19.331	1.34244	1.34247			6
2025.06.23	01:28:19.640	1.34243	1.34246			6
2025.06.23	01:28:21.482	1.34239	1.34242			6
2025.06.23	01:28:22.104	1.34238	1.34241			6
2025.06.23	01:28:23.325	1.34242	1.34245			6
2025.06.23	01:28:24.256	1.34240	1.34248			6
2025.06.23	01:28:25.183	1.34241	1.34247			6
2025.06.23	01:28:25.502	1.34242	1.34248			6
2025.06.23	01:28:26.425	1.34243				2
2025.06.23	01:28:26.731	1.34242	1.34247			6
2025.06.23	01:28:28.283		1.34246			4
2025.06.23	01:28:29.212	1.34243				2
2025.06.23	01:28:32.280	1.34241	1.34244			6
2025.06.23	01:28:32.584	1.34239	1.34242			6
2025.06.23	01:28:32.895	1.34238	1.34241			6
2025.06.23	01:28:40.927	1.34244	1.34247			6
2025.06.23	01:28:41.555	1.34245	1.34248			6
2025.06.23	01:28:41.863	1.34244	1.34247			6
2025.06.23	01:28:42.174	1.34240	1.34252			6
2025.06.23	01:28:42.788	1.34242				2
2025.06.23	01:28:44.338		1.34251			4
2025.06.23	01:28:46.197		1.34250			4
2025.06.23	01:28:47.126	1.34243	1.34249			6
2025.06.23	01:28:48.369		1.34248			4
2025.06.23	01:28:49.305	1.34244				2
2025.06.23	01:28:50.235		1.34247			4
2025.06.23	01:29:00.022	1.34244				2
2025.06.23	01:29:00.323	1.34243	1.34246			6
2025.06.23	01:29:00.927	1.34244	1.34247			6
2025.06.23	01:29:01.838	1.34243	1.34246			6
2025.06.23	01:29:18.925	1.34245	1.34248			6
2025.06.23	01:29:19.227	1.34244	1.34247			6
2025.06.23	01:29:19.531	1.34243	1.34246			6
2025.06.23	01:29:19.839	1.34244	1.34247			6
2025.06.23	01:29:20.461	1.34243	1.34246			6
2025.06.23	01:29:40.868	1.34240	1.34243			6
2025.06.23	01:29:41.185	1.34242	1.34245			6
2025.06.23	01:29:41.809	1.34243	1.34246			6
2025.06.23	01:29:42.116	1.34242				2
2025.06.23	01:29:43.050	1.34243				2
2025.06.23	01:29:45.837	1.34244	1.34247			6
2025.06.23	01:29:48.313	1.34246	1.34249			6
2025.06.23	01:29:48.620	1.34244	1.34247			6
2025.06.23	01:29:48.925	1.34243	1.34246			6
2025.06.23	01:29:49.241	1.34244	1.34247			6
2025.06.23	01:29:49.549	1.34243	1.34246			6
2025.06.23	01:29:54.795	1.34241	1.34244			6
2025.06.23	01:29:55.103	1.34240	1.34243			6
2025.06.23	01:29:56.029	1.34238	1.34241			6
2025.06.23	01:29:56.337	1.34236	1.34244			6
2025.06.23	01:29:56.654	1.34235				2
2025.06.23	01:29:56.964	1.34236	1.34245			6
2025.06.23	01:29:57.266		1.34244			4
2025.06.23	01:29:58.198	1.34239	1.34247			6
2025.06.23	01:29:58.506	1.34241	1.34248			6
2025.06.23	01:29:58.820	1.34242				2
2025.06.23	01:29:59.121		1.34250			4
2025.06.23	01:29:59.733	1.34243	1.34251			6
2025.06.23	01:30:00.045	1.34243				2
2025.06.23	01:30:00.365	1.34242	1.34250			6
2025.06.23	01:30:00.667	1.34244	1.34252			6
2025.06.23	01:30:00.982	1.34243				2
2025.06.23	01:30:01.284	1.34239	1.34251			6
2025.06.23	01:30:03.128		1.34250			4
2025.06.23	01:30:04.360	1.34240				2
2025.06.23	01:30:05.288		1.34249			4
2025.06.23	01:30:06.220	1.34244				2
2025.06.23	01:30:06.525	1.34243				2
2025.06.23	01:30:07.152		1.34248			4
2025.06.23	01:30:07.464		1.34249			4
2025.06.23	01:30:07.775	1.34247				2
2025.06.23	01:30:08.075	1.34245	1.34250			6
2025.06.23	01:30:08.377		1.34249			4
2025.06.23	01:30:09.314	1.34248	1.34250			6
2025.06.23	01:30:09.629	1.34246				2
2025.06.23	01:30:10.247	1.34245	1.34247			6
2025.06.23	01:30:10.561	1.34243				2
2025.06.23	01:30:11.181	1.34240	1.34248			6
2025.06.23	01:30:11.487	1.34239				2
2025.06.23	01:30:12.110	1.34240				2
2025.06.23	01:30:13.343	1.34243				2
2025.06.23	01:30:13.646	1.34242				2
2025.06.23	01:30:14.270		1.34247			4
2025.06.23	01:30:15.183	1.34243	1.34246			6
2025.06.23	01:30:17.926	1.34240	1.34243			6
2025.06.23	01:30:18.227	1.34239				2
2025.06.23	01:30:18.535	1.34238	1.34242			6
2025.06.23	01:30:19.144	1.34237	1.34243			6
2025.06.23	01:30:19.755	1.34239				2
2025.06.23	01:30:20.058	1.34240	1.34246			6
2025.06.23	01:30:20.371	1.34238	1.34248			6
2025.06.23	01:30:20.686	1.34239	1.34249			6
2025.06.23	01:30:22.539		1.34250			4
2025.06.23	01:30:23.159	1.34240	1.34249			6
2025.06.23	01:30:24.387		1.34248			4
2025.06.23	01:30:25.311	1.34242				2
2025.06.23	01:30:25.615		1.34247			4
2025.06.23	01:30:26.238		1.34246			4
2025.06.23	01:30:28.375	1.34243				2
2025.06.23	01:30:44.561	1.34245				2
2025.06.23	01:30:44.863		1.34247			4
2025.06.23	01:30:45.471	1.34247	1.34248			6
2025.06.23	01:30:45.773	1.34245	1.34247			6
2025.06.23	01:30:46.389	1.34246				2
2025.06.23	01:30:48.514	1.34247	1.34248			6
2025.06.23	01:30:48.815	1.34246	1.34247			6
2025.06.23	01:30:53.689	1.34247	1.34248			6
2025.06.23	01:30:54.001	1.34244	1.34247			6
2025.06.23	01:30:55.822	1.34247	1.34248			6
2025.06.23	01:30:56.125	1.34244	1.34247			6
2025.06.23	01:30:57.348	1.34246				2
2025.06.23	01:30:57.966	1.34245				2
2025.06.23	01:30:59.492	1.34244				2
2025.06.23	01:31:00.096	1.34244				2
2025.06.23	01:31:00.399	1.34247	1.34248			6
2025.06.23	01:31:00.702	1.34244	1.34247			6
2025.06.23	01:31:01.620	1.34243	1.34246			6
2025.06.23	01:31:02.227	1.34249	1.34252			6
2025.06.23	01:31:02.533	1.34248	1.34251			6
2025.06.23	01:31:03.143	1.34246	1.34255			6
2025.06.23	01:31:03.458		1.34256			4
2025.06.23	01:31:03.763	1.34245				2
2025.06.23	01:31:04.069	1.34244				2
2025.06.23	01:31:04.679	1.34247	1.34258			6
2025.06.23	01:31:04.993		1.34259			4
2025.06.23	01:31:05.295	1.34246	1.34257			6
2025.06.23	01:31:05.598	1.34247	1.34258			6
2025.06.23	01:31:05.899		1.34259			4
2025.06.23	01:31:06.520	1.34248	1.34258			6
2025.06.23	01:31:06.832	1.34247	1.34259			6
2025.06.23	01:31:07.140	1.34245	1.34257			6
2025.06.23	01:31:07.750	1.34248	1.34256			6
2025.06.23	01:31:08.067	1.34245				2
2025.06.23	01:31:09.300	1.34248				2
2025.06.23	01:31:09.905	1.34252	1.34262			6
2025.06.23	01:31:10.534		1.34264			4
2025.06.23	01:31:11.148	1.34253	1.34262			6
2025.06.23	01:31:11.462	1.34252	1.34261			6
2025.06.23	01:31:11.765		1.34262			4
2025.06.23	01:31:12.683	1.34251				2
2025.06.23	01:31:13.603	1.34252				2
2025.06.23	01:31:15.748	1.34251				2
2025.06.23	01:31:16.361	1.34262	1.34266			6
2025.06.23	01:31:16.669	1.34258	1.34263			6
2025.06.23	01:31:16.981	1.34257	1.34264			6
2025.06.23	01:31:17.290	1.34258	1.34265			6
2025.06.23	01:31:17.593	1.34257				2
2025.06.23	01:31:18.216	1.34255	1.34260			6
2025.06.23	01:31:18.525		1.34261			4
2025.06.23	01:31:18.839	1.34258				2
2025.06.23	01:31:19.144	1.34256	1.34263			6
2025.06.23	01:31:20.360		1.34262			4
2025.06.23	01:31:20.667	1.34253				2
2025.06.23	01:31:20.977	1.34252	1.34261			6
2025.06.23	01:31:21.283	1.34253	1.34262			6
2025.06.23	01:31:21.891		1.34261			4
2025.06.23	01:31:22.196	1.34254				2
2025.06.23	01:31:22.500	1.34253	1.34260			6
2025.06.23	01:31:23.111		1.34259			4
2025.06.23	01:31:23.425	1.34254	1.34260			6
2025.06.23	01:31:24.035	1.34255				2
2025.06.23	01:31:24.337	1.34250	1.34255			6
2025.06.23	01:31:25.266	1.34251	1.34260			6
2025.06.23	01:31:25.572	1.34250	1.34258			6
2025.06.23	01:31:27.411		1.34257			4
2025.06.23	01:31:28.323	1.34251	1.34256			6
2025.06.23	01:31:29.248	1.34252	1.34257			6
2025.06.23	01:31:29.554	1.34254	1.34259			6
2025.06.23	01:31:29.858	1.34253	1.34258			6
2025.06.23	01:31:30.785	1.34254	1.34259			6
2025.06.23	01:31:31.091		1.34258			4
2025.06.23	01:31:32.309	1.34255				2
2025.06.23	01:31:33.235	1.34258	1.34259			6
2025.06.23	01:31:33.536	1.34256				2
2025.06.23	01:31:33.838	1.34257				2
2025.06.23	01:31:34.443	1.34258				2
2025.06.23	01:31:34.749	1.34256				2
2025.06.23	01:31:37.194	1.34258				2
2025.06.23	01:31:37.804	1.34256				2
2025.06.23	01:31:38.411	1.34255	1.34258			6
2025.06.23	01:31:39.317	1.34256	1.34259			6
2025.06.23	01:31:39.621	1.34255	1.34258			6
2025.06.23	01:31:39.923	1.34256	1.34259			6
2025.06.23	01:31:40.530	1.34255	1.34258			6
2025.06.23	01:31:41.744	1.34256	1.34259			6
2025.06.23	01:31:42.046	1.34255	1.34258			6
2025.06.23	01:31:42.955	1.34254	1.34257			6
2025.06.23	01:31:43.875	1.34255	1.34258			6
2025.06.23	01:31:45.721	1.34254	1.34257			6
2025.06.23	01:31:46.028	1.34255	1.34258			6
2025.06.23	01:31:46.329	1.34254	1.34257			6
2025.06.23	01:31:47.552	1.34255	1.34258			6
2025.06.23	01:31:48.161	1.34254	1.34257			6
2025.06.23	01:31:48.771	1.34255	1.34258			6
2025.06.23	01:31:49.073	1.34254	1.34257			6
2025.06.23	01:31:49.379	1.34255	1.34258			6
2025.06.23	01:31:49.983	1.34254	1.34257			6
2025.06.23	01:31:51.197	1.34255	1.34258			6
2025.06.23	01:31:53.024	1.34256	1.34259			6
2025.06.23	01:31:53.328	1.34255	1.34258			6
2025.06.23	01:31:54.548	1.34256	1.34259			6
2025.06.23	01:32:00.035	1.34256				2
2025.06.23	01:32:02.493	1.34258				2
2025.06.23	01:32:02.796	1.34256				2
2025.06.23	01:32:03.417	1.34258				2
2025.06.23	01:32:03.718	1.34256				2
2025.06.23	01:32:04.028	1.34248	1.34251			6
2025.06.23	01:32:04.335	1.34244	1.34253			6
2025.06.23	01:32:04.635	1.34248	1.34254			6
2025.06.23	01:32:04.940	1.34246				2
2025.06.23	01:32:05.244	1.34245				2
2025.06.23	01:32:06.161	1.34251				2
2025.06.23	01:32:06.470	1.34250	1.34253			6
2025.06.23	01:32:06.780	1.34251	1.34254			6
2025.06.23	01:32:07.086		1.34256			4
2025.06.23	01:32:08.323		1.34257			4
2025.06.23	01:32:08.635		1.34256			4
2025.06.23	01:32:08.940		1.34257			4
2025.06.23	01:32:09.246		1.34258			4
2025.06.23	01:32:09.866		1.34259			4
2025.06.23	01:32:10.173		1.34258			4
2025.06.23	01:32:10.783		1.34256			4
2025.06.23	01:32:11.104		1.34257			4
2025.06.23	01:32:11.408		1.34258			4
2025.06.23	01:32:11.717		1.34257			4
2025.06.23	01:32:12.031		1.34258			4
2025.06.23	01:32:12.337		1.34255			4
2025.06.23	01:32:12.952	1.34253	1.34256			6
2025.06.23	01:32:13.272		1.34257			4
2025.06.23	01:32:13.885		1.34256			4
2025.06.23	01:32:14.191		1.34255			4
2025.06.23	01:32:14.802		1.34256			4
2025.06.23	01:32:15.106		1.34255			4
2025.06.23	01:32:15.410		1.34256			4
2025.06.23	01:32:15.729		1.34254			4
2025.06.23	01:32:16.030	1.34254	1.34255			6
2025.06.23	01:32:16.336	1.34253				2
2025.06.23	01:32:16.638		1.34254			4
2025.06.23	01:32:19.408	1.34252	1.34255			6
2025.06.23	01:32:19.712		1.34254			4
2025.06.23	01:32:20.323		1.34255			4
2025.06.23	01:32:20.626		1.34254			4
2025.06.23	01:32:23.057		1.34255			4
2025.06.23	01:32:23.968		1.34254			4
2025.06.23	01:32:24.272	1.34256	1.34257			6
2025.06.23	01:32:24.581	1.34253	1.34255			6
2025.06.23	01:32:24.885		1.34254			4
2025.06.23	01:32:25.804	1.34263	1.34264			6
2025.06.23	01:32:26.105	1.34261	1.34262			6
2025.06.23	01:32:26.408	1.34260	1.34261			6
2025.06.23	01:32:37.100	1.34259	1.34260			6
2025.06.23	01:32:46.584	1.34255	1.34258			6
2025.06.23	01:32:50.558	1.34254	1.34257			6
2025.06.23	01:32:50.861	1.34252	1.34255			6
2025.06.23	01:32:51.166	1.34253	1.34256			6
2025.06.23	01:32:51.777	1.34252	1.34255			6
2025.06.23	01:32:52.085	1.34253	1.34256			6
2025.06.23	01:32:55.148	1.34248	1.34253			6
2025.06.23	01:32:55.451	1.34249	1.34254			6
2025.06.23	01:32:55.753	1.34248	1.34252			6
2025.06.23	01:32:56.055	1.34249	1.34253			6
2025.06.23	01:32:56.366	1.34250	1.34254			6
2025.06.23	01:32:56.668	1.34249	1.34253			6
2025.06.23	01:32:56.981	1.34250	1.34254			6
2025.06.23	01:32:57.288	1.34251	1.34256			6
2025.06.23	01:32:57.594	1.34252	1.34257			6
2025.06.23	01:32:58.199	1.34250	1.34259			6
2025.06.23	01:32:58.826	1.34249	1.34258			6
2025.06.23	01:32:59.130	1.34250				2
2025.06.23	01:33:00.044	1.34250				2
2025.06.23	01:33:00.649	1.34249	1.34257			6
2025.06.23	01:33:01.255	1.34251				2
2025.06.23	01:33:01.876	1.34250	1.34256			6
2025.06.23	01:33:02.183	1.34252				2
2025.06.23	01:33:02.491	1.34251	1.34255			6
2025.06.23	01:33:02.797	1.34252	1.34256			6
2025.06.23	01:33:03.099	1.34253				2
2025.06.23	01:33:03.401	1.34252	1.34255			6
2025.06.23	01:33:03.708	1.34251	1.34254			6
2025.06.23	01:33:04.017	1.34252	1.34255			6
2025.06.23	01:33:04.327	1.34247	1.34250			6
2025.06.23	01:33:05.245	1.34248	1.34251			6
2025.06.23	01:33:06.157	1.34246	1.34255			6
2025.06.23	01:33:06.472		1.34254			4
2025.06.23	01:33:07.394		1.34253			4
2025.06.23	01:33:08.017		1.34254			4
2025.06.23	01:33:08.325		1.34253			4
2025.06.23	01:33:09.252	1.34247	1.34252			6
2025.06.23	01:33:10.179		1.34251			4
2025.06.23	01:33:11.103		1.34250			4
2025.06.23	01:33:12.011	1.34248	1.34251			6
2025.06.23	01:33:12.318	1.34241	1.34244			6
2025.06.23	01:33:12.929	1.34240	1.34243			6
2025.06.23	01:33:13.231	1.34239				2
2025.06.23	01:33:13.544	1.34238	1.34242			6
2025.06.23	01:33:13.856	1.34237	1.34241			6
2025.06.23	01:33:14.163	1.34236	1.34246			6
2025.06.23	01:33:14.467	1.34238				2
2025.06.23	01:33:15.394		1.34245			4
2025.06.23	01:33:16.002	1.34249	1.34255			6
2025.06.23	01:33:16.312	1.34251	1.34257			6
2025.06.23	01:33:16.932	1.34250				2
2025.06.23	01:33:17.237	1.34249	1.34259			6
2025.06.23	01:33:17.558		1.34258			4
2025.06.23	01:33:17.869		1.34259			4
2025.06.23	01:33:18.178		1.34258			4
2025.06.23	01:33:18.481	1.34250	1.34260			6
2025.06.23	01:33:18.787	1.34249	1.34259			6
2025.06.23	01:33:19.093	1.34251	1.34260			6
2025.06.23	01:33:19.405		1.34259			4
2025.06.23	01:33:19.713		1.34260			4
2025.06.23	01:33:20.942	1.34248	1.34258			6
2025.06.23	01:33:22.167	1.34247	1.34255			6
2025.06.23	01:33:22.478	1.34245	1.34254			6
2025.06.23	01:33:22.786		1.34253			4
2025.06.23	01:33:23.091		1.34255			4
2025.06.23	01:33:24.320		1.34254			4
2025.06.23	01:33:25.244		1.34253			4
2025.06.23	01:33:25.547		1.34252			4
2025.06.23	01:33:26.161		1.34251			4
2025.06.23	01:33:27.387	1.34247	1.34250			6
2025.06.23	01:33:27.689	1.34245				2
2025.06.23	01:33:29.232	1.34246				2
2025.06.23	01:33:29.845	1.34245	1.34249			6
2025.06.23	01:33:30.450	1.34246	1.34250			6
2025.06.23	01:33:30.756	1.34245	1.34249			6
2025.06.23	01:33:31.366	1.34246				2
2025.06.23	01:33:31.671	1.34247	1.34250			6
2025.06.23	01:33:31.977	1.34246	1.34249			6
2025.06.23	01:33:33.201	1.34247	1.34250			6
2025.06.23	01:33:34.421	1.34246	1.34249			6
2025.06.23	01:33:34.731	1.34247	1.34250			6
2025.06.23	01:33:35.037	1.34246	1.34249			6
2025.06.23	01:33:35.958	1.34247	1.34250			6
2025.06.23	01:33:38.402	1.34246	1.34249			6
2025.06.23	01:33:38.714	1.34247	1.34250			6
2025.06.23	01:33:39.020	1.34246	1.34249			6
2025.06.23	01:33:39.324	1.34244	1.34247			6
2025.06.23	01:33:39.936	1.34242	1.34245			6
2025.06.23	01:33:40.240	1.34241	1.34244			6
2025.06.23	01:33:41.156	1.34244	1.34247			6
2025.06.23	01:33:41.461	1.34245	1.34248			6
2025.06.23	01:33:42.072	1.34244	1.34247			6
2025.06.23	01:33:42.992	1.34246	1.34249			6
2025.06.23	01:33:45.135	1.34247	1.34250			6
2025.06.23	01:33:47.874	1.34246	1.34249			6
2025.06.23	01:33:48.486	1.34247	1.34250			6
2025.06.23	01:33:50.024	1.34246	1.34249			6
2025.06.23	01:33:50.331	1.34245	1.34248			6
2025.06.23	01:33:51.556	1.34247	1.34250			6
2025.06.23	01:33:51.859	1.34248	1.34251			6
2025.06.23	01:33:52.465	1.34247	1.34250			6
2025.06.23	01:33:53.073	1.34248	1.34251			6
2025.06.23	01:33:53.377	1.34247	1.34250			6
2025.06.23	01:33:53.980	1.34248	1.34251			6
2025.06.23	01:33:55.195	1.34247	1.34250			6
2025.06.23	01:33:55.496	1.34248	1.34251			6
2025.06.23	01:33:57.324	1.34247	1.34250			6
2025.06.23	01:33:57.634	1.34248	1.34251			6
2025.06.23	01:33:57.939	1.34247	1.34250			6
2025.06.23	01:33:58.254	1.34248				2
2025.06.23	01:33:58.560		1.34251			4
2025.06.23	01:33:58.866		1.34250			4
2025.06.23	01:33:59.171		1.34251			4
2025.06.23	01:33:59.477		1.34250			4
2025.06.23	01:34:00.082	1.34248	1.34251			6
2025.06.23	01:34:00.383		1.34250			4
2025.06.23	01:34:00.686		1.34251			4
2025.06.23	01:34:00.990	1.34247	1.34249			6
2025.06.23	01:34:01.596		1.34250			4
2025.06.23	01:34:02.516	1.34246	1.34249			6
2025.06.23	01:34:03.437	1.34247	1.34250			6
2025.06.23	01:34:04.055	1.34246	1.34249			6
2025.06.23	01:34:04.360	1.34247	1.34250			6
2025.06.23	01:34:04.669	1.34246	1.34249			6
2025.06.23	01:34:05.884	1.34247	1.34250			6
2025.06.23	01:34:06.496	1.34246	1.34249			6
2025.06.23	01:34:07.716	1.34247	1.34250			6
2025.06.23	01:34:08.333	1.34246	1.34249			6
2025.06.23	01:34:09.248	1.34245	1.34248			6
2025.06.23	01:34:09.554	1.34246	1.34249			6
2025.06.23	01:34:09.856	1.34247	1.34250			6
2025.06.23	01:34:10.160	1.34248	1.34251			6
2025.06.23	01:34:10.462	1.34247	1.34250			6
2025.06.23	01:34:10.764		1.34249			4
2025.06.23	01:34:11.070		1.34250			4
2025.06.23	01:34:11.380		1.34249			4
2025.06.23	01:34:12.006	1.34246				2
2025.06.23	01:34:12.312	1.34247	1.34250			6
2025.06.23	01:34:12.612	1.34246	1.34249			6
2025.06.23	01:34:12.917	1.34247	1.34250			6
2025.06.23	01:34:13.224	1.34246	1.34249			6
2025.06.23	01:34:13.842	1.34245	1.34248			6
2025.06.23	01:34:14.148	1.34247	1.34250			6
2025.06.23	01:34:14.453	1.34246	1.34249			6
2025.06.23	01:34:15.065	1.34245	1.34248			6
2025.06.23	01:34:15.368	1.34244	1.34247			6
2025.06.23	01:34:15.669	1.34245	1.34248			6
2025.06.23	01:34:16.278	1.34244	1.34247			6
2025.06.23	01:34:16.897	1.34245	1.34248			6
2025.06.23	01:34:17.810	1.34246	1.34249			6
2025.06.23	01:34:18.426	1.34245	1.34248			6
2025.06.23	01:34:18.734	1.34243	1.34246			6
2025.06.23	01:34:19.958	1.34244	1.34247			6
2025.06.23	01:34:20.260	1.34243	1.34246			6
2025.06.23	01:34:20.875	1.34244	1.34247			6
2025.06.23	01:34:21.482	1.34243	1.34246			6
2025.06.23	01:34:23.011	1.34242	1.34245			6
2025.06.23	01:34:23.314	1.34241	1.34244			6
2025.06.23	01:34:23.623	1.34242	1.34245			6
2025.06.23	01:34:23.924	1.34243	1.34246			6
2025.06.23	01:34:25.147	1.34244	1.34247			6
2025.06.23	01:34:25.457	1.34243	1.34246			6
2025.06.23	01:34:26.371	1.34244	1.34247			6
2025.06.23	01:34:26.675	1.34242	1.34245			6
2025.06.23	01:34:26.976	1.34243	1.34246			6
2025.06.23	01:34:27.276	1.34242	1.34245			6
2025.06.23	01:34:27.586	1.34243	1.34246			6
2025.06.23	01:34:28.194	1.34242	1.34245			6
2025.06.23	01:34:29.742	1.34243	1.34246			6
2025.06.23	01:34:30.047	1.34242	1.34245			6
2025.06.23	01:34:30.656	1.34243	1.34246			6
2025.06.23	01:34:30.966	1.34242	1.34245			6
2025.06.23	01:34:31.271	1.34243	1.34246			6
2025.06.23	01:34:31.576	1.34242	1.34245			6
2025.06.23	01:34:31.880	1.34243	1.34246			6
2025.06.23	01:34:32.187	1.34244	1.34247			6
2025.06.23	01:34:33.710	1.34243	1.34246			6
2025.06.23	01:34:34.630	1.34244	1.34247			6
2025.06.23	01:34:34.936	1.34243	1.34246			6
2025.06.23	01:34:35.855	1.34242	1.34245			6
2025.06.23	01:34:36.161	1.34243	1.34246			6
2025.06.23	01:34:36.774	1.34244	1.34247			6
2025.06.23	01:34:37.082	1.34243	1.34246			6
2025.06.23	01:34:38.302	1.34244	1.34247			6
2025.06.23	01:34:38.908	1.34243	1.34246			6
2025.06.23	01:34:39.210	1.34242	1.34245			6
2025.06.23	01:34:39.826	1.34243	1.34246			6
2025.06.23	01:34:40.743	1.34244	1.34247			6
2025.06.23	01:34:41.050	1.34243	1.34246			6
2025.06.23	01:34:42.263	1.34242	1.34245			6
2025.06.23	01:34:42.566	1.34240	1.34243			6
2025.06.23	01:34:42.870	1.34241	1.34244			6
2025.06.23	01:34:43.172	1.34240	1.34243			6
2025.06.23	01:34:43.478	1.34241	1.34244			6
2025.06.23	01:34:44.396	1.34243	1.34246			6
2025.06.23	01:34:45.011	1.34244	1.34247			6
2025.06.23	01:34:45.313	1.34243				2
2025.06.23	01:34:45.617	1.34242	1.34246			6
2025.06.23	01:34:45.922	1.34243	1.34247			6
2025.06.23	01:34:47.154	1.34244				2
2025.06.23	01:34:47.769	1.34245	1.34248			6
2025.06.23	01:34:48.077	1.34244	1.34247			6
2025.06.23	01:34:48.690	1.34243	1.34246			6
2025.06.23	01:34:48.994	1.34245	1.34248			6
2025.06.23	01:34:49.302	1.34243	1.34246			6
2025.06.23	01:34:49.606	1.34244	1.34247			6
2025.06.23	01:34:54.205	1.34243	1.34246			6
2025.06.23	01:34:54.821	1.34244	1.34247			6
2025.06.23	01:34:55.438	1.34241	1.34244			6
2025.06.23	01:34:55.739	1.34243	1.34246			6
2025.06.23	01:34:56.040	1.34242	1.34245			6
2025.06.23	01:34:56.341	1.34243	1.34246			6
2025.06.23	01:34:57.273	1.34244	1.34247			6
2025.06.23	01:34:57.579	1.34242	1.34245			6
2025.06.23	01:34:57.885	1.34243	1.34246			6
2025.06.23	01:34:58.200	1.34245	1.34248			6
2025.06.23	01:34:59.133	1.34246	1.34249			6
2025.06.23	01:35:00.063	1.34246				2
2025.06.23	01:35:00.377	1.34247	1.34250			6
2025.06.23	01:35:02.236	1.34245	1.34248			6
2025.06.23	01:35:02.542	1.34243	1.34246			6
2025.06.23	01:35:02.853	1.34242	1.34245			6
2025.06.23	01:35:03.171	1.34239	1.34249			6
2025.06.23	01:35:03.476	1.34234	1.34243			6
2025.06.23	01:35:03.783	1.34239	1.34246			6
2025.06.23	01:35:04.085		1.34247			4
2025.06.23	01:35:04.393	1.34237				2
2025.06.23	01:35:04.701		1.34248			4
2025.06.23	01:35:05.006		1.34247			4
2025.06.23	01:35:05.313		1.34248			4
2025.06.23	01:35:05.620	1.34236	1.34247			6
2025.06.23	01:35:08.419		1.34246			4
2025.06.23	01:35:09.046		1.34247			4
2025.06.23	01:35:09.355		1.34246			4
2025.06.23	01:35:09.980		1.34247			4
2025.06.23	01:35:10.288	1.34240	1.34248			6
2025.06.23	01:35:10.597	1.34242	1.34250			6
2025.06.23	01:35:10.902		1.34251			4
2025.06.23	01:35:11.829		1.34252			4
2025.06.23	01:35:13.674	1.34243				2
2025.06.23	01:35:14.307	1.34244				2
2025.06.23	01:35:14.920	1.34243	1.34251			6
2025.06.23	01:35:15.221	1.34246	1.34252			6
2025.06.23	01:35:15.524	1.34245	1.34251			6
2025.06.23	01:35:15.830	1.34246	1.34252			6
2025.06.23	01:35:16.148		1.34251			4
2025.06.23	01:35:16.453	1.34247	1.34252			6
2025.06.23	01:35:17.388		1.34251			4
2025.06.23	01:35:18.307	1.34248				2
2025.06.23	01:35:18.613	1.34247	1.34250			6
2025.06.23	01:35:18.914	1.34248	1.34251			6
2025.06.23	01:35:21.689	1.34247	1.34250			6
2025.06.23	01:35:22.609	1.34246	1.34249			6
2025.06.23	01:35:25.058	1.34247	1.34250			6
2025.06.23	01:35:27.510	1.34246	1.34249			6
2025.06.23	01:35:29.337	1.34245	1.34248			6
2025.06.23	01:35:30.253	1.34246	1.34249			6
2025.06.23	01:35:30.858	1.34245	1.34248			6
2025.06.23	01:35:31.160	1.34246	1.34249			6
2025.06.23	01:35:32.679	1.34247	1.34250			6
2025.06.23	01:35:33.898	1.34248	1.34251			6
2025.06.23	01:35:35.115	1.34247	1.34250			6
2025.06.23	01:35:36.942	1.34246	1.34249			6
2025.06.23	01:35:39.071	1.34247	1.34250			6
2025.06.23	01:35:40.900	1.34248	1.34251			6
2025.06.23	01:35:41.814	1.34247	1.34250			6
2025.06.23	01:35:42.130	1.34248	1.34251			6
2025.06.23	01:35:42.742	1.34247	1.34250			6
2025.06.23	01:35:43.052	1.34248	1.34251			6
2025.06.23	01:35:43.358	1.34246	1.34249			6
2025.06.23	01:35:43.970	1.34249	1.34252			6
2025.06.23	01:35:44.273		1.34251			4
2025.06.23	01:35:44.579		1.34252			4
2025.06.23	01:35:44.887	1.34254	1.34257			6
2025.06.23	01:35:45.190	1.34252	1.34255			6
2025.06.23	01:35:45.491	1.34253	1.34256			6
2025.06.23	01:35:45.801	1.34252	1.34255			6
2025.06.23	01:35:46.104	1.34253	1.34260			6
2025.06.23	01:35:47.336		1.34259			4
2025.06.23	01:35:47.638	1.34252	1.34258			6
2025.06.23	01:35:47.960	1.34253	1.34259			6
2025.06.23	01:35:48.264	1.34254	1.34260			6
2025.06.23	01:35:49.192		1.34259			4
2025.06.23	01:35:49.808	1.34253	1.34258			6
2025.06.23	01:35:50.109	1.34252	1.34259			6
2025.06.23	01:35:51.040	1.34253	1.34260			6
2025.06.23	01:35:51.351		1.34258			4
2025.06.23	01:35:51.658	1.34254	1.34259			6
2025.06.23	01:35:52.282	1.34253	1.34257			6
2025.06.23	01:35:52.590	1.34254	1.34258			6
2025.06.23	01:35:52.898	1.34244	1.34248			6
2025.06.23	01:35:54.122	1.34241	1.34252			6
2025.06.23	01:35:55.660	1.34240	1.34251			6
2025.06.23	01:35:59.679	1.34241				2
2025.06.23	01:36:00.293	1.34240	1.34250			6
2025.06.23	01:36:00.901	1.34241	1.34251			6
2025.06.23	01:36:01.205		1.34250			4
2025.06.23	01:36:01.520	1.34240	1.34249			6
2025.06.23	01:36:01.828	1.34241				2
2025.06.23	01:36:02.132	1.34242				2
2025.06.23	01:36:02.754	1.34243	1.34250			6
2025.06.23	01:36:03.059	1.34242	1.34249			6
2025.06.23	01:36:03.364	1.34243				2
2025.06.23	01:36:03.987	1.34241	1.34247			6
2025.06.23	01:36:04.293	1.34242				2
2025.06.23	01:36:04.601	1.34241	1.34246			6
2025.06.23	01:36:04.915	1.34242	1.34247			6
2025.06.23	01:36:05.224	1.34243				2
2025.06.23	01:36:05.843	1.34241	1.34245			6
2025.06.23	01:36:06.150	1.34242	1.34246			6
2025.06.23	01:36:07.379	1.34243				2
2025.06.23	01:36:07.681	1.34242	1.34245			6
2025.06.23	01:36:07.986	1.34243	1.34246			6
2025.06.23	01:36:09.218	1.34242	1.34245			6
2025.06.23	01:36:09.834	1.34243	1.34246			6
2025.06.23	01:36:11.059	1.34242	1.34245			6
2025.06.23	01:36:11.359	1.34243	1.34246			6
2025.06.23	01:36:11.663	1.34242	1.34245			6
2025.06.23	01:36:11.966	1.34243	1.34246			6
2025.06.23	01:36:13.176	1.34242	1.34245			6
2025.06.23	01:36:13.787	1.34243	1.34246			6
2025.06.23	01:36:14.091	1.34242	1.34245			6
2025.06.23	01:36:14.698	1.34243	1.34246			6
2025.06.23	01:36:15.000	1.34242	1.34245			6
2025.06.23	01:36:15.606	1.34243	1.34246			6
2025.06.23	01:36:15.912	1.34242	1.34245			6
2025.06.23	01:36:16.219	1.34243	1.34246			6
2025.06.23	01:36:16.524	1.34242	1.34245			6
2025.06.23	01:36:16.833	1.34243	1.34246			6
2025.06.23	01:36:17.747	1.34242	1.34245			6
2025.06.23	01:36:18.362	1.34243	1.34246			6
2025.06.23	01:36:18.664	1.34242	1.34245			6
2025.06.23	01:36:18.967	1.34244	1.34247			6
2025.06.23	01:36:19.269	1.34245	1.34248			6
2025.06.23	01:36:19.576	1.34246	1.34249			6
2025.06.23	01:36:20.189	1.34245	1.34248			6
2025.06.23	01:36:20.500	1.34246	1.34249			6
2025.06.23	01:36:21.110	1.34245	1.34248			6
2025.06.23	01:36:21.416	1.34246	1.34249			6
2025.06.23	01:36:22.331	1.34242	1.34245			6
2025.06.23	01:36:22.638	1.34241	1.34244			6
2025.06.23	01:36:22.944	1.34242	1.34245			6
2025.06.23	01:36:23.249	1.34238	1.34247			6
2025.06.23	01:36:24.176	1.34240	1.34246			6
2025.06.23	01:36:25.107	1.34239	1.34244			6
2025.06.23	01:36:25.726	1.34240	1.34245			6
2025.06.23	01:36:26.339		1.34244			4
2025.06.23	01:36:27.269	1.34241				2
2025.06.23	01:36:27.890	1.34245	1.34248			6
2025.06.23	01:36:28.799	1.34246	1.34249			6
2025.06.23	01:36:29.101	1.34243	1.34252			6
2025.06.23	01:36:29.404	1.34245	1.34254			6
2025.06.23	01:36:30.324	1.34246	1.34253			6
2025.06.23	01:36:30.637	1.34247	1.34254			6
2025.06.23	01:36:31.866	1.34248	1.34255			6
2025.06.23	01:36:32.179		1.34254			4
2025.06.23	01:36:32.481	1.34241	1.34247			6
2025.06.23	01:36:32.783	1.34239	1.34245			6
2025.06.23	01:36:33.395	1.34236	1.34248			6
2025.06.23	01:36:34.614	1.34237	1.34249			6
2025.06.23	01:36:38.294	1.34238	1.34248			6
2025.06.23	01:36:38.602	1.34239	1.34249			6
2025.06.23	01:36:39.262		1.34248			4
2025.06.23	01:36:39.566	1.34240	1.34249			6
2025.06.23	01:36:39.872	1.34239	1.34248			6
2025.06.23	01:36:40.184	1.34240	1.34246			6
2025.06.23	01:36:41.406		1.34245			4
2025.06.23	01:36:41.712	1.34241	1.34246			6
2025.06.23	01:36:42.017	1.34253	1.34258			6
2025.06.23	01:36:42.326	1.34254				2
2025.06.23	01:36:43.239	1.34253	1.34265			6
2025.06.23	01:36:44.159		1.34264			4
2025.06.23	01:36:45.089	1.34254				2
2025.06.23	01:36:45.406		1.34266			4
2025.06.23	01:36:46.024	1.34255				2
2025.06.23	01:36:46.329	1.34254				2
2025.06.23	01:36:46.962	1.34253	1.34265			6
2025.06.23	01:36:47.268	1.34254				2
2025.06.23	01:36:47.575	1.34255				2
2025.06.23	01:36:47.880	1.34257	1.34267			6
2025.06.23	01:36:48.186	1.34254	1.34264			6
2025.06.23	01:36:48.499	1.34253	1.34263			6
2025.06.23	01:36:48.810	1.34254	1.34264			6
2025.06.23	01:36:49.123	1.34255				2
2025.06.23	01:36:49.751	1.34254	1.34263			6
2025.06.23	01:36:50.366	1.34253	1.34261			6
2025.06.23	01:36:50.989	1.34254	1.34262			6
2025.06.23	01:36:51.295		1.34260			4
2025.06.23	01:36:51.607	1.34255	1.34261			6
2025.06.23	01:36:52.226	1.34254	1.34259			6
2025.06.23	01:36:53.152	1.34255				2
2025.06.23	01:36:54.067	1.34257	1.34261			6
2025.06.23	01:36:54.371	1.34256	1.34260			6
2025.06.23	01:36:54.979	1.34257	1.34261			6
2025.06.23	01:36:55.287	1.34256	1.34259			6
2025.06.23	01:36:55.593	1.34257	1.34260			6
2025.06.23	01:36:55.897	1.34258	1.34261			6
2025.06.23	01:36:56.205	1.34256	1.34259			6
2025.06.23	01:36:56.513	1.34257	1.34260			6
2025.06.23	01:36:58.343	1.34256	1.34259			6
2025.06.23	01:37:00.181	1.34256				2
2025.06.23	01:37:00.795	1.34257	1.34260			6
2025.06.23	01:37:01.101	1.34258	1.34261			6
2025.06.23	01:37:02.312	1.34257	1.34260			6
2025.06.23	01:37:03.536	1.34258	1.34261			6
2025.06.23	01:37:04.754	1.34257	1.34260			6
2025.06.23	01:37:05.362	1.34256	1.34259			6
2025.06.23	01:37:06.273	1.34257	1.34260			6
2025.06.23	01:37:08.737	1.34256	1.34259			6
2025.06.23	01:37:09.641	1.34257	1.34260			6
2025.06.23	01:37:10.260	1.34258	1.34261			6
2025.06.23	01:37:11.476	1.34256	1.34259			6
2025.06.23	01:37:12.088	1.34257	1.34260			6
2025.06.23	01:37:12.390	1.34258	1.34261			6
2025.06.23	01:37:12.697	1.34257	1.34260			6
2025.06.23	01:37:15.763	1.34258	1.34261			6
2025.06.23	01:37:16.373	1.34259	1.34262			6
2025.06.23	01:37:16.681	1.34261	1.34264			6
2025.06.23	01:37:17.286	1.34262	1.34265			6
2025.06.23	01:37:17.591	1.34261	1.34264			6
2025.06.23	01:37:17.894	1.34262	1.34265			6
2025.06.23	01:37:18.498	1.34261	1.34264			6
2025.06.23	01:37:19.109	1.34262	1.34265			6
2025.06.23	01:37:19.416	1.34261	1.34264			6
