<DATE>	<TIME>	<BID>	<ASK>	<LAST>	<VOLUME>	<FLAGS>
2025.12.05	00:03:31.382	1.33227	1.33324			6
2025.12.05	00:04:00.062	1.33227				2
2025.12.05	00:04:31.507		1.33324			4
2025.12.05	00:05:00.160	1.33227				2
2025.12.05	00:05:00.776		1.33321			4
2025.12.05	00:05:01.397		1.33324			4
2025.12.05	00:05:01.705	1.33234	1.33323			6
2025.12.05	00:05:05.088		1.33321			4
2025.12.05	00:05:50.175	1.33228				2
2025.12.05	00:05:51.077	1.33234				2
2025.12.05	00:06:00.074	1.33234				2
2025.12.05	00:06:00.690		1.33318			4
2025.12.05	00:07:00.040	1.33234				2
2025.12.05	00:07:00.975		1.33318			4
2025.12.05	00:07:57.630	1.33232	1.33314			6
2025.12.05	00:08:00.122	1.33232				2
2025.12.05	00:08:57.638		1.33314			4
2025.12.05	00:08:58.566	1.33217	1.33313			6
2025.12.05	00:08:58.875	1.33222				2
2025.12.05	00:09:00.108	1.33222				2
2025.12.05	00:09:00.414	1.33227	1.33312			6
2025.12.05	00:09:05.030	1.33217				2
2025.12.05	00:09:06.563	1.33222	1.33311			6
2025.12.05	00:09:41.720		1.33310			4
2025.12.05	00:09:42.950	1.33217	1.33311			6
2025.12.05	00:09:44.482	1.33222	1.33312			6
2025.12.05	00:10:00.214	1.33222	1.33305			6
2025.12.05	00:10:00.832		1.33304			4
2025.12.05	00:10:11.327		1.33312			4
2025.12.05	00:10:44.630		1.33311			4
2025.12.05	00:11:00.034	1.33222				2
2025.12.05	00:11:13.319		1.33310			4
2025.12.05	00:11:17.325		1.33311			4
2025.12.05	00:11:45.414		1.33310			4
2025.12.05	00:12:00.230	1.33222				2
2025.12.05	00:12:19.384		1.33305			4
2025.12.05	00:12:26.800		1.33304			4
2025.12.05	00:12:45.329		1.33303			4
2025.12.05	00:12:55.230		1.33304			4
2025.12.05	00:12:59.554		1.33303			4
2025.12.05	00:13:00.174	1.33222				2
2025.12.05	00:13:48.322		1.33294			4
2025.12.05	00:13:53.570		1.33293			4
2025.12.05	00:13:54.196		1.33292			4
2025.12.05	00:14:00.050	1.33222				2
2025.12.05	00:14:01.597		1.33291			4
2025.12.05	00:14:04.986		1.33290			4
2025.12.05	00:14:14.256		1.33291			4
2025.12.05	00:14:22.882		1.33301			4
2025.12.05	00:14:34.606		1.33303			4
2025.12.05	00:15:00.140	1.33222	1.33285			6
2025.12.05	00:15:30.089		1.33295			4
2025.12.05	00:15:30.707		1.33294			4
2025.12.05	00:15:57.368		1.33292			4
2025.12.05	00:16:00.138	1.33222				2
2025.12.05	00:16:08.792		1.33285			4
2025.12.05	00:16:19.582		1.33296			4
2025.12.05	00:16:21.132	1.33227				2
2025.12.05	00:16:24.213		1.33299			4
2025.12.05	00:16:30.701	1.33222	1.33293			6
2025.12.05	00:16:31.530	1.33227				2
2025.12.05	00:16:38.317	1.33222				2
2025.12.05	00:16:39.254	1.33226				2
2025.12.05	00:16:40.796	1.33207				2
2025.12.05	00:16:41.539	1.33227				2
2025.12.05	00:17:00.063	1.33227				2
2025.12.05	00:17:30.939		1.33293			4
2025.12.05	00:18:00.265	1.33227				2
2025.12.05	00:18:31.158		1.33293			4
2025.12.05	00:19:00.201	1.33227				2
2025.12.05	00:19:31.396		1.33293			4
2025.12.05	00:19:38.506		1.33289			4
2025.12.05	00:19:56.717		1.33295			4
2025.12.05	00:20:00.120	1.33227				2
2025.12.05	00:20:00.427	1.33198				2
2025.12.05	00:20:01.854	1.33200	1.33289			6
2025.12.05	00:20:56.662	1.33204				2
2025.12.05	00:21:00.041	1.33204				2
2025.12.05	00:21:13.123	1.33208	1.33289			6
2025.12.05	00:21:17.442	1.33209				2
2025.12.05	00:21:17.813		1.33297			4
2025.12.05	00:21:21.258		1.33289			4
2025.12.05	00:22:01.446	1.33209				2
2025.12.05	00:22:22.303		1.33289			4
2025.12.05	00:23:03.293	1.33209				2
2025.12.05	00:23:18.941	1.33208				2
2025.12.05	00:23:22.841		1.33289			4
2025.12.05	00:23:27.041	1.33209				2
2025.12.05	00:23:35.151	1.33208				2
2025.12.05	00:24:00.946	1.33208				2
2025.12.05	00:24:14.441	1.33209				2
2025.12.05	00:24:23.078		1.33289			4
2025.12.05	00:25:03.840	1.33210				2
2025.12.05	00:25:06.873		1.33293			4
2025.12.05	00:25:19.241	1.33209				2
2025.12.05	00:25:24.149	1.33210				2
2025.12.05	00:25:27.275		1.33297			4
2025.12.05	00:25:34.904		1.33293			4
2025.12.05	00:25:41.729	1.33209				2
2025.12.05	00:25:43.541	1.33208				2
2025.12.05	00:25:46.776	1.33207	1.33298			6
2025.12.05	00:25:53.470	1.33208				2
2025.12.05	00:26:00.941	1.33208				2
2025.12.05	00:26:03.345		1.33293			4
2025.12.05	00:26:48.830	1.33207				2
2025.12.05	00:26:58.241	1.33208				2
2025.12.05	00:27:02.845	1.33208				2
2025.12.05	00:27:06.643		1.33293			4
2025.12.05	00:27:17.568	1.33219	1.33294			6
2025.12.05	00:27:21.560		1.33293			4
2025.12.05	00:27:49.325	1.33222	1.33290			6
2025.12.05	00:28:18.041	1.33222				2
2025.12.05	00:28:19.646	1.33220				2
2025.12.05	00:28:20.463	1.33222				2
2025.12.05	00:28:50.315		1.33290			4
2025.12.05	00:29:08.012	1.33221				2
2025.12.05	00:29:22.406	1.33222				2
2025.12.05	00:29:23.913	1.33212	1.33295			6
2025.12.05	00:29:25.266	1.33213				2
2025.12.05	00:29:26.848	1.33212	1.33289			6
2025.12.05	00:29:27.641	1.33213				2
2025.12.05	00:29:36.041		1.33295			4
2025.12.05	00:29:43.242	1.33212				2
2025.12.05	00:29:59.790		1.33289			4
2025.12.05	00:30:00.313	1.33213				2
2025.12.05	00:30:02.063	1.33212				2
2025.12.05	00:30:13.079	1.33213				2
2025.12.05	00:30:17.932	1.33211	1.33290			6
2025.12.05	00:30:18.236	1.33210				2
2025.12.05	00:30:18.538	1.33214				2
2025.12.05	00:30:18.873	1.33210	1.33301			6
2025.12.05	00:30:19.181		1.33290			4
2025.12.05	00:30:20.758	1.33213				2
2025.12.05	00:30:21.077	1.33210				2
2025.12.05	00:30:21.698	1.33213				2
2025.12.05	00:30:22.021	1.33211	1.33292			6
2025.12.05	00:30:22.983	1.33213	1.33291			6
2025.12.05	00:30:23.936	1.33210				2
2025.12.05	00:30:24.237	1.33213				2
2025.12.05	00:30:24.559	1.33212				2
2025.12.05	00:30:24.861	1.33211				2
2025.12.05	00:30:25.177	1.33202				2
2025.12.05	00:30:25.484	1.33193				2
2025.12.05	00:30:26.104	1.33211				2
2025.12.05	00:30:26.419	1.33213				2
2025.12.05	00:30:27.037	1.33215				2
2025.12.05	00:30:27.341	1.33214				2
2025.12.05	00:30:27.642	1.33213				2
2025.12.05	00:30:27.961	1.33214				2
2025.12.05	00:30:28.273	1.33211				2
2025.12.05	00:30:28.617	1.33190				2
2025.12.05	00:30:28.918	1.33214				2
2025.12.05	00:30:29.222	1.33206				2
2025.12.05	00:30:29.951	1.33205				2
2025.12.05	00:30:30.280	1.33203				2
2025.12.05	00:30:30.650	1.33205				2
2025.12.05	00:30:31.429	1.33203				2
2025.12.05	00:30:31.747	1.33205	1.33290			6
2025.12.05	00:30:32.928	1.33204	1.33291			6
2025.12.05	00:30:33.236	1.33206				2
2025.12.05	00:30:33.878	1.33197				2
2025.12.05	00:30:34.484	1.33192				2
2025.12.05	00:30:34.799	1.33201				2
2025.12.05	00:30:35.102	1.33206				2
2025.12.05	00:30:35.418	1.33209				2
2025.12.05	00:30:35.722	1.33199				2
2025.12.05	00:30:36.039	1.33216				2
2025.12.05	00:30:36.373	1.33206				2
2025.12.05	00:30:37.038	1.33197				2
2025.12.05	00:30:37.349	1.33192				2
2025.12.05	00:30:37.652	1.33206				2
2025.12.05	00:30:38.261	1.33209				2
2025.12.05	00:30:38.579	1.33216				2
2025.12.05	00:30:39.227	1.33206				2
2025.12.05	00:30:39.576	1.33197				2
2025.12.05	00:30:39.883	1.33192				2
2025.12.05	00:30:40.504	1.33206				2
2025.12.05	00:30:40.818	1.33209				2
2025.12.05	00:30:41.122	1.33200				2
2025.12.05	00:30:41.441	1.33216				2
2025.12.05	00:30:41.776	1.33206				2
2025.12.05	00:30:42.126	1.33197				2
2025.12.05	00:30:42.444	1.33202				2
2025.12.05	00:30:43.057	1.33206				2
2025.12.05	00:30:43.361	1.33210				2
2025.12.05	00:30:43.677	1.33209				2
2025.12.05	00:30:43.980	1.33216				2
2025.12.05	00:30:44.922	1.33205				2
2025.12.05	00:30:45.237	1.33203				2
2025.12.05	00:30:45.880	1.33200				2
2025.12.05	00:30:46.202	1.33204				2
2025.12.05	00:30:46.518	1.33207				2
2025.12.05	00:30:46.821	1.33200				2
2025.12.05	00:30:47.137	1.33212				2
2025.12.05	00:30:47.473	1.33204				2
2025.12.05	00:30:47.829	1.33200				2
2025.12.05	00:30:48.459	1.33205				2
2025.12.05	00:30:48.760	1.33208				2
2025.12.05	00:30:49.077	1.33213				2
2025.12.05	00:30:49.380		1.33292			4
2025.12.05	00:30:50.023	1.33205				2
2025.12.05	00:30:50.376	1.33203				2
2025.12.05	00:30:50.702	1.33210	1.33291			6
2025.12.05	00:30:51.020	1.33208	1.33292			6
2025.12.05	00:30:51.322	1.33210				2
2025.12.05	00:30:57.727	1.33200				2
2025.12.05	00:31:00.943	1.33200				2
2025.12.05	00:31:09.616		1.33294			4
2025.12.05	00:31:14.815	1.33218				2
2025.12.05	00:31:39.993	1.33216				2
2025.12.05	00:32:01.447	1.33216				2
2025.12.05	00:32:09.870		1.33294			4
2025.12.05	00:32:14.814	1.33218	1.33292			6
2025.12.05	00:32:20.478		1.33297			4
2025.12.05	00:32:20.797		1.33292			4
2025.12.05	00:32:22.727		1.33296			4
2025.12.05	00:32:51.138	1.33219				2
2025.12.05	00:32:51.472	1.33218				2
2025.12.05	00:32:53.380	1.33219				2
2025.12.05	00:32:53.697	1.33218				2
2025.12.05	00:32:55.620	1.33215				2
2025.12.05	00:32:55.937	1.33218	1.33302			6
2025.12.05	00:32:56.271	1.33211				2
2025.12.05	00:32:56.580	1.33215	1.33296			6
2025.12.05	00:32:58.782	1.33218				2
2025.12.05	00:32:59.422	1.33215				2
2025.12.05	00:33:00.077	1.33215				2
2025.12.05	00:33:02.239	1.33218				2
2025.12.05	00:33:02.573	1.33215				2
2025.12.05	00:33:05.081	1.33218				2
2025.12.05	00:33:05.721	1.33215				2
2025.12.05	00:33:07.938	1.33218				2
2025.12.05	00:33:08.272	1.33215				2
2025.12.05	00:33:11.100	1.33218				2
2025.12.05	00:33:11.422	1.33215				2
2025.12.05	00:33:13.638	1.33218				2
2025.12.05	00:33:13.973	1.33215				2
2025.12.05	00:33:16.482	1.33218				2
2025.12.05	00:33:17.429	1.33215				2
2025.12.05	00:33:18.105	1.33218				2
2025.12.05	00:33:18.423	1.33215				2
2025.12.05	00:33:22.198	1.33218				2
2025.12.05	00:33:22.522	1.33215				2
2025.12.05	00:33:24.439	1.33218				2
2025.12.05	00:33:24.772	1.33215				2
2025.12.05	00:33:28.199	1.33218				2
2025.12.05	00:33:28.522	1.33215				2
2025.12.05	00:33:30.740	1.33218				2
2025.12.05	00:33:31.072	1.33215				2
2025.12.05	00:33:32.968	1.33213	1.33299			6
2025.12.05	00:33:33.277	1.33207	1.33298			6
2025.12.05	00:33:33.890	1.33209				2
2025.12.05	00:33:34.200	1.33217	1.33296			6
2025.12.05	00:33:34.523	1.33216				2
2025.12.05	00:33:34.838	1.33210	1.33299			6
2025.12.05	00:33:35.182	1.33206				2
2025.12.05	00:33:35.486		1.33298			4
2025.12.05	00:33:35.802	1.33210				2
2025.12.05	00:33:36.120	1.33213				2
2025.12.05	00:33:36.421	1.33207				2
2025.12.05	00:33:36.738	1.33218	1.33299			6
2025.12.05	00:33:37.072	1.33209				2
2025.12.05	00:33:37.428	1.33207				2
2025.12.05	00:33:37.752	1.33210				2
2025.12.05	00:33:38.059	1.33216	1.33296			6
2025.12.05	00:33:38.983	1.33218	1.33299			6
2025.12.05	00:33:39.622	1.33210				2
2025.12.05	00:33:39.923	1.33209				2
2025.12.05	00:33:40.277	1.33207				2
2025.12.05	00:33:40.603	1.33210				2
2025.12.05	00:33:40.919	1.33213				2
2025.12.05	00:33:41.222	1.33207				2
2025.12.05	00:33:41.538	1.33218				2
2025.12.05	00:33:41.876	1.33209				2
2025.12.05	00:33:42.227	1.33207				2
2025.12.05	00:33:42.552	1.33210				2
2025.12.05	00:33:43.180	1.33207				2
2025.12.05	00:33:43.483	1.33218	1.33296			6
2025.12.05	00:33:44.121	1.33216				2
2025.12.05	00:33:44.779	1.33207	1.33299			6
2025.12.05	00:33:45.102	1.33209				2
2025.12.05	00:33:45.419	1.33213				2
2025.12.05	00:33:45.724	1.33207				2
2025.12.05	00:33:46.040	1.33218				2
2025.12.05	00:33:46.372	1.33216	1.33296			6
2025.12.05	00:33:47.658	1.33209	1.33299			6
2025.12.05	00:33:47.966	1.33213				2
2025.12.05	00:33:48.278	1.33207				2
2025.12.05	00:33:48.888	1.33210				2
2025.12.05	00:33:49.201	1.33218				2
2025.12.05	00:33:49.521	1.33210				2
2025.12.05	00:33:50.176	1.33207				2
2025.12.05	00:33:50.819	1.33219	1.33291			6
2025.12.05	00:34:00.266	1.33219				2
2025.12.05	00:34:51.439		1.33291			4
2025.12.05	00:35:00.502	1.33219				2
2025.12.05	00:35:42.670	1.33223	1.33288			6
2025.12.05	00:35:57.669	1.33221	1.33298			6
2025.12.05	00:35:57.974	1.33218	1.33302			6
2025.12.05	00:35:58.278		1.33297			4
2025.12.05	00:35:58.598	1.33211				2
2025.12.05	00:35:59.280	1.33208				2
2025.12.05	00:35:59.601	1.33218	1.33298			6
2025.12.05	00:35:59.902	1.33213	1.33297			6
2025.12.05	00:36:00.218	1.33213				2
2025.12.05	00:36:01.122	1.33212				2
2025.12.05	00:36:01.477	1.33204				2
2025.12.05	00:36:02.552	1.33212	1.33296			6
2025.12.05	00:36:02.928	1.33206				2
2025.12.05	00:36:03.244	1.33205				2
2025.12.05	00:36:03.554	1.33214				2
2025.12.05	00:36:04.166	1.33225	1.33291			6
2025.12.05	00:36:07.671		1.33289			4
2025.12.05	00:36:07.981		1.33288			4
2025.12.05	00:36:11.788	1.33222	1.33291			6
2025.12.05	00:36:20.024	1.33221	1.33299			6
2025.12.05	00:36:23.548	1.33206	1.33298			6
2025.12.05	00:36:23.879	1.33203				2
2025.12.05	00:36:24.501	1.33208				2
2025.12.05	00:36:24.819	1.33211				2
2025.12.05	00:36:25.429	1.33212				2
2025.12.05	00:36:26.040	1.33220				2
2025.12.05	00:36:26.371	1.33212				2
2025.12.05	00:36:26.676	1.33208				2
2025.12.05	00:36:26.992	1.33213				2
2025.12.05	00:36:27.613	1.33212				2
2025.12.05	00:36:28.223	1.33208				2
2025.12.05	00:36:28.840	1.33201				2
2025.12.05	00:36:29.147	1.33200				2
2025.12.05	00:36:29.451	1.33203	1.33297			6
2025.12.05	00:36:29.760	1.33212	1.33298			6
2025.12.05	00:36:30.072	1.33200				2
2025.12.05	00:36:30.381	1.33201				2
2025.12.05	00:36:30.685	1.33213				2
2025.12.05	00:36:31.002	1.33220				2
2025.12.05	00:36:31.322	1.33213				2
2025.12.05	00:36:31.945	1.33215	1.33297			6
2025.12.05	00:36:32.259	1.33213	1.33298			6
2025.12.05	00:36:32.561		1.33297			4
2025.12.05	00:36:32.864	1.33214	1.33300			6
2025.12.05	00:36:33.174	1.33209	1.33301			6
2025.12.05	00:36:33.478	1.33201	1.33297			6
2025.12.05	00:36:33.782	1.33213				2
2025.12.05	00:36:34.088	1.33204	1.33299			6
2025.12.05	00:36:34.401	1.33203	1.33297			6
2025.12.05	00:36:34.703	1.33208	1.33300			6
2025.12.05	00:36:35.019	1.33212				2
2025.12.05	00:36:35.321	1.33214				2
2025.12.05	00:36:35.623	1.33205	1.33299			6
2025.12.05	00:36:35.925	1.33204	1.33300			6
2025.12.05	00:36:36.228	1.33215				2
2025.12.05	00:36:36.537	1.33223				2
2025.12.05	00:36:36.872		1.33299			4
2025.12.05	00:36:37.175	1.33212	1.33300			6
2025.12.05	00:36:37.480	1.33215	1.33297			6
2025.12.05	00:36:37.828	1.33207				2
2025.12.05	00:36:38.452	1.33206	1.33300			6
2025.12.05	00:36:38.759	1.33215				2
2025.12.05	00:36:39.072	1.33216	1.33299			6
2025.12.05	00:36:39.379	1.33207	1.33300			6
2025.12.05	00:36:39.680	1.33204				2
2025.12.05	00:36:39.985	1.33215				2
2025.12.05	00:36:40.295	1.33216				2
2025.12.05	00:36:40.603	1.33223				2
2025.12.05	00:36:41.222	1.33216				2
2025.12.05	00:36:41.525	1.33214				2
2025.12.05	00:36:41.840	1.33215	1.33299			6
2025.12.05	00:36:42.773	1.33211				2
2025.12.05	00:36:43.077	1.33203				2
2025.12.05	00:36:43.379	1.33204				2
2025.12.05	00:36:43.990	1.33203				2
2025.12.05	00:36:44.301	1.33204				2
2025.12.05	00:36:44.602	1.33211				2
2025.12.05	00:36:44.920	1.33214				2
2025.12.05	00:36:45.222	1.33204				2
2025.12.05	00:36:45.524	1.33214				2
2025.12.05	00:36:45.838	1.33222				2
2025.12.05	00:36:46.173	1.33211				2
2025.12.05	00:36:46.477	1.33215				2
2025.12.05	00:36:46.791	1.33216				2
2025.12.05	00:36:47.413	1.33215				2
2025.12.05	00:36:47.727	1.33211				2
2025.12.05	00:36:48.030	1.33215				2
2025.12.05	00:36:48.333	1.33204				2
2025.12.05	00:36:48.944	1.33208	1.33296			6
2025.12.05	00:36:49.553	1.33215	1.33297			6
2025.12.05	00:36:49.860	1.33219	1.33296			6
2025.12.05	00:36:50.170	1.33218	1.33297			6
2025.12.05	00:36:50.479	1.33209				2
2025.12.05	00:36:50.783	1.33213				2
2025.12.05	00:36:51.097	1.33221	1.33299			6
2025.12.05	00:36:51.421	1.33216	1.33296			6
2025.12.05	00:36:51.738	1.33214	1.33299			6
2025.12.05	00:36:52.357		1.33297			4
2025.12.05	00:36:52.658	1.33215	1.33296			6
2025.12.05	00:36:52.962		1.33297			4
2025.12.05	00:36:53.279	1.33208				2
2025.12.05	00:36:53.580		1.33296			4
2025.12.05	00:36:54.502	1.33214				2
2025.12.05	00:36:54.818	1.33218				2
2025.12.05	00:36:55.121	1.33208				2
2025.12.05	00:36:55.427	1.33214				2
2025.12.05	00:36:55.738	1.33221	1.33295			6
2025.12.05	00:36:56.071	1.33214				2
2025.12.05	00:36:56.373		1.33296			4
2025.12.05	00:36:57.028	1.33208				2
2025.12.05	00:36:58.252	1.33215				2
2025.12.05	00:36:58.557	1.33218				2
2025.12.05	00:36:59.177	1.33208				2
2025.12.05	00:36:59.481	1.33206				2
2025.12.05	00:36:59.784	1.33214				2
2025.12.05	00:37:00.097	1.33221				2
2025.12.05	00:37:05.473	1.33220				2
2025.12.05	00:37:06.779	1.33221	1.33298			6
2025.12.05	00:37:07.080		1.33297			4
2025.12.05	00:37:07.399		1.33298			4
2025.12.05	00:37:07.721	1.33216	1.33297			6
2025.12.05	00:37:08.039	1.33223	1.33304			6
2025.12.05	00:37:08.372	1.33216	1.33303			6
2025.12.05	00:37:08.676	1.33224	1.33304			6
2025.12.05	00:37:09.338	1.33220				2
2025.12.05	00:37:09.643	1.33224				2
2025.12.05	00:37:10.878	1.33209	1.33300			6
2025.12.05	00:37:11.484	1.33217				2
2025.12.05	00:37:11.798	1.33224	1.33303			6
2025.12.05	00:37:12.123	1.33209	1.33300			6
2025.12.05	00:37:12.437	1.33223				2
2025.12.05	00:37:12.777	1.33214	1.33299			6
2025.12.05	00:37:13.078	1.33225	1.33300			6
2025.12.05	00:37:13.698		1.33301			4
2025.12.05	00:37:14.014		1.33299			4
2025.12.05	00:37:14.323	1.33214				2
2025.12.05	00:37:14.636	1.33219				2
2025.12.05	00:37:15.251	1.33218				2
2025.12.05	00:37:15.557		1.33301			4
2025.12.05	00:37:15.872	1.33213	1.33299			6
2025.12.05	00:37:16.176		1.33298			4
2025.12.05	00:37:16.477	1.33214	1.33301			6
2025.12.05	00:37:16.779	1.33205	1.33304			6
2025.12.05	00:37:17.093	1.33206	1.33302			6
2025.12.05	00:37:17.399	1.33205	1.33304			6
2025.12.05	00:37:18.002	1.33211				2
2025.12.05	00:37:18.320	1.33226	1.33306			6
2025.12.05	00:37:18.622		1.33304			4
2025.12.05	00:37:18.938		1.33303			4
2025.12.05	00:37:19.243		1.33304			4
2025.12.05	00:37:19.545		1.33306			4
2025.12.05	00:37:20.186	1.33228				2
2025.12.05	00:37:20.829	1.33220				2
2025.12.05	00:37:21.140		1.33301			4
2025.12.05	00:37:21.444	1.33219				2
2025.12.05	00:37:21.752	1.33225				2
2025.12.05	00:37:22.059	1.33226	1.33306			6
2025.12.05	00:37:22.379	1.33225	1.33304			6
2025.12.05	00:37:22.683	1.33228	1.33303			6
2025.12.05	00:37:22.999	1.33226	1.33300			6
2025.12.05	00:37:23.324	1.33227	1.33301			6
2025.12.05	00:37:23.628	1.33225	1.33300			6
2025.12.05	00:37:23.940		1.33302			4
2025.12.05	00:37:24.260		1.33300			4
2025.12.05	00:37:25.241	1.33224				2
2025.12.05	00:37:26.663	1.33219	1.33299			6
2025.12.05	00:37:26.964	1.33225	1.33301			6
2025.12.05	00:37:27.925	1.33224	1.33303			6
2025.12.05	00:37:28.539	1.33220				2
2025.12.05	00:37:28.841	1.33207	1.33300			6
2025.12.05	00:37:29.752	1.33215	1.33298			6
2025.12.05	00:37:30.059	1.33213	1.33303			6
2025.12.05	00:37:30.379	1.33205	1.33302			6
2025.12.05	00:37:30.680	1.33200	1.33303			6
2025.12.05	00:37:30.984	1.33218	1.33302			6
2025.12.05	00:37:31.599	1.33225	1.33301			6
2025.12.05	00:37:31.912		1.33302			4
2025.12.05	00:37:32.223	1.33216	1.33300			6
2025.12.05	00:37:32.542	1.33217				2
2025.12.05	00:37:32.857	1.33218	1.33303			6
2025.12.05	00:37:33.767	1.33216	1.33301			6
2025.12.05	00:37:34.076	1.33205	1.33302			6
2025.12.05	00:37:34.387	1.33204	1.33303			6
2025.12.05	00:37:35.303	1.33211	1.33302			6
2025.12.05	00:37:35.618	1.33227	1.33303			6
2025.12.05	00:37:35.921	1.33228				2
2025.12.05	00:37:36.223	1.33227				2
2025.12.05	00:37:36.539	1.33220				2
2025.12.05	00:37:36.845		1.33300			4
2025.12.05	00:37:37.759	1.33225	1.33301			6
2025.12.05	00:37:38.060	1.33226	1.33302			6
2025.12.05	00:37:38.367	1.33216	1.33301			6
2025.12.05	00:37:38.680	1.33211	1.33297			6
2025.12.05	00:37:38.992	1.33216	1.33296			6
2025.12.05	00:37:39.639	1.33209				2
2025.12.05	00:37:39.944	1.33211	1.33294			6
2025.12.05	00:37:40.250	1.33215	1.33295			6
2025.12.05	00:37:40.552	1.33217				2
2025.12.05	00:37:40.877		1.33299			4
2025.12.05	00:37:41.180	1.33221				2
2025.12.05	00:37:41.501	1.33220	1.33300			6
2025.12.05	00:37:41.803		1.33301			4
2025.12.05	00:37:42.738	1.33219				2
2025.12.05	00:37:43.073	1.33220				2
2025.12.05	00:37:43.378	1.33219				2
2025.12.05	00:37:44.039	1.33213	1.33295			6
2025.12.05	00:37:44.347	1.33218	1.33294			6
2025.12.05	00:37:44.677	1.33210				2
2025.12.05	00:37:44.979	1.33211				2
2025.12.05	00:37:45.288	1.33209				2
2025.12.05	00:37:45.596	1.33210	1.33295			6
2025.12.05	00:37:45.903	1.33209	1.33294			6
2025.12.05	00:37:46.205	1.33218				2
2025.12.05	00:37:46.518	1.33215	1.33297			6
2025.12.05	00:37:46.822	1.33207				2
2025.12.05	00:37:47.125	1.33206				2
2025.12.05	00:37:47.739	1.33221				2
2025.12.05	00:37:48.372	1.33214				2
2025.12.05	00:37:48.678	1.33215				2
2025.12.05	00:37:48.987	1.33214				2
2025.12.05	00:37:49.328	1.33207				2
2025.12.05	00:37:49.637	1.33206				2
2025.12.05	00:37:49.943		1.33298			4
2025.12.05	00:37:50.244		1.33297			4
2025.12.05	00:37:50.554	1.33214				2
2025.12.05	00:37:50.859	1.33213				2
2025.12.05	00:37:51.162	1.33216				2
2025.12.05	00:37:51.480	1.33222				2
2025.12.05	00:37:52.121	1.33215				2
2025.12.05	00:37:52.424	1.33214				2
2025.12.05	00:37:52.741	1.33215				2
2025.12.05	00:37:53.043	1.33214				2
2025.12.05	00:37:53.971	1.33213				2
2025.12.05	00:37:54.278	1.33205				2
2025.12.05	00:37:54.584	1.33220				2
2025.12.05	00:37:54.898	1.33221				2
2025.12.05	00:37:55.202	1.33212				2
2025.12.05	00:37:55.520	1.33216				2
2025.12.05	00:37:55.822	1.33205				2
2025.12.05	00:37:56.437	1.33202				2
2025.12.05	00:37:56.739	1.33223				2
2025.12.05	00:37:57.073	1.33212				2
2025.12.05	00:37:57.374	1.33211				2
2025.12.05	00:37:57.686	1.33215				2
2025.12.05	00:37:57.996	1.33214				2
2025.12.05	00:37:58.299	1.33222				2
2025.12.05	00:37:58.601	1.33212				2
2025.12.05	00:37:58.920	1.33222	1.33301			6
2025.12.05	00:37:59.223	1.33223	1.33299			6
2025.12.05	00:37:59.531	1.33212	1.33298			6
2025.12.05	00:37:59.838	1.33223	1.33299			6
2025.12.05	00:38:00.174	1.33212				2
2025.12.05	00:38:00.477	1.33214	1.33298			6
2025.12.05	00:38:00.793	1.33215	1.33299			6
2025.12.05	00:38:01.098	1.33223				2
2025.12.05	00:38:01.428	1.33205				2
2025.12.05	00:38:01.744	1.33206				2
2025.12.05	00:38:02.049		1.33298			4
2025.12.05	00:38:02.352	1.33214				2
2025.12.05	00:38:02.659	1.33215	1.33297			6
2025.12.05	00:38:02.966	1.33212	1.33299			6
2025.12.05	00:38:03.278	1.33206	1.33297			6
2025.12.05	00:38:03.580	1.33220	1.33299			6
2025.12.05	00:38:03.897	1.33221				2
2025.12.05	00:38:04.522	1.33214				2
2025.12.05	00:38:04.822	1.33215	1.33297			6
2025.12.05	00:38:05.139	1.33214				2
2025.12.05	00:38:05.477	1.33207				2
2025.12.05	00:38:05.779	1.33205	1.33299			6
2025.12.05	00:38:07.002	1.33212				2
2025.12.05	00:38:07.319	1.33216				2
2025.12.05	00:38:07.622	1.33215				2
2025.12.05	00:38:07.938	1.33222				2
2025.12.05	00:38:08.274	1.33215				2
2025.12.05	00:38:08.578	1.33213				2
2025.12.05	00:38:08.883	1.33212				2
2025.12.05	00:38:09.186	1.33214	1.33298			6
2025.12.05	00:38:09.828	1.33207	1.33297			6
2025.12.05	00:38:10.140	1.33205	1.33299			6
2025.12.05	00:38:10.444	1.33214				2
2025.12.05	00:38:10.749	1.33204				2
2025.12.05	00:38:11.053	1.33212				2
2025.12.05	00:38:11.979	1.33204				2
2025.12.05	00:38:12.588	1.33222				2
2025.12.05	00:38:13.524	1.33213				2
2025.12.05	00:38:14.139	1.33215				2
2025.12.05	00:38:14.449	1.33214				2
2025.12.05	00:38:14.755	1.33215				2
2025.12.05	00:38:15.065	1.33214				2
2025.12.05	00:38:15.373	1.33212				2
2025.12.05	00:38:16.278	1.33205				2
2025.12.05	00:38:16.584	1.33204				2
2025.12.05	00:38:16.899	1.33205				2
2025.12.05	00:38:17.203	1.33211				2
2025.12.05	00:38:17.518	1.33215				2
2025.12.05	00:38:17.823	1.33207				2
2025.12.05	00:38:18.124	1.33203				2
2025.12.05	00:38:18.439	1.33223				2
2025.12.05	00:38:18.772	1.33215				2
2025.12.05	00:38:19.073	1.33212				2
2025.12.05	00:38:19.685	1.33215				2
2025.12.05	00:38:20.611	1.33214				2
2025.12.05	00:38:20.921	1.33212				2
2025.12.05	00:38:21.228	1.33204				2
2025.12.05	00:38:21.537	1.33205				2
2025.12.05	00:38:21.846		1.33298			4
2025.12.05	00:38:22.147	1.33204	1.33299			6
2025.12.05	00:38:22.452	1.33205				2
2025.12.05	00:38:22.759	1.33213				2
2025.12.05	00:38:23.067	1.33216				2
2025.12.05	00:38:23.379	1.33205				2
2025.12.05	00:38:23.680		1.33298			4
2025.12.05	00:38:23.990	1.33215	1.33299			6
2025.12.05	00:38:24.300	1.33221	1.33301			6
2025.12.05	00:38:24.922	1.33214				2
2025.12.05	00:38:25.533	1.33213	1.33295			6
2025.12.05	00:38:25.839		1.33297			4
2025.12.05	00:38:26.168	1.33215	1.33301			6
2025.12.05	00:38:26.476	1.33214	1.33300			6
2025.12.05	00:38:26.777	1.33212				2
2025.12.05	00:38:27.078	1.33215				2
2025.12.05	00:38:27.384	1.33203				2
2025.12.05	00:38:27.699		1.33301			4
2025.12.05	00:38:28.306	1.33211				2
2025.12.05	00:38:28.618	1.33214				2
2025.12.05	00:38:28.922	1.33212				2
2025.12.05	00:38:29.241	1.33203	1.33300			6
2025.12.05	00:38:29.545	1.33223	1.33301			6
2025.12.05	00:38:29.878	1.33215	1.33300			6
2025.12.05	00:38:30.180	1.33220				2
2025.12.05	00:38:30.483	1.33223	1.33301			6
2025.12.05	00:38:31.438	1.33207				2
2025.12.05	00:38:31.778	1.33206				2
2025.12.05	00:38:32.091	1.33212	1.33298			6
2025.12.05	00:38:32.398	1.33214				2
2025.12.05	00:38:32.727	1.33223	1.33297			6
2025.12.05	00:38:33.038	1.33209	1.33298			6
2025.12.05	00:38:33.376	1.33214	1.33297			6
2025.12.05	00:38:33.678	1.33204				2
2025.12.05	00:38:33.985	1.33203				2
2025.12.05	00:38:34.903	1.33212				2
2025.12.05	00:38:35.220	1.33215				2
2025.12.05	00:38:35.521	1.33216				2
2025.12.05	00:38:35.839	1.33221				2
2025.12.05	00:38:36.158	1.33222				2
2025.12.05	00:38:36.462	1.33223				2
2025.12.05	00:38:36.772	1.33222				2
2025.12.05	00:38:37.073	1.33214				2
2025.12.05	00:38:37.380	1.33213				2
2025.12.05	00:38:37.686	1.33214				2
2025.12.05	00:38:38.027	1.33212				2
2025.12.05	00:38:38.338	1.33206				2
2025.12.05	00:38:38.646	1.33205				2
2025.12.05	00:38:38.953	1.33204	1.33296			6
2025.12.05	00:38:39.259	1.33211	1.33297			6
2025.12.05	00:38:39.865	1.33215	1.33296			6
2025.12.05	00:38:40.179	1.33205	1.33297			6
2025.12.05	00:38:40.480	1.33222				2
2025.12.05	00:38:40.799		1.33296			4
2025.12.05	00:38:41.122	1.33215				2
2025.12.05	00:38:41.422	1.33212	1.33297			6
2025.12.05	00:38:41.735	1.33213				2
2025.12.05	00:38:42.377	1.33205	1.33296			6
2025.12.05	00:38:42.682	1.33206				2
2025.12.05	00:38:43.299		1.33295			4
2025.12.05	00:38:43.603	1.33214	1.33297			6
2025.12.05	00:38:43.904		1.33296			4
2025.12.05	00:38:44.220	1.33218	1.33297			6
2025.12.05	00:38:44.521	1.33217				2
2025.12.05	00:38:44.823	1.33210				2
2025.12.05	00:38:45.124	1.33207				2
2025.12.05	00:38:45.437	1.33206	1.33296			6
2025.12.05	00:38:45.740	1.33220	1.33297			6
2025.12.05	00:38:46.071	1.33215				2
2025.12.05	00:38:46.730	1.33212				2
2025.12.05	00:38:47.040	1.33206				2
2025.12.05	00:38:47.652	1.33216	1.33296			6
2025.12.05	00:38:47.958	1.33212	1.33297			6
2025.12.05	00:38:48.266	1.33216				2
2025.12.05	00:38:48.578	1.33206				2
2025.12.05	00:38:48.882	1.33216				2
2025.12.05	00:38:49.199	1.33215				2
2025.12.05	00:38:49.522	1.33211				2
2025.12.05	00:38:49.827	1.33216	1.33296			6
2025.12.05	00:38:50.138	1.33208				2
2025.12.05	00:38:50.443	1.33206				2
2025.12.05	00:38:50.753	1.33207	1.33297			6
2025.12.05	00:38:51.059	1.33215				2
2025.12.05	00:38:51.380	1.33205				2
2025.12.05	00:38:51.681	1.33203				2
2025.12.05	00:38:51.984	1.33215				2
2025.12.05	00:38:52.300	1.33222				2
2025.12.05	00:38:52.621	1.33221				2
2025.12.05	00:38:52.923	1.33214				2
2025.12.05	00:38:53.238	1.33213				2
2025.12.05	00:38:53.579	1.33206				2
2025.12.05	00:38:53.883	1.33208	1.33296			6
2025.12.05	00:38:54.184	1.33207				2
2025.12.05	00:38:54.802	1.33216	1.33295			6
2025.12.05	00:38:55.118	1.33215	1.33297			6
2025.12.05	00:38:55.422	1.33205				2
2025.12.05	00:38:55.729	1.33215				2
2025.12.05	00:38:56.038	1.33222				2
2025.12.05	00:38:56.349	1.33223				2
2025.12.05	00:38:56.971	1.33214				2
2025.12.05	00:38:57.274	1.33212				2
2025.12.05	00:38:57.592	1.33216	1.33302			6
2025.12.05	00:38:57.897	1.33219	1.33301			6
2025.12.05	00:38:58.206	1.33224	1.33304			6
2025.12.05	00:38:58.839	1.33223				2
2025.12.05	00:38:59.802	1.33226				2
2025.12.05	00:39:00.119	1.33223				2
2025.12.05	00:39:01.040	1.33222				2
2025.12.05	00:39:01.671	1.33220	1.33303			6
2025.12.05	00:39:01.972	1.33219	1.33304			6
2025.12.05	00:39:02.279	1.33220	1.33300			6
2025.12.05	00:39:02.597	1.33221	1.33302			6
2025.12.05	00:39:02.922	1.33215	1.33303			6
2025.12.05	00:39:03.238	1.33212	1.33297			6
2025.12.05	00:39:03.547	1.33219	1.33301			6
2025.12.05	00:39:03.871		1.33303			4
2025.12.05	00:39:04.173	1.33215	1.33296			6
2025.12.05	00:39:04.486		1.33297			4
2025.12.05	00:39:05.439	1.33208	1.33296			6
2025.12.05	00:39:05.744	1.33206				2
2025.12.05	00:39:06.053	1.33215				2
2025.12.05	00:39:06.357	1.33218	1.33297			6
2025.12.05	00:39:06.678	1.33207				2
2025.12.05	00:39:06.984	1.33238	1.33302			6
2025.12.05	00:39:07.895		1.33307			4
2025.12.05	00:39:24.115		1.33305			4
2025.12.05	00:39:27.935	1.33209	1.33298			6
2025.12.05	00:39:28.243	1.33248	1.33310			6
2025.12.05	00:39:29.465		1.33305			4
2025.12.05	00:39:29.770		1.33307			4
2025.12.05	00:39:30.384		1.33305			4
2025.12.05	00:39:44.517		1.33306			4
2025.12.05	00:40:00.222	1.33248				2
2025.12.05	00:40:05.819	1.33225	1.33300			6
2025.12.05	00:40:06.121	1.33252	1.33301			6
2025.12.05	00:40:06.423		1.33315			4
2025.12.05	00:40:07.663		1.33311			4
2025.12.05	00:40:08.663	1.33254	1.33308			6
2025.12.05	00:40:12.640	1.33255				2
2025.12.05	00:40:28.572	1.33228	1.33305			6
2025.12.05	00:40:28.921	1.33219	1.33296			6
2025.12.05	00:40:36.042	1.33218	1.33297			6
2025.12.05	00:40:42.623	1.33229	1.33303			6
2025.12.05	00:40:42.948	1.33233	1.33309			6
2025.12.05	00:40:43.258	1.33216	1.33303			6
2025.12.05	00:40:43.579	1.33211				2
2025.12.05	00:40:43.881	1.33225	1.33304			6
2025.12.05	00:40:44.184	1.33226	1.33309			6
2025.12.05	00:40:44.494		1.33311			4
2025.12.05	00:40:44.798	1.33233	1.33312			6
2025.12.05	00:40:45.413		1.33313			4
2025.12.05	00:40:45.716	1.33231	1.33312			6
2025.12.05	00:40:46.018	1.33215	1.33305			6
2025.12.05	00:40:46.322	1.33212	1.33301			6
2025.12.05	00:40:46.638	1.33203	1.33304			6
2025.12.05	00:40:46.944	1.33204	1.33303			6
2025.12.05	00:40:47.252	1.33221	1.33305			6
2025.12.05	00:40:47.559		1.33308			4
2025.12.05	00:40:47.860	1.33207	1.33306			6
2025.12.05	00:40:48.162	1.33215	1.33304			6
2025.12.05	00:40:48.478	1.33203	1.33305			6
2025.12.05	00:40:48.798	1.33222				2
2025.12.05	00:40:49.121	1.33214	1.33303			6
2025.12.05	00:40:49.438	1.33221				2
2025.12.05	00:40:49.758	1.33228	1.33312			6
2025.12.05	00:40:50.073	1.33250	1.33327			6
2025.12.05	00:40:50.379	1.33244	1.33328			6
2025.12.05	00:40:50.681	1.33225				2
2025.12.05	00:40:50.984	1.33247	1.33325			6
2025.12.05	00:40:51.327		1.33326			4
2025.12.05	00:40:51.639	1.33225	1.33328			6
2025.12.05	00:40:51.940	1.33247	1.33326			6
2025.12.05	00:40:52.277		1.33325			4
2025.12.05	00:40:52.978	1.33253	1.33328			6
2025.12.05	00:40:54.143	1.33251	1.33324			6
2025.12.05	00:40:54.478	1.33247	1.33326			6
2025.12.05	00:40:54.819	1.33220	1.33325			6
2025.12.05	00:40:55.141	1.33251	1.33326			6
2025.12.05	00:40:55.803	1.33217	1.33313			6
2025.12.05	00:40:56.343	1.33224	1.33312			6
2025.12.05	00:40:56.645	1.33216	1.33307			6
2025.12.05	00:40:56.952	1.33223	1.33309			6
2025.12.05	00:40:57.273	1.33213	1.33307			6
2025.12.05	00:40:57.579	1.33223	1.33306			6
2025.12.05	00:40:57.883	1.33227	1.33315			6
2025.12.05	00:40:58.184		1.33310			4
2025.12.05	00:40:58.516	1.33226	1.33307			6
2025.12.05	00:40:58.819	1.33224				2
2025.12.05	00:40:59.123	1.33223	1.33309			6
2025.12.05	00:40:59.478	1.33203				2
2025.12.05	00:40:59.787	1.33200				2
2025.12.05	00:41:00.098	1.33217	1.33310			6
2025.12.05	00:41:00.409	1.33211	1.33312			6
2025.12.05	00:41:00.715	1.33217	1.33311			6
2025.12.05	00:41:01.022	1.33251	1.33325			6
2025.12.05	00:41:01.338	1.33249				2
2025.12.05	00:41:01.641	1.33225	1.33328			6
2025.12.05	00:41:02.736	1.33253	1.33323			6
2025.12.05	00:41:03.037	1.33250				2
2025.12.05	00:41:03.338	1.33242	1.33326			6
2025.12.05	00:41:03.640	1.33218	1.33315			6
2025.12.05	00:41:03.958	1.33225	1.33313			6
2025.12.05	00:41:04.304	1.33223				2
2025.12.05	00:41:04.606	1.33216	1.33311			6
2025.12.05	00:41:04.918	1.33220	1.33310			6
2025.12.05	00:41:05.220		1.33307			4
2025.12.05	00:41:05.538	1.33224	1.33312			6
2025.12.05	00:41:05.840	1.33223	1.33310			6
2025.12.05	00:41:06.458	1.33222				2
2025.12.05	00:41:06.779		1.33311			4
2025.12.05	00:41:07.092	1.33223	1.33306			6
2025.12.05	00:41:07.398	1.33224	1.33314			6
2025.12.05	00:41:07.703	1.33197	1.33308			6
2025.12.05	00:41:08.020	1.33225	1.33310			6
2025.12.05	00:41:08.320	1.33215	1.33305			6
2025.12.05	00:41:08.624	1.33227	1.33308			6
2025.12.05	00:41:08.938	1.33228	1.33311			6
2025.12.05	00:41:09.241	1.33221	1.33312			6
2025.12.05	00:41:09.558	1.33226	1.33314			6
2025.12.05	00:41:09.873	1.33227	1.33315			6
2025.12.05	00:41:10.178	1.33219	1.33312			6
2025.12.05	00:41:10.481	1.33205				2
2025.12.05	00:41:10.783	1.33222	1.33309			6
2025.12.05	00:41:11.102	1.33198				2
2025.12.05	00:41:12.077	1.33203	1.33312			6
2025.12.05	00:41:13.304	1.33194	1.33311			6
2025.12.05	00:41:14.665		1.33312			4
2025.12.05	00:41:21.670		1.33311			4
2025.12.05	00:41:29.620		1.33310			4
2025.12.05	00:41:35.731	1.33216	1.33312			6
2025.12.05	00:41:36.041	1.33218	1.33313			6
2025.12.05	00:41:36.349	1.33217	1.33311			6
2025.12.05	00:41:36.659	1.33199				2
2025.12.05	00:41:36.977	1.33206	1.33309			6
2025.12.05	00:41:37.278	1.33207	1.33310			6
2025.12.05	00:41:37.582	1.33199	1.33307			6
2025.12.05	00:41:37.903	1.33214	1.33310			6
2025.12.05	00:41:38.204	1.33216	1.33311			6
2025.12.05	00:41:38.518	1.33203	1.33309			6
2025.12.05	00:41:38.821	1.33201				2
2025.12.05	00:41:39.128	1.33209				2
2025.12.05	00:41:39.439	1.33215				2
2025.12.05	00:41:39.749	1.33216	1.33314			6
2025.12.05	00:41:40.059	1.33205	1.33312			6
2025.12.05	00:41:40.376	1.33225	1.33313			6
2025.12.05	00:41:40.678	1.33217	1.33311			6
2025.12.05	00:41:40.984	1.33212	1.33312			6
2025.12.05	00:41:41.298	1.33221	1.33307			6
2025.12.05	00:41:41.622	1.33206	1.33311			6
2025.12.05	00:41:41.926	1.33200	1.33310			6
2025.12.05	00:41:42.240	1.33203	1.33312			6
2025.12.05	00:41:42.544	1.33197	1.33305			6
2025.12.05	00:41:42.852	1.33200	1.33306			6
2025.12.05	00:41:43.153	1.33224	1.33313			6
2025.12.05	00:41:43.459	1.33216				2
2025.12.05	00:41:43.769	1.33225	1.33308			6
2025.12.05	00:41:44.073	1.33212				2
2025.12.05	00:41:44.379	1.33220	1.33307			6
2025.12.05	00:41:44.680	1.33208	1.33303			6
2025.12.05	00:41:44.981		1.33302			4
2025.12.05	00:41:45.396		1.33303			4
2025.12.05	00:41:46.053		1.33302			4
2025.12.05	00:41:49.663	1.33205				2
2025.12.05	00:41:50.661		1.33301			4
2025.12.05	00:41:51.162	1.33224	1.33314			6
2025.12.05	00:41:51.465	1.33215	1.33311			6
2025.12.05	00:41:51.766	1.33225	1.33314			6
2025.12.05	00:41:52.728	1.33218	1.33318			6
2025.12.05	00:41:53.038	1.33225	1.33315			6
2025.12.05	00:41:53.353	1.33221	1.33310			6
2025.12.05	00:41:53.661	1.33225	1.33312			6
2025.12.05	00:41:53.977		1.33314			4
2025.12.05	00:41:54.278		1.33309			4
2025.12.05	00:41:54.585	1.33223	1.33316			6
2025.12.05	00:41:54.899	1.33220				2
2025.12.05	00:41:55.214	1.33226	1.33314			6
2025.12.05	00:41:55.537		1.33315			4
2025.12.05	00:41:55.839	1.33227	1.33317			6
2025.12.05	00:41:56.179	1.33213	1.33310			6
2025.12.05	00:41:56.486	1.33212	1.33312			6
2025.12.05	00:41:56.787	1.33225	1.33315			6
2025.12.05	00:41:57.104	1.33215	1.33308			6
2025.12.05	00:41:57.405	1.33222				2
2025.12.05	00:41:58.027		1.33314			4
2025.12.05	00:41:58.340	1.33213	1.33299			6
2025.12.05	00:41:58.640	1.33200				2
2025.12.05	00:41:58.953	1.33201				2
2025.12.05	00:41:59.259	1.33202				2
2025.12.05	00:41:59.563	1.33204				2
2025.12.05	00:41:59.877	1.33213	1.33309			6
2025.12.05	00:42:00.180	1.33214	1.33310			6
2025.12.05	00:42:00.499	1.33215	1.33299			6
2025.12.05	00:42:00.807	1.33213				2
2025.12.05	00:42:01.122	1.33204				2
2025.12.05	00:42:01.424	1.33201	1.33298			6
2025.12.05	00:42:01.730	1.33202	1.33299			6
2025.12.05	00:42:02.377	1.33193				2
2025.12.05	00:42:02.985	1.33192				2
2025.12.05	00:42:03.300	1.33202				2
2025.12.05	00:42:03.602	1.33203				2
2025.12.05	00:42:03.917	1.33208				2
2025.12.05	00:42:04.221	1.33203				2
2025.12.05	00:42:04.538	1.33216				2
2025.12.05	00:42:05.173	1.33204				2
2025.12.05	00:42:05.827	1.33195				2
2025.12.05	00:42:06.142	1.33202				2
2025.12.05	00:42:06.459	1.33203				2
2025.12.05	00:42:07.079	1.33215	1.33298			6
2025.12.05	00:42:07.721	1.33205				2
2025.12.05	00:42:08.023	1.33204				2
2025.12.05	00:42:08.954	1.33205				2
2025.12.05	00:42:09.268	1.33204				2
2025.12.05	00:42:09.579	1.33195				2
2025.12.05	00:42:09.886	1.33193				2
2025.12.05	00:42:10.499	1.33202	1.33297			6
2025.12.05	00:42:10.802	1.33204				2
2025.12.05	00:42:11.119	1.33207				2
2025.12.05	00:42:11.427	1.33202				2
2025.12.05	00:42:11.737	1.33216				2
2025.12.05	00:42:12.371	1.33205				2
2025.12.05	00:42:12.728	1.33195				2
2025.12.05	00:42:13.039	1.33201	1.33299			6
2025.12.05	00:42:13.352	1.33202	1.33294			6
2025.12.05	00:42:13.658	1.33204				2
2025.12.05	00:42:13.962	1.33208				2
2025.12.05	00:42:14.278	1.33216	1.33295			6
2025.12.05	00:42:14.580		1.33298			4
2025.12.05	00:42:14.898	1.33215				2
2025.12.05	00:42:15.213		1.33296			4
2025.12.05	00:42:15.522	1.33205				2
2025.12.05	00:42:15.840		1.33294			4
2025.12.05	00:42:16.153	1.33206				2
2025.12.05	00:42:16.774	1.33203				2
2025.12.05	00:42:17.078	1.33194				2
2025.12.05	00:42:17.383	1.33201				2
2025.12.05	00:42:17.703	1.33204				2
2025.12.05	00:42:18.018	1.33207				2
2025.12.05	00:42:18.321	1.33201				2
2025.12.05	00:42:18.640	1.33215				2
2025.12.05	00:42:18.971	1.33207	1.33297			6
2025.12.05	00:42:19.273	1.33205				2
2025.12.05	00:42:19.630	1.33195				2
2025.12.05	00:42:19.939	1.33196	1.33299			6
2025.12.05	00:42:20.241	1.33204	1.33297			6
2025.12.05	00:42:20.559	1.33205				2
2025.12.05	00:42:20.861	1.33206	1.33295			6
2025.12.05	00:42:21.180	1.33215				2
2025.12.05	00:42:21.498	1.33216				2
2025.12.05	00:42:21.802	1.33215				2
2025.12.05	00:42:22.123	1.33205				2
2025.12.05	00:42:22.438		1.33294			4
2025.12.05	00:42:22.750	1.33206				2
2025.12.05	00:42:23.371	1.33204				2
2025.12.05	00:42:23.677	1.33195				2
2025.12.05	00:42:23.983	1.33194				2
2025.12.05	00:42:24.600	1.33201				2
2025.12.05	00:42:24.903	1.33204	1.33299			6
2025.12.05	00:42:25.218	1.33207				2
2025.12.05	00:42:25.522	1.33201				2
2025.12.05	00:42:25.838	1.33217				2
2025.12.05	00:42:26.141	1.33216				2
2025.12.05	00:42:26.461	1.33217				2
2025.12.05	00:42:26.772	1.33205	1.33293			6
2025.12.05	00:42:27.077	1.33207				2
2025.12.05	00:42:27.429	1.33197	1.33303			6
2025.12.05	00:42:27.739	1.33198				2
2025.12.05	00:42:28.042	1.33202				2
2025.12.05	00:42:28.347		1.33296			4
2025.12.05	00:42:28.653	1.33204	1.33299			6
2025.12.05	00:42:28.958	1.33203				2
2025.12.05	00:42:29.260	1.33207	1.33298			6
2025.12.05	00:42:29.564	1.33209	1.33299			6
2025.12.05	00:42:29.877	1.33217	1.33298			6
2025.12.05	00:42:30.522		1.33297			4
2025.12.05	00:42:30.824	1.33205	1.33299			6
2025.12.05	00:42:31.137	1.33206	1.33298			6
2025.12.05	00:42:31.451	1.33207	1.33299			6
2025.12.05	00:42:31.758		1.33298			4
2025.12.05	00:42:32.064	1.33206				2
2025.12.05	00:42:32.377	1.33197	1.33297			6
2025.12.05	00:42:32.678	1.33202	1.33296			6
2025.12.05	00:42:33.302	1.33206	1.33297			6
2025.12.05	00:42:33.605	1.33205				2
2025.12.05	00:42:33.917	1.33209				2
2025.12.05	00:42:34.227	1.33202	1.33299			6
2025.12.05	00:42:34.538	1.33218				2
2025.12.05	00:42:34.874	1.33207	1.33297			6
2025.12.05	00:42:35.179	1.33205	1.33299			6
2025.12.05	00:42:35.482	1.33208				2
2025.12.05	00:42:35.787	1.33206	1.33297			6
2025.12.05	00:42:37.010		1.33298			4
2025.12.05	00:42:37.323		1.33297			4
2025.12.05	00:42:37.627	1.33198				2
2025.12.05	00:42:37.941	1.33203	1.33296			6
2025.12.05	00:42:38.254	1.33204	1.33297			6
2025.12.05	00:42:38.558	1.33206	1.33302			6
2025.12.05	00:42:38.863	1.33208	1.33303			6
2025.12.05	00:42:39.177	1.33217				2
2025.12.05	00:42:39.481	1.33218	1.33301			6
2025.12.05	00:42:39.800		1.33302			4
2025.12.05	00:42:40.122	1.33209	1.33303			6
2025.12.05	00:42:40.423	1.33206	1.33305			6
2025.12.05	00:42:40.777	1.33198	1.33304			6
2025.12.05	00:42:41.081	1.33201	1.33303			6
2025.12.05	00:42:41.701	1.33205	1.33302			6
2025.12.05	00:42:42.017	1.33211	1.33303			6
2025.12.05	00:42:42.321	1.33210				2
2025.12.05	00:42:42.622		1.33302			4
2025.12.05	00:42:42.938	1.33217				2
2025.12.05	00:42:43.259		1.33305			4
2025.12.05	00:42:43.572	1.33208				2
2025.12.05	00:42:43.873	1.33209				2
2025.12.05	00:42:44.187	1.33208	1.33304			6
2025.12.05	00:42:44.840	1.33199	1.33303			6
2025.12.05	00:42:45.153	1.33208				2
2025.12.05	00:42:45.761	1.33212				2
2025.12.05	00:42:46.079	1.33217				2
2025.12.05	00:42:46.702	1.33216	1.33306			6
2025.12.05	00:42:47.022	1.33210				2
2025.12.05	00:42:47.329	1.33208	1.33303			6
2025.12.05	00:42:47.647	1.33209	1.33302			6
2025.12.05	00:42:47.977	1.33200	1.33303			6
2025.12.05	00:42:48.285	1.33198	1.33302			6
2025.12.05	00:42:48.591	1.33200	1.33303			6
2025.12.05	00:42:48.898	1.33199	1.33302			6
2025.12.05	00:42:49.202	1.33200	1.33303			6
2025.12.05	00:42:49.502	1.33208				2
2025.12.05	00:42:49.819	1.33212				2
2025.12.05	00:42:50.125	1.33202				2
2025.12.05	00:42:50.439	1.33217				2
2025.12.05	00:42:50.740		1.33306			4
2025.12.05	00:42:51.046		1.33304			4
2025.12.05	00:42:51.358	1.33216	1.33306			6
2025.12.05	00:42:51.672	1.33210				2
2025.12.05	00:42:51.992	1.33209	1.33303			6
2025.12.05	00:42:52.326	1.33210	1.33302			6
2025.12.05	00:42:52.641	1.33202	1.33303			6
2025.12.05	00:42:52.953	1.33203	1.33302			6
2025.12.05	00:42:53.258	1.33210	1.33301			6
2025.12.05	00:42:53.561	1.33213	1.33302			6
2025.12.05	00:42:53.879	1.33217	1.33306			6
2025.12.05	00:42:54.180		1.33303			4
2025.12.05	00:42:54.500		1.33306			4
2025.12.05	00:42:54.822	1.33209				2
2025.12.05	00:42:55.123	1.33210				2
2025.12.05	00:42:55.439		1.33302			4
2025.12.05	00:42:55.778	1.33209				2
2025.12.05	00:42:56.083	1.33201				2
2025.12.05	00:42:56.384	1.33209	1.33301			6
2025.12.05	00:42:56.690	1.33198	1.33302			6
2025.12.05	00:42:56.997	1.33199	1.33303			6
2025.12.05	00:42:57.299	1.33202	1.33302			6
2025.12.05	00:42:57.601	1.33213				2
2025.12.05	00:42:57.920	1.33212	1.33303			6
2025.12.05	00:42:58.223	1.33202	1.33302			6
2025.12.05	00:42:58.539	1.33216				2
2025.12.05	00:42:59.158		1.33306			4
2025.12.05	00:42:59.471	1.33210	1.33302			6
2025.12.05	00:42:59.827	1.33209				2
2025.12.05	00:43:00.129	1.33201				2
2025.12.05	00:43:00.438	1.33199	1.33292			6
2025.12.05	00:43:00.743	1.33204	1.33297			6
2025.12.05	00:43:01.046	1.33206				2
2025.12.05	00:43:01.431	1.33207				2
2025.12.05	00:43:01.741	1.33201	1.33293			6
2025.12.05	00:43:02.052	1.33207				2
2025.12.05	00:43:02.359		1.33292			4
2025.12.05	00:43:02.666	1.33213	1.33300			6
2025.12.05	00:43:02.980	1.33202	1.33298			6
2025.12.05	00:43:03.280	1.33203				2
2025.12.05	00:43:03.581	1.33205				2
2025.12.05	00:43:03.885	1.33216				2
2025.12.05	00:43:04.201		1.33293			4
2025.12.05	00:43:04.524	1.33211	1.33298			6
2025.12.05	00:43:04.839	1.33216	1.33293			6
2025.12.05	00:43:05.479		1.33294			4
2025.12.05	00:43:05.798	1.33217				2
2025.12.05	00:43:06.102		1.33298			4
2025.12.05	00:43:06.418	1.33216				2
2025.12.05	00:43:07.038	1.33217	1.33297			6
2025.12.05	00:43:07.375	1.33216	1.33298			6
2025.12.05	00:43:08.051	1.33217				2
2025.12.05	00:43:08.666	1.33216				2
2025.12.05	00:43:09.280	1.33217				2
2025.12.05	00:43:09.581	1.33216				2
2025.12.05	00:43:10.202	1.33217				2
2025.12.05	00:43:10.522	1.33216				2
2025.12.05	00:43:14.329	1.33217				2
2025.12.05	00:43:14.639		1.33299			4
2025.12.05	00:43:14.952		1.33298			4
2025.12.05	00:43:15.578	1.33216				2
2025.12.05	00:43:17.797	1.33217				2
2025.12.05	00:43:18.101	1.33216				2
2025.12.05	00:43:18.402	1.33217				2
2025.12.05	00:43:18.719	1.33216				2
2025.12.05	00:43:21.579	1.33215				2
2025.12.05	00:43:22.197	1.33216				2
2025.12.05	00:43:22.822	1.33215				2
2025.12.05	00:43:23.802	1.33216				2
2025.12.05	00:43:26.640	1.33218				2
2025.12.05	00:43:26.953	1.33217				2
2025.12.05	00:43:27.257	1.33216				2
2025.12.05	00:43:31.022	1.33214				2
2025.12.05	00:43:31.671	1.33215				2
2025.12.05	00:43:32.327	1.33216				2
2025.12.05	00:43:32.638	1.33215				2
2025.12.05	00:43:33.559	1.33216				2
2025.12.05	00:43:34.176	1.33217				2
2025.12.05	00:43:34.477	1.33215				2
2025.12.05	00:43:35.402	1.33216				2
2025.12.05	00:43:37.003	1.33217				2
2025.12.05	00:43:37.319	1.33216				2
2025.12.05	00:43:37.939	1.33215				2
2025.12.05	00:43:39.178	1.33216				2
2025.12.05	00:43:40.138	1.33218	1.33299			6
2025.12.05	00:43:40.453	1.33216	1.33298			6
2025.12.05	00:43:41.066	1.33215				2
2025.12.05	00:43:41.378	1.33216				2
2025.12.05	00:43:41.680	1.33215				2
2025.12.05	00:43:41.982	1.33217				2
2025.12.05	00:43:42.300	1.33216				2
2025.12.05	00:43:43.300	1.33217				2
2025.12.05	00:43:43.602	1.33218				2
2025.12.05	00:43:43.918	1.33216				2
2025.12.05	00:43:45.841	1.33217				2
2025.12.05	00:43:47.067	1.33218				2
2025.12.05	00:43:47.378	1.33217				2
2025.12.05	00:43:48.624	1.33218				2
2025.12.05	00:43:48.938	1.33217				2
2025.12.05	00:43:49.276	1.33218				2
2025.12.05	00:43:49.578	1.33217				2
2025.12.05	00:43:50.203	1.33219				2
2025.12.05	00:43:50.518	1.33217				2
2025.12.05	00:43:50.821	1.33216				2
2025.12.05	00:43:51.453	1.33217				2
2025.12.05	00:43:53.652	1.33218				2
2025.12.05	00:43:53.958	1.33219				2
2025.12.05	00:43:54.266	1.33217				2
2025.12.05	00:43:56.139	1.33218				2
2025.12.05	00:43:56.776	1.33217				2
2025.12.05	00:43:57.398	1.33218				2
2025.12.05	00:43:58.018	1.33216				2
2025.12.05	00:43:58.322	1.33217				2
2025.12.05	00:43:58.940	1.33218				2
2025.12.05	00:43:59.252	1.33217	1.33295			6
2025.12.05	00:43:59.571		1.33296			4
2025.12.05	00:43:59.927	1.33215	1.33294			6
2025.12.05	00:44:00.238	1.33216	1.33295			6
2025.12.05	00:44:00.551		1.33304			4
2025.12.05	00:44:00.858		1.33303			4
2025.12.05	00:44:01.165	1.33214				2
2025.12.05	00:44:01.479		1.33295			4
2025.12.05	00:44:01.780	1.33215				2
2025.12.05	00:44:02.098	1.33214				2
2025.12.05	00:44:03.377	1.33215				2
2025.12.05	00:44:03.699	1.33216				2
2025.12.05	00:44:04.002	1.33215				2
2025.12.05	00:44:04.319	1.33214				2
2025.12.05	00:44:04.622	1.33215				2
2025.12.05	00:44:05.238	1.33214				2
2025.12.05	00:44:05.928	1.33215				2
2025.12.05	00:44:06.857	1.33213				2
2025.12.05	00:44:07.166	1.33215				2
2025.12.05	00:44:07.467	1.33214				2
2025.12.05	00:44:07.779		1.33293			4
2025.12.05	00:44:08.398		1.33295			4
2025.12.05	00:44:10.299		1.33293			4
2025.12.05	00:44:10.602	1.33215				2
2025.12.05	00:44:10.918		1.33290			4
2025.12.05	00:44:11.872		1.33289			4
2025.12.05	00:44:14.912	1.33217				2
2025.12.05	00:44:15.666		1.33292			4
2025.12.05	00:44:38.023	1.33218	1.33295			6
2025.12.05	00:45:00.569	1.33218				2
2025.12.05	00:45:03.197	1.33208	1.33316			6
2025.12.05	00:45:06.594	1.33218	1.33295			6
2025.12.05	00:45:08.607	1.33221	1.33296			6
2025.12.05	00:45:11.784	1.33237	1.33280			6
2025.12.05	00:45:14.318	1.33234				2
2025.12.05	00:45:37.780	1.33235				2
2025.12.05	00:45:52.303	1.33234				2
2025.12.05	00:46:00.022	1.33234				2
2025.12.05	00:46:05.271	1.33235				2
2025.12.05	00:46:11.139	1.33234				2
2025.12.05	00:46:12.070		1.33280			4
2025.12.05	00:46:13.918	1.33233				2
2025.12.05	00:46:19.188	1.33234				2
2025.12.05	00:46:42.050	1.33233				2
2025.12.05	00:47:00.030	1.33233				2
2025.12.05	00:47:03.106	1.33224	1.33297			6
2025.12.05	00:47:06.816	1.33233	1.33280			6
2025.12.05	00:47:08.980		1.33284			4
2025.12.05	00:47:29.053	1.33237				2
2025.12.05	00:47:29.361	1.33235				2
2025.12.05	00:47:31.208		1.33282			4
2025.12.05	00:47:42.944	1.33234				2
2025.12.05	00:47:45.417		1.33285			4
2025.12.05	00:47:59.907	1.33233				2
2025.12.05	00:48:00.215	1.33233				2
2025.12.05	00:48:32.668	1.33234				2
2025.12.05	00:48:35.749	1.33245	1.33282			6
2025.12.05	00:48:36.054		1.33285			4
2025.12.05	00:48:44.399	1.33246				2
2025.12.05	00:48:50.890		1.33288			4
2025.12.05	00:48:52.431		1.33278			4
2025.12.05	00:48:54.281	1.33247				2
2025.12.05	00:49:00.144	1.33247				2
2025.12.05	00:49:08.492	1.33249				2
2025.12.05	00:49:28.864	1.33250				2
2025.12.05	00:49:41.199	1.33201	1.33279			6
2025.12.05	00:50:00.161	1.33201				2
2025.12.05	00:50:41.498		1.33279			4
2025.12.05	00:51:00.022	1.33201				2
2025.12.05	00:51:02.183	1.33196				2
2025.12.05	00:51:29.340	1.33202	1.33282			6
2025.12.05	00:51:50.929	1.33199				2
2025.12.05	00:52:00.184	1.33199				2
2025.12.05	00:52:02.340	1.33208	1.33283			6
2025.12.05	00:52:04.198	1.33199	1.33282			6
2025.12.05	00:52:19.957	1.33193				2
2025.12.05	00:52:28.332		1.33283			4
2025.12.05	00:52:28.651	1.33192	1.33282			6
2025.12.05	00:52:29.273	1.33198				2
2025.12.05	00:52:31.760	1.33195				2
2025.12.05	00:52:53.120	1.33199				2
2025.12.05	00:53:00.238	1.33199				2
2025.12.05	00:53:28.430		1.33283			4
2025.12.05	00:53:30.600	1.33204				2
2025.12.05	00:53:37.381		1.33286			4
2025.12.05	00:53:38.319	1.33203	1.33283			6
2025.12.05	00:53:51.010	1.33201				2
2025.12.05	00:54:00.285	1.33201				2
2025.12.05	00:54:12.952	1.33204				2
2025.12.05	00:54:16.039	1.33210	1.33282			6
2025.12.05	00:54:41.979	1.33207				2
2025.12.05	00:55:00.262	1.33208	1.33289			6
2025.12.05	00:55:03.662		1.33288			4
2025.12.05	00:55:05.510	1.33209				2
2025.12.05	00:55:16.318	1.33213				2
2025.12.05	00:55:18.182		1.33287			4
2025.12.05	00:55:19.419	1.33211				2
2025.12.05	00:55:25.591	1.33252	1.33291			6
2025.12.05	00:55:27.754		1.33287			4
2025.12.05	00:55:39.187	1.33250				2
2025.12.05	00:55:44.747	1.33253				2
2025.12.05	00:55:59.261	1.33252				2
2025.12.05	00:55:59.882	1.33218	1.33276			6
2025.12.05	00:56:00.196	1.33218				2
2025.12.05	00:56:24.914		1.33275			4
2025.12.05	00:56:49.249		1.33274			4
2025.12.05	00:56:57.280	1.33217				2
2025.12.05	00:57:00.061	1.33217				2
2025.12.05	00:57:09.931	1.33206				2
2025.12.05	00:57:31.548	1.33207				2
2025.12.05	00:57:33.087		1.33273			4
2025.12.05	00:57:38.324	1.33206	1.33274			6
2025.12.05	00:57:42.956	1.33205	1.33275			6
2025.12.05	00:57:46.350	1.33206				2
2025.12.05	00:57:52.832		1.33274			4
2025.12.05	00:58:00.237	1.33206				2
2025.12.05	00:58:15.369	1.33207	1.33273			6
2025.12.05	00:58:19.989	1.33208	1.33272			6
2025.12.05	00:58:50.277	1.33209	1.33271			6
2025.12.05	00:59:00.166	1.33209				2
2025.12.05	00:59:10.980	1.33210	1.33270			6
2025.12.05	00:59:18.376	1.33209	1.33272			6
2025.12.05	00:59:19.917		1.33273			4
2025.12.05	00:59:20.840	1.33210				2
2025.12.05	00:59:24.534	1.33205	1.33275			6
2025.12.05	00:59:27.940	1.33206	1.33274			6
2025.12.05	00:59:50.750	1.33207	1.33273			6
2025.12.05	00:59:56.292	1.33208	1.33272			6
2025.12.05	00:59:57.216	1.33219				2
2025.12.05	00:59:59.681		1.33273			4
2025.12.05	01:00:00.306	1.33253	1.33289			6
2025.12.05	01:00:00.678		1.33288			4
2025.12.05	01:00:01.001		1.33287			4
2025.12.05	01:00:01.309		1.33279			4
2025.12.05	01:00:01.619	1.33251	1.33280			6
2025.12.05	01:00:01.937	1.33250				2
2025.12.05	01:00:02.559	1.33249				2
2025.12.05	01:00:02.862	1.33252				2
2025.12.05	01:00:03.166	1.33253	1.33281			6
2025.12.05	01:00:03.481	1.33241	1.33308			6
2025.12.05	01:00:03.789	1.33240	1.33310			6
2025.12.05	01:00:04.099	1.33241	1.33308			6
2025.12.05	01:00:04.406	1.33239	1.33310			6
2025.12.05	01:00:05.332	1.33240	1.33309			6
2025.12.05	01:00:05.945		1.33308			4
2025.12.05	01:00:06.259		1.33305			4
2025.12.05	01:00:06.874		1.33297			4
2025.12.05	01:00:07.181	1.33251	1.33283			6
2025.12.05	01:00:09.640	1.33250				2
2025.12.05	01:00:11.178		1.33284			4
2025.12.05	01:00:13.645	1.33249				2
2025.12.05	01:00:14.264	1.33252				2
2025.12.05	01:00:14.565	1.33253				2
2025.12.05	01:00:15.181	1.33254	1.33285			6
2025.12.05	01:00:15.497	1.33255				2
2025.12.05	01:00:15.798	1.33254				2
2025.12.05	01:00:17.335		1.33283			4
2025.12.05	01:00:24.707	1.33247	1.33278			6
2025.12.05	01:00:25.320	1.33258	1.33262			6
2025.12.05	01:00:26.237		1.33264			4
2025.12.05	01:00:26.850	1.33250	1.33256			6
2025.12.05	01:00:28.087	1.33249				2
2025.12.05	01:00:29.621	1.33239	1.33251			6
2025.12.05	01:00:29.926	1.33240				2
2025.12.05	01:00:30.228	1.33241				2
2025.12.05	01:00:32.380	1.33247	1.33250			6
2025.12.05	01:00:33.602		1.33251			4
2025.12.05	01:00:34.210		1.33250			4
2025.12.05	01:00:34.820		1.33253			4
2025.12.05	01:00:35.123	1.33246	1.33249			6
2025.12.05	01:00:35.433	1.33241	1.33251			6
2025.12.05	01:00:36.361	1.33242				2
2025.12.05	01:00:36.668	1.33243	1.33247			6
2025.12.05	01:00:39.432	1.33242	1.33251			6
2025.12.05	01:00:40.354	1.33246	1.33247			6
2025.12.05	01:00:42.215	1.33245	1.33246			6
2025.12.05	01:00:43.430	1.33246	1.33247			6
2025.12.05	01:00:43.735	1.33241	1.33252			6
2025.12.05	01:00:44.669	1.33254	1.33255			6
2025.12.05	01:00:44.972	1.33255	1.33256			6
2025.12.05	01:00:45.285	1.33256	1.33257			6
2025.12.05	01:00:46.214	1.33254				2
2025.12.05	01:00:47.138	1.33255				2
2025.12.05	01:00:47.751	1.33253	1.33255			6
2025.12.05	01:00:48.361		1.33254			4
2025.12.05	01:00:49.897	1.33254	1.33255			6
2025.12.05	01:00:51.730	1.33255	1.33256			6
2025.12.05	01:00:53.575	1.33249	1.33262			6
2025.12.05	01:00:55.434	1.33254	1.33255			6
2025.12.05	01:00:55.743	1.33249	1.33262			6
2025.12.05	01:00:56.684	1.33250				2
2025.12.05	01:00:57.002	1.33254	1.33255			6
2025.12.05	01:00:58.541	1.33255	1.33256			6
2025.12.05	01:00:59.458	1.33243	1.33252			6
2025.12.05	01:00:59.761	1.33245	1.33246			6
2025.12.05	01:01:00.070	1.33245				2
2025.12.05	01:01:00.376	1.33246	1.33247			6
2025.12.05	01:01:00.981	1.33245	1.33246			6
2025.12.05	01:01:01.288	1.33244	1.33245			6
2025.12.05	01:01:03.129	1.33243	1.33244			6
2025.12.05	01:01:03.432	1.33244	1.33245			6
2025.12.05	01:01:03.736	1.33246	1.33247			6
2025.12.05	01:01:18.168	1.33247	1.33248			6
2025.12.05	01:01:20.312	1.33246	1.33247			6
2025.12.05	01:01:25.546	1.33247	1.33248			6
2025.12.05	01:01:28.313	1.33246	1.33247			6
2025.12.05	01:01:33.224	1.33247	1.33248			6
2025.12.05	01:01:34.455	1.33246	1.33247			6
2025.12.05	01:01:37.522	1.33247	1.33248			6
2025.12.05	01:01:38.750	1.33245	1.33246			6
2025.12.05	01:01:39.976	1.33246	1.33247			6
2025.12.05	01:01:53.788	1.33245	1.33246			6
2025.12.05	01:02:00.222	1.33245				2
2025.12.05	01:02:17.130	1.33246	1.33247			6
2025.12.05	01:02:22.011	1.33247	1.33248			6
2025.12.05	01:02:22.323	1.33248	1.33249			6
2025.12.05	01:02:23.253	1.33247	1.33248			6
2025.12.05	01:02:25.093	1.33248	1.33249			6
2025.12.05	01:02:36.761	1.33252	1.33253			6
2025.12.05	01:02:37.378	1.33249	1.33254			6
2025.12.05	01:02:37.687	1.33248	1.33253			6
2025.12.05	01:02:41.375	1.33249				2
2025.12.05	01:02:41.682	1.33253	1.33257			6
2025.12.05	01:02:42.294	1.33252	1.33258			6
2025.12.05	01:02:44.132		1.33257			4
2025.12.05	01:02:48.136	1.33253				2
2025.12.05	01:02:50.285		1.33256			4
2025.12.05	01:02:52.119	1.33254				2
2025.12.05	01:02:54.261		1.33255			4
2025.12.05	01:02:56.103	1.33255	1.33256			6
2025.12.05	01:03:00.107	1.33255				2
2025.12.05	01:03:56.190		1.33256			4
2025.12.05	01:04:00.186	1.33255				2
2025.12.05	01:04:06.336	1.33256	1.33257			6
2025.12.05	01:04:10.944	1.33255	1.33256			6
2025.12.05	01:04:32.981	1.33254	1.33255			6
2025.12.05	01:04:33.288	1.33252	1.33256			6
2025.12.05	01:04:36.395	1.33253				2
2025.12.05	01:04:37.938	1.33252	1.33255			6
2025.12.05	01:04:38.248	1.33251	1.33256			6
2025.12.05	01:04:41.352		1.33255			4
2025.12.05	01:04:44.130	1.33252				2
2025.12.05	01:04:46.908	1.33253	1.33256			6
2025.12.05	01:04:47.210	1.33251	1.33257			6
2025.12.05	01:04:48.133	1.33252				2
2025.12.05	01:04:50.600	1.33251	1.33256			6
2025.12.05	01:04:50.906	1.33250	1.33255			6
2025.12.05	01:04:52.146	1.33249	1.33257			6
2025.12.05	01:04:55.549	1.33248	1.33256			6
2025.12.05	01:04:58.319	1.33249				2
2025.12.05	01:05:00.170	1.33249	1.33255			6
2025.12.05	01:05:01.095		1.33254			4
2025.12.05	01:05:03.242	1.33250				2
2025.12.05	01:05:05.095		1.33253			4
2025.12.05	01:05:07.243	1.33251				2
2025.12.05	01:05:08.158		1.33252			4
2025.12.05	01:05:10.325	1.33250	1.33251			6
2025.12.05	01:05:10.631	1.33249	1.33250			6
2025.12.05	01:05:11.556	1.33250	1.33251			6
2025.12.05	01:05:12.173	1.33246	1.33254			6
2025.12.05	01:05:12.475	1.33248				2
2025.12.05	01:05:12.776		1.33253			4
2025.12.05	01:05:15.862	1.33246				2
2025.12.05	01:05:17.095		1.33252			4
2025.12.05	01:05:18.327	1.33247				2
2025.12.05	01:05:19.564	1.33248				2
2025.12.05	01:05:20.180		1.33251			4
2025.12.05	01:05:23.273		1.33250			4
2025.12.05	01:05:24.193	1.33249				2
2025.12.05	01:05:40.126	1.33250	1.33251			6
2025.12.05	01:05:52.671	1.33251	1.33252			6
2025.12.05	01:05:53.894	1.33252	1.33253			6
2025.12.05	01:05:55.122	1.33251	1.33254			6
2025.12.05	01:05:57.280		1.33253			4
2025.12.05	01:05:58.210	1.33252				2
2025.12.05	01:06:00.052	1.33252				2
2025.12.05	01:06:02.506	1.33251	1.33252			6
2025.12.05	01:06:02.814	1.33246	1.33247			6
2025.12.05	01:06:03.121	1.33245	1.33246			6
2025.12.05	01:06:03.731	1.33247	1.33248			6
2025.12.05	01:06:04.347	1.33243	1.33251			6
2025.12.05	01:06:04.657	1.33246	1.33254			6
2025.12.05	01:06:04.960	1.33247	1.33255			6
2025.12.05	01:06:07.107	1.33248	1.33256			6
2025.12.05	01:06:10.199		1.33255			4
2025.12.05	01:06:12.365	1.33249				2
2025.12.05	01:06:14.214		1.33254			4
2025.12.05	01:06:16.389	1.33250				2
2025.12.05	01:06:18.240		1.33253			4
2025.12.05	01:06:20.088	1.33251				2
2025.12.05	01:06:22.230		1.33252			4
2025.12.05	01:06:24.378	1.33252	1.33253			6
2025.12.05	01:06:32.941	1.33251	1.33252			6
2025.12.05	01:06:55.567	1.33252	1.33253			6
2025.12.05	01:07:00.153	1.33252				2
2025.12.05	01:07:01.083	1.33253	1.33254			6
2025.12.05	01:07:03.544	1.33252	1.33253			6
2025.12.05	01:07:17.670	1.33253	1.33254			6
2025.12.05	01:07:35.741	1.33252	1.33253			6
2025.12.05	01:07:45.862	1.33254	1.33255			6
2025.12.05	01:07:47.089	1.33251				2
2025.12.05	01:07:51.114	1.33252				2
2025.12.05	01:07:53.292		1.33254			4
2025.12.05	01:07:55.170	1.33253				2
2025.12.05	01:08:00.083	1.33253				2
2025.12.05	01:08:00.693	1.33252	1.33253			6
2025.12.05	01:08:02.226	1.33250				2
2025.12.05	01:08:03.152	1.33251				2
2025.12.05	01:08:04.393		1.33254			4
2025.12.05	01:08:05.324	1.33252				2
2025.12.05	01:08:06.249	1.33251				2
2025.12.05	01:08:07.187	1.33252				2
2025.12.05	01:08:09.332		1.33253			4
2025.12.05	01:08:11.182	1.33253	1.33254			6
2025.12.05	01:08:40.020	1.33254	1.33255			6
2025.12.05	01:08:41.250	1.33252	1.33256			6
2025.12.05	01:08:42.796	1.33251	1.33255			6
2025.12.05	01:08:43.102	1.33252				2
2025.12.05	01:08:44.340	1.33251				2
2025.12.05	01:08:45.573	1.33250	1.33254			6
2025.12.05	01:08:46.194	1.33249	1.33256			6
2025.12.05	01:08:47.124		1.33255			4
2025.12.05	01:08:49.304	1.33250				2
2025.12.05	01:08:51.161		1.33254			4
2025.12.05	01:08:52.398	1.33251				2
2025.12.05	01:08:53.323	1.33250	1.33253			6
2025.12.05	01:08:54.557	1.33251	1.33254			6
2025.12.05	01:08:55.178	1.33249	1.33256			6
2025.12.05	01:08:58.301		1.33255			4
2025.12.05	01:08:59.232	1.33250				2
2025.12.05	01:09:00.173	1.33249	1.33254			6
2025.12.05	01:09:02.342	1.33250				2
2025.12.05	01:09:03.267		1.33253			4
2025.12.05	01:09:05.449	1.33244	1.33247			6
2025.12.05	01:09:06.376	1.33241				2
2025.12.05	01:09:08.250	1.33242				2
2025.12.05	01:09:08.884	1.33241				2
2025.12.05	01:09:10.738	1.33242				2
2025.12.05	01:09:13.211	1.33243				2
2025.12.05	01:09:14.133		1.33248			4
2025.12.05	01:09:17.226	1.33244				2
2025.12.05	01:09:19.387		1.33247			4
2025.12.05	01:09:21.235	1.33245				2
2025.12.05	01:09:23.382		1.33246			4
2025.12.05	01:09:25.215	1.33246	1.33247			6
2025.12.05	01:09:29.805	1.33245	1.33246			6
2025.12.05	01:09:33.179	1.33246	1.33247			6
2025.12.05	01:09:35.323	1.33245	1.33246			6
2025.12.05	01:10:00.157	1.33245				2
2025.12.05	01:10:10.299	1.33246	1.33247			6
2025.12.05	01:10:10.613	1.33245	1.33246			6
2025.12.05	01:10:25.951	1.33246	1.33247			6
2025.12.05	01:10:45.373	1.33245	1.33248			6
2025.12.05	01:10:46.303	1.33243	1.33250			6
2025.12.05	01:10:48.184		1.33249			4
2025.12.05	01:10:50.336	1.33244				2
2025.12.05	01:10:50.959	1.33242	1.33247			6
2025.12.05	01:10:51.277	1.33241	1.33249			6
2025.12.05	01:10:52.199		1.33248			4
2025.12.05	01:10:52.806	1.33242	1.33249			6
2025.12.05	01:10:55.286		1.33248			4
2025.12.05	01:10:57.134	1.33243				2
2025.12.05	01:10:58.369	1.33244				2
2025.12.05	01:10:59.307	1.33243	1.33247			6
2025.12.05	01:11:00.235	1.33243	1.33248			6
2025.12.05	01:11:01.163		1.33247			4
2025.12.05	01:11:02.098	1.33244				2
2025.12.05	01:11:05.498	1.33243	1.33246			6
2025.12.05	01:11:07.039	1.33244	1.33247			6
2025.12.05	01:11:09.206		1.33246			4
2025.12.05	01:11:09.511	1.33238	1.33240			6
2025.12.05	01:11:09.821	1.33237	1.33239			6
2025.12.05	01:11:10.127	1.33234	1.33242			6
2025.12.05	01:11:15.393	1.33235				2
2025.12.05	01:11:17.252		1.33241			4
2025.12.05	01:11:19.110	1.33236				2
2025.12.05	01:11:21.258		1.33240			4
2025.12.05	01:11:23.117	1.33237				2
2025.12.05	01:11:25.274		1.33239			4
2025.12.05	01:11:27.105	1.33238				2
2025.12.05	01:11:31.686	1.33239	1.33240			6
2025.12.05	01:11:44.582	1.33238	1.33239			6
2025.12.05	01:11:44.893	1.33237	1.33238			6
2025.12.05	01:11:51.638	1.33242	1.33243			6
2025.12.05	01:11:52.245	1.33238	1.33246			6
2025.12.05	01:11:53.780	1.33237	1.33245			6
2025.12.05	01:11:54.419	1.33236	1.33244			6
2025.12.05	01:11:55.357	1.33237				2
2025.12.05	01:11:57.226	1.33238				2
2025.12.05	01:11:57.839	1.33237	1.33243			6
2025.12.05	01:11:59.078	1.33238				2
2025.12.05	01:12:00.040	1.33238				2
2025.12.05	01:12:00.343	1.33239				2
2025.12.05	01:12:00.966	1.33240	1.33244			6
2025.12.05	01:12:01.279		1.33245			4
2025.12.05	01:12:03.149	1.33239	1.33244			6
2025.12.05	01:12:04.096	1.33240				2
2025.12.05	01:12:05.343		1.33243			4
2025.12.05	01:12:05.665	1.33241	1.33244			6
2025.12.05	01:12:07.235		1.33243			4
2025.12.05	01:12:08.153	1.33242				2
2025.12.05	01:12:10.926	1.33240	1.33241			6
2025.12.05	01:12:11.228	1.33238				2
2025.12.05	01:12:13.097	1.33239				2
2025.12.05	01:12:14.026	1.33238	1.33240			6
2025.12.05	01:12:14.333	1.33239				2
2025.12.05	01:12:15.244	1.33240	1.33241			6
2025.12.05	01:12:16.474	1.33241	1.33242			6
2025.12.05	01:12:16.779	1.33240	1.33241			6
2025.12.05	01:12:31.216	1.33241	1.33242			6
2025.12.05	01:13:00.092	1.33241				2
2025.12.05	01:13:09.921	1.33242	1.33243			6
2025.12.05	01:13:13.899	1.33241	1.33242			6
2025.12.05	01:13:17.607	1.33240	1.33241			6
2025.12.05	01:13:25.572	1.33239	1.33240			6
2025.12.05	01:13:27.121	1.33237	1.33241			6
2025.12.05	01:13:29.290		1.33240			4
2025.12.05	01:13:31.165	1.33238				2
2025.12.05	01:13:34.262		1.33239			4
2025.12.05	01:13:36.150	1.33239	1.33240			6
2025.12.05	01:13:37.673	1.33238	1.33239			6
2025.12.05	01:13:44.704	1.33239	1.33240			6
2025.12.05	01:13:55.124	1.33238	1.33239			6
2025.12.05	01:13:56.361	1.33239	1.33240			6
2025.12.05	01:13:57.274	1.33238	1.33239			6
2025.12.05	01:13:58.197	1.33239	1.33240			6
2025.12.05	01:13:59.129	1.33238	1.33239			6
2025.12.05	01:14:00.050	1.33238				2
2025.12.05	01:14:02.227		1.33240			4
2025.12.05	01:14:03.164		1.33239			4
2025.12.05	01:14:05.322	1.33239	1.33240			6
2025.12.05	01:14:24.342	1.33238	1.33239			6
2025.12.05	01:14:30.211	1.33239	1.33240			6
2025.12.05	01:14:31.134	1.33238				2
2025.12.05	01:14:32.378		1.33239			4
2025.12.05	01:14:34.249	1.33239	1.33240			6
2025.12.05	01:14:45.255	1.33238	1.33239			6
2025.12.05	01:14:46.180	1.33237				2
2025.12.05	01:14:47.113	1.33238				2
2025.12.05	01:14:49.281	1.33239	1.33240			6
2025.12.05	01:14:50.201	1.33237	1.33241			6
2025.12.05	01:14:50.519	1.33236	1.33240			6
2025.12.05	01:14:51.130		1.33241			4
2025.12.05	01:14:53.152		1.33240			4
2025.12.05	01:14:55.362	1.33237				2
2025.12.05	01:14:57.243		1.33239			4
2025.12.05	01:14:57.864	1.33238	1.33240			6
2025.12.05	01:14:58.172	1.33240	1.33241			6
2025.12.05	01:14:59.116	1.33236	1.33244			6
2025.12.05	01:15:00.040	1.33236				2
2025.12.05	01:15:01.276	1.33237				2
2025.12.05	01:15:01.583	1.33236				2
2025.12.05	01:15:03.440	1.33237				2
2025.12.05	01:15:03.746	1.33236				2
2025.12.05	01:15:04.362	1.33237				2
2025.12.05	01:15:06.219		1.33243			4
2025.12.05	01:15:08.403		1.33242			4
2025.12.05	01:15:11.197	1.33238				2
2025.12.05	01:15:12.121		1.33241			4
2025.12.05	01:15:14.286	1.33239				2
2025.12.05	01:15:15.220		1.33240			4
2025.12.05	01:15:15.838	1.33238	1.33239			6
2025.12.05	01:15:16.449	1.33239	1.33240			6
2025.12.05	01:15:17.068	1.33240	1.33241			6
2025.12.05	01:15:17.369	1.33239				2
2025.12.05	01:15:18.316	1.33238	1.33243			6
2025.12.05	01:15:18.935	1.33237	1.33242			6
2025.12.05	01:15:19.240	1.33238	1.33243			6
2025.12.05	01:15:20.167	1.33239				2
2025.12.05	01:15:20.469	1.33238	1.33242			6
2025.12.05	01:15:21.100	1.33239				2
2025.12.05	01:15:23.268		1.33241			4
2025.12.05	01:15:24.198	1.33240				2
2025.12.05	01:15:29.402	1.33241	1.33242			6
2025.12.05	01:15:30.014	1.33240	1.33241			6
2025.12.05	01:15:30.316	1.33241	1.33242			6
2025.12.05	01:15:30.620	1.33240	1.33241			6
2025.12.05	01:15:33.675	1.33241	1.33242			6
2025.12.05	01:15:34.284	1.33240	1.33241			6
2025.12.05	01:15:35.510	1.33241	1.33242			6
2025.12.05	01:15:35.811	1.33240	1.33241			6
2025.12.05	01:15:36.116	1.33239				2
2025.12.05	01:15:36.435	1.33240	1.33242			6
2025.12.05	01:15:36.742	1.33239	1.33241			6
2025.12.05	01:15:37.366		1.33242			4
2025.12.05	01:15:38.291	1.33240				2
2025.12.05	01:15:38.912	1.33239	1.33241			6
2025.12.05	01:15:39.217	1.33240				2
2025.12.05	01:15:40.439	1.33241	1.33242			6
2025.12.05	01:15:41.370	1.33239	1.33241			6
2025.12.05	01:15:41.684	1.33240	1.33242			6
2025.12.05	01:15:42.304	1.33239				2
2025.12.05	01:15:43.228	1.33238				2
2025.12.05	01:15:44.154	1.33239				2
2025.12.05	01:15:45.077	1.33240				2
2025.12.05	01:15:45.684	1.33239	1.33241			6
2025.12.05	01:15:46.316	1.33240				2
2025.12.05	01:15:47.543	1.33241	1.33242			6
2025.12.05	01:15:47.845	1.33240	1.33241			6
2025.12.05	01:15:48.156	1.33241	1.33242			6
2025.12.05	01:15:48.770	1.33240	1.33241			6
2025.12.05	01:15:50.913	1.33241	1.33242			6
2025.12.05	01:15:51.215	1.33239	1.33241			6
2025.12.05	01:15:52.144	1.33240				2
2025.12.05	01:15:55.221	1.33241	1.33242			6
2025.12.05	01:15:56.144	1.33237	1.33244			6
2025.12.05	01:15:57.077	1.33238	1.33245			6
2025.12.05	01:15:57.396	1.33237				2
2025.12.05	01:15:59.267		1.33244			4
2025.12.05	01:15:59.582	1.33238	1.33245			6
2025.12.05	01:15:59.889	1.33237	1.33244			6
2025.12.05	01:16:00.205	1.33238				2
2025.12.05	01:16:01.138	1.33239	1.33243			6
2025.12.05	01:16:02.376	1.33238	1.33244			6
2025.12.05	01:16:03.303	1.33239	1.33243			6
2025.12.05	01:16:04.228		1.33242			4
2025.12.05	01:16:05.152	1.33240	1.33241			6
2025.12.05	01:16:07.300	1.33239				2
2025.12.05	01:16:08.238	1.33240				2
2025.12.05	01:16:25.070	1.33238	1.33239			6
2025.12.05	01:16:26.304	1.33234	1.33242			6
2025.12.05	01:16:29.137	1.33233	1.33241			6
2025.12.05	01:16:32.225	1.33234				2
2025.12.05	01:16:33.162		1.33240			4
2025.12.05	01:16:35.331	1.33235				2
2025.12.05	01:16:36.260		1.33239			4
2025.12.05	01:16:38.118	1.33236				2
2025.12.05	01:16:39.346		1.33238			4
2025.12.05	01:16:40.257	1.33237				2
2025.12.05	01:17:00.254	1.33237				2
2025.12.05	01:17:14.662	1.33238	1.33239			6
2025.12.05	01:17:16.814	1.33237	1.33238			6
2025.12.05	01:17:21.116	1.33236	1.33237			6
2025.12.05	01:17:21.726	1.33237	1.33238			6
2025.12.05	01:17:22.348	1.33234	1.33241			6
2025.12.05	01:17:24.198	1.33235				2
2025.12.05	01:17:24.819	1.33234	1.33240			6
2025.12.05	01:17:25.124		1.33241			4
2025.12.05	01:17:26.988	1.33233	1.33240			6
2025.12.05	01:17:27.293		1.33241			4
2025.12.05	01:17:30.083	1.33234	1.33242			6
2025.12.05	01:17:31.005	1.33233	1.33241			6
2025.12.05	01:17:34.122	1.33234				2
2025.12.05	01:17:35.354	1.33235				2
2025.12.05	01:17:35.660	1.33234	1.33240			6
2025.12.05	01:17:36.281	1.33235				2
2025.12.05	01:17:37.208		1.33239			4
2025.12.05	01:17:38.130	1.33234				2
2025.12.05	01:17:38.451	1.33235	1.33240			6
2025.12.05	01:17:40.299		1.33239			4
2025.12.05	01:17:41.222	1.33236				2
2025.12.05	01:17:41.532	1.33235	1.33238			6
2025.12.05	01:17:42.459	1.33236	1.33239			6
2025.12.05	01:17:43.390	1.33235				2
2025.12.05	01:17:44.942	1.33236	1.33240			6
2025.12.05	01:17:45.249	1.33234	1.33241			6
2025.12.05	01:17:47.105		1.33240			4
2025.12.05	01:17:47.412	1.33235	1.33241			6
2025.12.05	01:17:49.269		1.33240			4
2025.12.05	01:17:50.193	1.33236				2
2025.12.05	01:17:51.119		1.33239			4
2025.12.05	01:17:52.357	1.33235				2
2025.12.05	01:17:53.281	1.33236	1.33238			6
2025.12.05	01:17:54.201	1.33237				2
2025.12.05	01:17:57.278	1.33238	1.33239			6
2025.12.05	01:17:57.591	1.33237	1.33238			6
2025.12.05	01:18:00.045	1.33237				2
2025.12.05	01:18:12.901	1.33233	1.33234			6
2025.12.05	01:18:13.206	1.33229	1.33237			6
2025.12.05	01:18:14.734	1.33228	1.33236			6
2025.12.05	01:18:15.044	1.33229	1.33237			6
2025.12.05	01:18:17.205	1.33228	1.33236			6
2025.12.05	01:18:17.514	1.33229	1.33237			6
2025.12.05	01:18:19.370		1.33236			4
2025.12.05	01:18:20.293	1.33230				2
2025.12.05	01:18:22.146		1.33235			4
2025.12.05	01:18:23.383	1.33233	1.33238			6
2025.12.05	01:18:24.306	1.33232	1.33239			6
2025.12.05	01:18:25.236		1.33238			4
2025.12.05	01:18:27.400	1.33233				2
2025.12.05	01:18:29.252		1.33237			4
2025.12.05	01:18:30.177	1.33234				2
2025.12.05	01:18:32.340	1.33235				2
2025.12.05	01:18:34.168		1.33236			4
2025.12.05	01:18:35.087	1.33236	1.33237			6
2025.12.05	01:18:35.698	1.33235	1.33236			6
2025.12.05	01:18:39.084	1.33236	1.33237			6
2025.12.05	01:19:00.247	1.33236				2
2025.12.05	01:19:39.173		1.33237			4
2025.12.05	01:19:48.362	1.33237	1.33238			6
2025.12.05	01:20:00.091	1.33237				2
2025.12.05	01:20:19.094	1.33236				2
2025.12.05	01:20:22.191	1.33235	1.33239			6
2025.12.05	01:20:25.274		1.33238			4
2025.12.05	01:20:27.133	1.33236				2
2025.12.05	01:20:28.676	1.33235	1.33237			6
2025.12.05	01:20:30.211	1.33234	1.33238			6
2025.12.05	01:20:32.374	1.33235				2
2025.12.05	01:20:34.224		1.33237			4
2025.12.05	01:20:34.843	1.33236	1.33238			6
2025.12.05	01:20:36.392	1.33234	1.33239			6
2025.12.05	01:20:37.318	1.33235				2
2025.12.05	01:20:39.177		1.33238			4
2025.12.05	01:20:41.334	1.33236				2
2025.12.05	01:20:41.951	1.33235	1.33237			6
2025.12.05	01:20:43.188	1.33234	1.33239			6
2025.12.05	01:20:44.117		1.33238			4
2025.12.05	01:20:46.283	1.33235				2
2025.12.05	01:20:48.133		1.33237			4
2025.12.05	01:20:49.362	1.33236				2
2025.12.05	01:20:53.340	1.33234	1.33238			6
2025.12.05	01:20:54.276		1.33237			4
2025.12.05	01:20:56.135	1.33235				2
2025.12.05	01:20:57.371		1.33236			4
2025.12.05	01:20:59.214	1.33236	1.33237			6
2025.12.05	01:21:00.133	1.33236				2
2025.12.05	01:21:03.513	1.33235	1.33236			6
2025.12.05	01:21:04.139	1.33233	1.33237			6
2025.12.05	01:21:05.379	1.33234				2
2025.12.05	01:21:05.682	1.33233	1.33236			6
2025.12.05	01:21:06.310	1.33234				2
2025.12.05	01:21:07.236	1.33232	1.33237			6
2025.12.05	01:21:08.161	1.33233				2
2025.12.05	01:21:10.326		1.33236			4
2025.12.05	01:21:10.634	1.33234	1.33237			6
2025.12.05	01:21:11.248	1.33232	1.33240			6
2025.12.05	01:21:11.860	1.33233				2
2025.12.05	01:21:16.815		1.33239			4
2025.12.05	01:21:18.346		1.33240			4
2025.12.05	01:21:19.282		1.33239			4
2025.12.05	01:21:21.138	1.33234				2
2025.12.05	01:21:22.373	1.33233				2
2025.12.05	01:21:24.227		1.33238			4
2025.12.05	01:21:25.153		1.33239			4
2025.12.05	01:21:26.393		1.33238			4
2025.12.05	01:21:27.002	1.33234	1.33239			6
2025.12.05	01:21:28.242	1.33233				2
2025.12.05	01:21:29.163	1.33234				2
2025.12.05	01:21:30.096		1.33238			4
2025.12.05	01:21:31.335	1.33235				2
2025.12.05	01:21:31.948	1.33234	1.33237			6
2025.12.05	01:21:32.260	1.33235				2
2025.12.05	01:21:33.187	1.33233	1.33238			6
2025.12.05	01:21:34.113	1.33234				2
2025.12.05	01:21:35.354		1.33237			4
2025.12.05	01:21:36.290	1.33233				2
2025.12.05	01:21:37.219	1.33234				2
2025.12.05	01:21:38.149		1.33236			4
2025.12.05	01:21:39.372	1.33235				2
2025.12.05	01:21:40.600	1.33236	1.33237			6
2025.12.05	01:21:41.211	1.33234	1.33238			6
2025.12.05	01:21:42.138		1.33237			4
2025.12.05	01:21:43.375	1.33235				2
2025.12.05	01:21:44.289		1.33236			4
2025.12.05	01:21:45.212	1.33236	1.33237			6
2025.12.05	01:22:00.199	1.33236				2
2025.12.05	01:22:19.218	1.33235	1.33236			6
2025.12.05	01:22:20.141	1.33236	1.33237			6
2025.12.05	01:22:56.721	1.33235	1.33236			6
2025.12.05	01:22:57.340	1.33231	1.33239			6
2025.12.05	01:23:00.124	1.33231				2
2025.12.05	01:23:04.141	1.33232				2
2025.12.05	01:23:06.321		1.33238			4
2025.12.05	01:23:07.250	1.33233				2
2025.12.05	01:23:09.104		1.33237			4
2025.12.05	01:23:10.344	1.33234				2
2025.12.05	01:23:12.192		1.33236			4
2025.12.05	01:23:13.122	1.33235				2
2025.12.05	01:23:30.287	1.33233	1.33237			6
2025.12.05	01:23:31.218		1.33236			4
2025.12.05	01:23:32.144	1.33234				2
2025.12.05	01:23:33.377		1.33235			4
2025.12.05	01:23:33.683	1.33235	1.33236			6
2025.12.05	01:23:34.300	1.33232	1.33239			6
2025.12.05	01:23:36.161		1.33238			4
2025.12.05	01:23:37.394	1.33233				2
2025.12.05	01:23:38.310		1.33237			4
2025.12.05	01:23:39.247	1.33234				2
2025.12.05	01:23:40.172		1.33236			4
2025.12.05	01:23:41.095	1.33235				2
2025.12.05	01:24:00.106	1.33235				2
2025.12.05	01:24:03.187	1.33232	1.33238			6
2025.12.05	01:24:04.111		1.33237			4
2025.12.05	01:24:06.296	1.33233				2
2025.12.05	01:24:07.236		1.33236			4
2025.12.05	01:24:08.161	1.33234				2
2025.12.05	01:24:09.089		1.33235			4
2025.12.05	01:24:10.327	1.33235	1.33236			6
2025.12.05	01:24:27.185	1.33231	1.33239			6
2025.12.05	01:24:28.121	1.33232				2
2025.12.05	01:24:29.350		1.33238			4
2025.12.05	01:24:31.208	1.33233				2
2025.12.05	01:24:32.133		1.33237			4
2025.12.05	01:24:33.363	1.33234				2
2025.12.05	01:24:34.297		1.33236			4
2025.12.05	01:24:35.223	1.33235				2
2025.12.05	01:25:00.120	1.33235				2
2025.12.05	01:25:08.396	1.33231	1.33239			6
2025.12.05	01:25:11.180		1.33238			4
2025.12.05	01:25:13.347	1.33232				2
2025.12.05	01:25:14.275		1.33237			4
2025.12.05	01:25:16.760	1.33233	1.33238			6
2025.12.05	01:25:17.385		1.33237			4
2025.12.05	01:25:18.310	1.33231	1.33239			6
2025.12.05	01:25:22.357		1.33238			4
2025.12.05	01:25:23.300		1.33239			4
2025.12.05	01:25:27.327		1.33238			4
2025.12.05	01:25:28.260	1.33232				2
2025.12.05	01:25:29.185		1.33237			4
2025.12.05	01:25:31.336	1.33233				2
2025.12.05	01:25:32.272		1.33236			4
2025.12.05	01:25:33.201	1.33234				2
2025.12.05	01:25:34.113		1.33235			4
2025.12.05	01:25:35.338	1.33235	1.33236			6
2025.12.05	01:25:38.110	1.33232	1.33239			6
2025.12.05	01:25:39.353	1.33233	1.33240			6
2025.12.05	01:25:40.272	1.33232				2
2025.12.05	01:25:40.885	1.33238	1.33243			6
2025.12.05	01:25:42.741		1.33244			4
2025.12.05	01:25:43.047		1.33243			4
2025.12.05	01:25:45.838		1.33244			4
2025.12.05	01:25:46.146		1.33243			4
2025.12.05	01:25:47.063	1.33237				2
2025.12.05	01:25:50.149		1.33242			4
2025.12.05	01:25:50.456	1.33238				2
2025.12.05	01:25:53.232		1.33241			4
2025.12.05	01:25:55.089	1.33237				2
2025.12.05	01:25:55.397	1.33238				2
2025.12.05	01:25:57.246		1.33240			4
2025.12.05	01:26:00.016	1.33238				2
2025.12.05	01:26:00.319	1.33239				2
2025.12.05	01:26:19.309	1.33240	1.33241			6
2025.12.05	01:26:19.614	1.33239	1.33240			6
2025.12.05	01:26:27.580	1.33240	1.33241			6
2025.12.05	01:26:27.887	1.33239	1.33240			6
2025.12.05	01:26:29.112	1.33238	1.33239			6
2025.12.05	01:26:29.418	1.33240	1.33241			6
2025.12.05	01:26:30.343	1.33239	1.33240			6
2025.12.05	01:26:31.261	1.33238				2
2025.12.05	01:26:31.564		1.33241			4
2025.12.05	01:26:32.483	1.33237	1.33240			6
2025.12.05	01:26:33.100	1.33238				2
2025.12.05	01:26:34.329	1.33239				2
2025.12.05	01:26:34.941	1.33238	1.33239			6
2025.12.05	01:26:35.252		1.33240			4
2025.12.05	01:26:36.178		1.33241			4
2025.12.05	01:26:36.799	1.33237	1.33240			6
2025.12.05	01:26:37.422	1.33238	1.33241			6
2025.12.05	01:26:37.730	1.33237	1.33240			6
2025.12.05	01:26:38.352	1.33238				2
2025.12.05	01:26:39.275		1.33241			4
2025.12.05	01:26:43.288	1.33239				2
2025.12.05	01:26:44.214		1.33240			4
2025.12.05	01:26:45.447	1.33240	1.33241			6
2025.12.05	01:26:45.749	1.33239	1.33240			6
2025.12.05	01:26:46.369	1.33238	1.33241			6
2025.12.05	01:26:47.283	1.33239				2
2025.12.05	01:26:48.206		1.33240			4
2025.12.05	01:26:48.511	1.33240	1.33241			6
2025.12.05	01:26:48.824	1.33239	1.33240			6
2025.12.05	01:26:49.128	1.33240	1.33241			6
2025.12.05	01:27:00.168	1.33240				2
2025.12.05	01:27:17.317	1.33247	1.33248			6
2025.12.05	01:27:17.625	1.33248	1.33249			6
2025.12.05	01:27:18.231	1.33244	1.33252			6
2025.12.05	01:27:19.155		1.33251			4
2025.12.05	01:27:19.766		1.33250			4
2025.12.05	01:27:20.700		1.33252			4
2025.12.05	01:27:21.006		1.33250			4
2025.12.05	01:27:21.631	1.33241	1.33249			6
2025.12.05	01:27:24.110	1.33242				2
2025.12.05	01:27:24.731	1.33241	1.33248			6
2025.12.05	01:27:25.351	1.33242				2
2025.12.05	01:27:27.203		1.33247			4
2025.12.05	01:27:28.744	1.33243	1.33248			6
2025.12.05	01:27:29.354		1.33247			4
2025.12.05	01:27:31.218	1.33244				2
2025.12.05	01:27:34.310		1.33246			4
2025.12.05	01:27:35.851	1.33245	1.33247			6
2025.12.05	01:27:36.164		1.33246			4
2025.12.05	01:27:38.314	1.33246	1.33247			6
2025.12.05	01:27:39.548	1.33245	1.33246			6
2025.12.05	01:27:41.998	1.33246	1.33247			6
2025.12.05	01:28:00.120	1.33246				2
2025.12.05	01:28:00.428	1.33247	1.33248			6
2025.12.05	01:28:16.072	1.33246	1.33247			6
2025.12.05	01:28:17.915	1.33247	1.33248			6
2025.12.05	01:28:18.219	1.33246	1.33247			6
2025.12.05	01:28:25.891	1.33247	1.33248			6
2025.12.05	01:28:46.132	1.33246	1.33247			6
2025.12.05	01:29:00.255	1.33246				2
2025.12.05	01:29:17.389	1.33247	1.33248			6
2025.12.05	01:29:18.317	1.33246	1.33247			6
2025.12.05	01:29:19.238	1.33245				2
2025.12.05	01:29:20.159	1.33246				2
2025.12.05	01:29:32.170	1.33245	1.33246			6
2025.12.05	01:29:36.218	1.33246	1.33247			6
2025.12.05	01:29:41.165	1.33245				2
2025.12.05	01:29:44.255	1.33246				2
2025.12.05	01:29:44.570	1.33245	1.33246			6
2025.12.05	01:29:45.179	1.33244	1.33247			6
2025.12.05	01:29:48.296	1.33245				2
2025.12.05	01:29:50.160		1.33246			4
2025.12.05	01:29:51.081	1.33246	1.33247			6
2025.12.05	01:29:52.320	1.33245	1.33248			6
2025.12.05	01:29:54.276		1.33247			4
2025.12.05	01:29:57.358	1.33246				2
2025.12.05	01:30:00.126	1.33246				2
2025.12.05	01:30:01.356	1.33244				2
2025.12.05	01:30:03.204	1.33245				2
2025.12.05	01:30:05.432		1.33246			4
2025.12.05	01:30:08.201	1.33244	1.33247			6
2025.12.05	01:30:10.367		1.33246			4
2025.12.05	01:30:12.231	1.33245				2
2025.12.05	01:30:19.306	1.33246	1.33247			6
2025.12.05	01:30:20.227	1.33244				2
2025.12.05	01:30:22.384	1.33245				2
2025.12.05	01:30:22.705	1.33244	1.33246			6
2025.12.05	01:30:23.323	1.33243	1.33248			6
2025.12.05	01:30:24.251		1.33247			4
2025.12.05	01:30:26.095	1.33244				2
2025.12.05	01:30:28.261		1.33246			4
2025.12.05	01:30:29.189	1.33245				2
2025.12.05	01:30:43.639	1.33246	1.33247			6
2025.12.05	01:30:44.242	1.33244				2
2025.12.05	01:30:45.176	1.33245				2
2025.12.05	01:30:47.338		1.33246			4
2025.12.05	01:30:48.263	1.33246	1.33247			6
2025.12.05	01:30:49.188	1.33245	1.33246			6
2025.12.05	01:30:50.106	1.33242	1.33248			6
2025.12.05	01:30:51.334	1.33243				2
2025.12.05	01:30:52.265		1.33247			4
2025.12.05	01:30:54.117	1.33244				2
2025.12.05	01:30:55.351		1.33246			4
2025.12.05	01:30:56.277	1.33245				2
2025.12.05	01:31:00.266	1.33242	1.33243			6
2025.12.05	01:31:00.570	1.33241	1.33242			6
2025.12.05	01:31:01.181	1.33239	1.33244			6
2025.12.05	01:31:02.416	1.33238				2
2025.12.05	01:31:02.722	1.33239				2
2025.12.05	01:31:05.194	1.33237				2
2025.12.05	01:31:08.284	1.33238				2
2025.12.05	01:31:10.140		1.33243			4
2025.12.05	01:31:12.298	1.33239				2
2025.12.05	01:31:14.153		1.33242			4
2025.12.05	01:31:16.308	1.33240				2
2025.12.05	01:31:19.095		1.33241			4
2025.12.05	01:31:21.245	1.33241	1.33242			6
2025.12.05	01:31:24.298	1.33239	1.33240			6
2025.12.05	01:31:25.230	1.33238				2
2025.12.05	01:31:27.083	1.33239	1.33241			6
2025.12.05	01:31:29.244		1.33240			4
2025.12.05	01:31:31.397	1.33240	1.33241			6
2025.12.05	01:31:32.013	1.33248	1.33249			6
2025.12.05	01:31:32.323	1.33245	1.33251			6
2025.12.05	01:31:36.640	1.33244	1.33249			6
2025.12.05	01:31:36.948	1.33245				2
2025.12.05	01:31:39.420	1.33244				2
2025.12.05	01:31:40.342		1.33248			4
2025.12.05	01:31:44.352	1.33245	1.33249			6
2025.12.05	01:31:45.284		1.33250			4
2025.12.05	01:31:47.142		1.33249			4
2025.12.05	01:31:49.299	1.33246				2
2025.12.05	01:31:50.837	1.33245	1.33248			6
2025.12.05	01:31:51.153	1.33246				2
2025.12.05	01:31:53.294		1.33247			4
2025.12.05	01:31:55.125	1.33247	1.33248			6
2025.12.05	01:31:57.277	1.33246	1.33247			6
2025.12.05	01:32:00.056	1.33246				2
2025.12.05	01:32:03.439	1.33247	1.33248			6
2025.12.05	01:32:14.810	1.33245	1.33246			6
2025.12.05	01:32:32.573	1.33246	1.33247			6
2025.12.05	01:32:33.190	1.33244	1.33245			6
2025.12.05	01:32:33.498	1.33242	1.33243			6
2025.12.05	01:32:34.106	1.33239	1.33244			6
2025.12.05	01:32:39.385		1.33243			4
2025.12.05	01:32:40.323	1.33240				2
2025.12.05	01:32:42.170		1.33242			4
2025.12.05	01:32:43.101	1.33241				2
2025.12.05	01:32:55.730	1.33242	1.33243			6
2025.12.05	01:32:56.340	1.33241	1.33242			6
2025.12.05	01:33:00.002	1.33240	1.33241			6
2025.12.05	01:33:01.236	1.33241	1.33242			6
2025.12.05	01:33:02.154	1.33240	1.33241			6
2025.12.05	01:33:02.765	1.33239	1.33240			6
2025.12.05	01:33:03.376	1.33240	1.33241			6
2025.12.05	01:33:03.681	1.33241	1.33242			6
2025.12.05	01:33:04.293	1.33240	1.33241			6
2025.12.05	01:33:05.219		1.33242			4
2025.12.05	01:33:06.144		1.33241			4
2025.12.05	01:33:07.057	1.33241	1.33242			6
2025.12.05	01:33:17.325	1.33240	1.33241			6
2025.12.05	01:33:56.365	1.33239	1.33240			6
2025.12.05	01:33:56.674	1.33238	1.33239			6
2025.12.05	01:33:56.980	1.33239	1.33240			6
2025.12.05	01:33:57.285	1.33238	1.33239			6
2025.12.05	01:33:59.144		1.33240			4
2025.12.05	01:34:00.071	1.33238				2
2025.12.05	01:34:00.386	1.33237	1.33239			6
2025.12.05	01:34:01.312		1.33240			4
2025.12.05	01:34:02.557	1.33230	1.33233			6
2025.12.05	01:34:03.181	1.33228	1.33235			6
2025.12.05	01:34:03.800	1.33231	1.33236			6
2025.12.05	01:34:04.103	1.33229				2
2025.12.05	01:34:05.664		1.33235			4
2025.12.05	01:34:05.973	1.33228				2
2025.12.05	01:34:06.899		1.33234			4
2025.12.05	01:34:07.207		1.33235			4
2025.12.05	01:34:08.138		1.33234			4
2025.12.05	01:34:12.169		1.33233			4
2025.12.05	01:34:14.305	1.33229				2
2025.12.05	01:34:15.849	1.33228	1.33232			6
2025.12.05	01:34:16.153	1.33229				2
2025.12.05	01:34:16.461	1.33228	1.33231			6
2025.12.05	01:34:17.075	1.33229	1.33232			6
2025.12.05	01:34:19.236		1.33231			4
2025.12.05	01:34:21.084	1.33230				2
2025.12.05	01:35:00.177	1.33230				2
2025.12.05	01:35:14.107	1.33228	1.33234			6
2025.12.05	01:35:19.972	1.33231	1.33232			6
2025.12.05	01:35:57.017	1.33232	1.33233			6
2025.12.05	01:35:57.321	1.33233	1.33234			6
2025.12.05	01:35:57.630	1.33234	1.33235			6
2025.12.05	01:35:58.243	1.33230	1.33237			6
2025.12.05	01:35:58.551	1.33231				2
2025.12.05	01:36:00.086	1.33231				2
2025.12.05	01:36:00.704		1.33238			4
2025.12.05	01:36:01.010	1.33233	1.33240			6
2025.12.05	01:36:01.313	1.33234				2
2025.12.05	01:36:01.930		1.33241			4
2025.12.05	01:36:04.378		1.33240			4
2025.12.05	01:36:05.303		1.33241			4
2025.12.05	01:36:06.240	1.33235				2
2025.12.05	01:36:07.156		1.33240			4
2025.12.05	01:36:09.306	1.33236				2
2025.12.05	01:36:11.163		1.33239			4
2025.12.05	01:36:13.310	1.33237				2
2025.12.05	01:36:14.239		1.33238			4
2025.12.05	01:36:15.159	1.33238	1.33239			6
2025.12.05	01:36:37.851	1.33239	1.33240			6
2025.12.05	01:36:38.160	1.33237	1.33244			6
2025.12.05	01:36:38.778		1.33245			4
2025.12.05	01:36:40.616	1.33238	1.33244			6
2025.12.05	01:36:41.239		1.33245			4
2025.12.05	01:36:42.162		1.33244			4
2025.12.05	01:36:45.241		1.33243			4
2025.12.05	01:36:47.098		1.33242			4
2025.12.05	01:36:49.260	1.33239				2
2025.12.05	01:36:50.186	1.33240	1.33241			6
2025.12.05	01:36:51.410	1.33241	1.33242			6
2025.12.05	01:36:51.725	1.33242	1.33243			6
2025.12.05	01:36:52.337	1.33239	1.33246			6
2025.12.05	01:36:52.947	1.33238	1.33245			6
2025.12.05	01:36:54.204	1.33239				2
2025.12.05	01:36:55.129		1.33244			4
2025.12.05	01:36:56.370	1.33240				2
2025.12.05	01:36:57.296		1.33243			4
2025.12.05	01:36:58.216	1.33241				2
2025.12.05	01:36:59.143		1.33242			4
2025.12.05	01:37:00.060	1.33241				2
2025.12.05	01:37:01.299	1.33242	1.33243			6
2025.12.05	01:37:10.204	1.33241	1.33242			6
2025.12.05	01:37:10.815	1.33240	1.33241			6
2025.12.05	01:37:11.119	1.33239				2
2025.12.05	01:37:12.360	1.33240				2
2025.12.05	01:37:13.274	1.33239				2
2025.12.05	01:37:14.200	1.33240				2
2025.12.05	01:37:16.951	1.33239	1.33240			6
2025.12.05	01:37:20.023	1.33240	1.33241			6
2025.12.05	01:37:20.330	1.33238	1.33242			6
2025.12.05	01:37:22.188		1.33241			4
2025.12.05	01:37:23.112		1.33240			4
2025.12.05	01:37:24.340	1.33239				2
2025.12.05	01:37:36.601	1.33240	1.33241			6
2025.12.05	01:37:43.059	1.33239	1.33240			6
2025.12.05	01:37:46.746	1.33240	1.33241			6
2025.12.05	01:38:00.268	1.33241	1.33242			6
2025.12.05	01:38:02.116	1.33240	1.33241			6
2025.12.05	01:38:09.200	1.33241	1.33242			6
2025.12.05	01:38:09.507	1.33240	1.33241			6
2025.12.05	01:38:13.493	1.33241	1.33242			6
2025.12.05	01:38:15.040	1.33240	1.33241			6
2025.12.05	01:38:32.565	1.33241	1.33242			6
2025.12.05	01:38:44.239	1.33242	1.33243			6
2025.12.05	01:38:44.552	1.33241	1.33242			6
2025.12.05	01:38:45.169	1.33242	1.33243			6
2025.12.05	01:38:47.323	1.33241				2
2025.12.05	01:38:47.632	1.33242	1.33244			6
2025.12.05	01:38:48.250		1.33243			4
2025.12.05	01:38:49.176	1.33241				2
2025.12.05	01:38:50.101	1.33240	1.33245			6
2025.12.05	01:38:52.280	1.33241				2
2025.12.05	01:38:54.464	1.33240	1.33244			6
2025.12.05	01:38:55.391	1.33238	1.33246			6
2025.12.05	01:38:56.316		1.33245			4
2025.12.05	01:38:58.497		1.33246			4
2025.12.05	01:39:00.047	1.33238				2
2025.12.05	01:39:00.973		1.33245			4
2025.12.05	01:39:02.537	1.33237	1.33244			6
2025.12.05	01:39:03.159	1.33238				2
2025.12.05	01:39:05.315		1.33243			4
2025.12.05	01:39:05.628	1.33239	1.33244			6
2025.12.05	01:39:06.862	1.33238	1.33243			6
2025.12.05	01:39:09.348	1.33239				2
2025.12.05	01:39:10.276		1.33242			4
2025.12.05	01:39:11.210	1.33240				2
2025.12.05	01:39:12.137		1.33241			4
2025.12.05	01:39:14.286	1.33241	1.33242			6
2025.12.05	01:39:34.479	1.33240	1.33241			6
2025.12.05	01:39:36.632	1.33241	1.33242			6
2025.12.05	01:39:36.936	1.33240	1.33241			6
2025.12.05	01:40:00.158	1.33240				2
2025.12.05	01:40:02.314	1.33241	1.33242			6
2025.12.05	01:40:04.456	1.33240	1.33241			6
2025.12.05	01:40:05.076	1.33239				2
2025.12.05	01:40:06.321	1.33240				2
2025.12.05	01:40:09.103	1.33241	1.33242			6
2025.12.05	01:40:09.407	1.33240	1.33241			6
2025.12.05	01:40:13.991	1.33241	1.33242			6
2025.12.05	01:40:15.205	1.33240				2
2025.12.05	01:40:16.145		1.33241			4
2025.12.05	01:40:18.302	1.33241	1.33242			6
2025.12.05	01:40:18.920	1.33240	1.33241			6
2025.12.05	01:40:20.147	1.33239	1.33242			6
2025.12.05	01:40:22.316		1.33241			4
2025.12.05	01:40:24.176	1.33240				2
2025.12.05	01:40:35.852	1.33239	1.33240			6
2025.12.05	01:40:36.160	1.33240	1.33241			6
2025.12.05	01:40:41.359	1.33239				2
2025.12.05	01:40:43.214		1.33240			4
2025.12.05	01:40:44.138	1.33240	1.33241			6
2025.12.05	01:40:45.368	1.33238	1.33243			6
2025.12.05	01:40:47.234		1.33242			4
2025.12.05	01:40:48.170	1.33239				2
2025.12.05	01:40:50.339		1.33241			4
2025.12.05	01:40:51.261	1.33240				2
2025.12.05	01:41:00.157	1.33240				2
2025.12.05	01:41:15.503	1.33231	1.33232			6
2025.12.05	01:41:16.113	1.33228	1.33235			6
2025.12.05	01:41:16.737		1.33236			4
2025.12.05	01:41:17.671		1.33235			4
2025.12.05	01:41:22.287		1.33234			4
2025.12.05	01:41:24.136	1.33229				2
2025.12.05	01:41:26.300	1.33230				2
2025.12.05	01:41:26.606	1.33229	1.33233			6
2025.12.05	01:41:29.392	1.33230				2
2025.12.05	01:41:30.623	1.33229	1.33232			6
2025.12.05	01:41:31.250	1.33230				2
2025.12.05	01:41:34.351		1.33231			4
2025.12.05	01:41:37.101	1.33231	1.33232			6
2025.12.05	01:42:00.104	1.33231				2
2025.12.05	01:42:24.064	1.33230	1.33231			6
2025.12.05	01:42:29.319	1.33231	1.33232			6
2025.12.05	01:42:30.859	1.33230	1.33231			6
2025.12.05	01:42:53.572	1.33231	1.33232			6
2025.12.05	01:43:00.000	1.33231				2
2025.12.05	01:43:02.458	1.33229	1.33230			6
2025.12.05	01:43:02.767	1.33231	1.33232			6
2025.12.05	01:43:03.377	1.33230	1.33231			6
2025.12.05	01:43:03.679	1.33231	1.33232			6
2025.12.05	01:43:11.348	1.33230				2
2025.12.05	01:43:13.209	1.33231				2
2025.12.05	01:43:34.092	1.33230				2
2025.12.05	01:43:35.950	1.33231	1.33233			6
2025.12.05	01:43:36.260	1.33230				2
2025.12.05	01:43:37.189	1.33231				2
2025.12.05	01:43:38.730	1.33230	1.33232			6
2025.12.05	01:43:39.350		1.33233			4
2025.12.05	01:43:39.963	1.33229	1.33232			6
2025.12.05	01:43:40.273		1.33233			4
2025.12.05	01:43:44.307	1.33230				2
2025.12.05	01:43:46.161		1.33232			4
2025.12.05	01:43:48.349	1.33231				2
2025.12.05	01:44:00.092	1.33231				2
2025.12.05	01:44:01.317	1.33230	1.33231			6
2025.12.05	01:44:03.166	1.33231	1.33232			6
2025.12.05	01:44:18.245	1.33230				2
2025.12.05	01:44:19.180	1.33231				2
2025.12.05	01:44:19.801	1.33230	1.33231			6
2025.12.05	01:44:21.338	1.33229	1.33233			6
2025.12.05	01:44:22.258		1.33232			4
2025.12.05	01:44:24.104	1.33230				2
2025.12.05	01:44:26.263		1.33231			4
2025.12.05	01:44:28.120	1.33231	1.33232			6
2025.12.05	01:45:00.044	1.33231				2
2025.12.05	01:45:06.301	1.33229	1.33234			6
2025.12.05	01:45:07.247		1.33233			4
2025.12.05	01:45:10.331	1.33230				2
2025.12.05	01:45:13.107		1.33232			4
2025.12.05	01:45:15.261	1.33231				2
2025.12.05	01:45:22.330	1.33228	1.33234			6
2025.12.05	01:45:24.196		1.33233			4
2025.12.05	01:45:26.351	1.33229				2
2025.12.05	01:45:28.208	1.33228	1.33235			6
2025.12.05	01:45:31.301		1.33234			4
2025.12.05	01:45:32.225	1.33229				2
2025.12.05	01:45:34.096		1.33233			4
2025.12.05	01:45:35.332	1.33230				2
2025.12.05	01:45:37.186		1.33232			4
2025.12.05	01:45:38.106	1.33231				2
2025.12.05	01:45:40.250	1.33228	1.33234			6
2025.12.05	01:45:43.346		1.33233			4
2025.12.05	01:45:44.271	1.33229				2
2025.12.05	01:45:45.197		1.33232			4
2025.12.05	01:45:47.359	1.33230				2
2025.12.05	01:45:48.282	1.33231				2
2025.12.05	01:45:51.949	1.33226	1.33227			6
2025.12.05	01:45:52.254	1.33224	1.33225			6
2025.12.05	01:45:53.178	1.33221	1.33228			6
2025.12.05	01:45:57.177		1.33227			4
2025.12.05	01:45:58.716		1.33228			4
2025.12.05	01:45:59.328		1.33227			4
2025.12.05	01:46:00.251	1.33221				2
2025.12.05	01:46:01.168	1.33222				2
2025.12.05	01:46:03.334		1.33226			4
2025.12.05	01:46:06.113	1.33223				2
2025.12.05	01:46:08.273		1.33225			4
2025.12.05	01:46:11.333	1.33224				2
2025.12.05	01:46:15.319	1.33219	1.33220			6
2025.12.05	01:46:15.623	1.33221	1.33222			6
2025.12.05	01:46:16.240	1.33219	1.33223			6
2025.12.05	01:46:18.387		1.33222			4
2025.12.05	01:46:21.169	1.33220				2
2025.12.05	01:46:21.475	1.33219	1.33221			6
2025.12.05	01:46:22.394	1.33220	1.33222			6
2025.12.05	01:46:24.252		1.33221			4
2025.12.05	01:46:26.082	1.33221	1.33222			6
2025.12.05	01:46:35.257	1.33220	1.33221			6
2025.12.05	01:46:36.787	1.33221	1.33222			6
2025.12.05	01:46:40.467	1.33220	1.33221			6
2025.12.05	01:46:45.990	1.33221	1.33222			6
2025.12.05	01:46:56.117	1.33220	1.33221			6
2025.12.05	01:47:00.107	1.33220				2
2025.12.05	01:47:27.398	1.33221	1.33222			6
2025.12.05	01:47:33.519	1.33220	1.33221			6
2025.12.05	01:47:46.743	1.33221	1.33222			6
2025.12.05	01:47:55.943	1.33220	1.33221			6
2025.12.05	01:48:00.241	1.33220				2
2025.12.05	01:48:01.769	1.33221	1.33222			6
2025.12.05	01:48:02.385	1.33220				2
2025.12.05	01:48:04.261		1.33221			4
2025.12.05	01:48:07.353	1.33221	1.33222			6
2025.12.05	01:48:21.746	1.33220	1.33221			6
2025.12.05	01:48:22.359	1.33219				2
2025.12.05	01:48:23.294	1.33220				2
2025.12.05	01:48:31.305	1.33221	1.33222			6
2025.12.05	01:48:32.224	1.33219				2
2025.12.05	01:48:33.157	1.33218	1.33223			6
2025.12.05	01:48:37.161	1.33219				2
2025.12.05	01:48:39.327		1.33222			4
2025.12.05	01:48:42.122	1.33220				2
2025.12.05	01:48:44.291		1.33221			4
2025.12.05	01:48:46.143	1.33221	1.33222			6
2025.12.05	01:49:00.294	1.33221				2
2025.12.05	01:49:00.907	1.33220	1.33221			6
2025.12.05	01:49:01.210	1.33219	1.33222			6
2025.12.05	01:49:02.147		1.33221			4
2025.12.05	01:49:02.454	1.33220	1.33222			6
2025.12.05	01:49:03.378	1.33218	1.33224			6
2025.12.05	01:49:04.311		1.33223			4
2025.12.05	01:49:04.623	1.33219	1.33224			6
2025.12.05	01:49:05.549		1.33225			4
2025.12.05	01:49:11.106	1.33220				2
2025.12.05	01:49:13.276		1.33224			4
2025.12.05	01:49:14.214	1.33221				2
2025.12.05	01:49:16.373		1.33223			4
2025.12.05	01:49:17.293	1.33222				2
2025.12.05	01:49:36.603	1.33225	1.33226			6
2025.12.05	01:49:36.907	1.33228	1.33229			6
2025.12.05	01:49:37.209	1.33224	1.33232			6
2025.12.05	01:49:41.213	1.33225				2
2025.12.05	01:49:42.148		1.33231			4
2025.12.05	01:49:43.993		1.33232			4
2025.12.05	01:49:44.300		1.33231			4
2025.12.05	01:49:45.222	1.33226				2
2025.12.05	01:49:46.757	1.33222	1.33227			6
2025.12.05	01:49:47.060	1.33218	1.33223			6
2025.12.05	01:49:47.380		1.33224			4
2025.12.05	01:49:47.993		1.33225			4
2025.12.05	01:49:48.910		1.33224			4
2025.12.05	01:49:49.218		1.33225			4
2025.12.05	01:49:49.844		1.33224			4
2025.12.05	01:49:50.150		1.33225			4
2025.12.05	01:49:51.386		1.33224			4
2025.12.05	01:49:52.325		1.33223			4
2025.12.05	01:49:52.944		1.33224			4
2025.12.05	01:49:53.251	1.33217	1.33223			6
2025.12.05	01:49:54.173		1.33222			4
2025.12.05	01:49:56.362	1.33218				2
2025.12.05	01:49:58.207		1.33221			4
2025.12.05	01:50:00.056	1.33218				2
2025.12.05	01:50:00.363	1.33219				2
2025.12.05	01:50:01.288	1.33218	1.33220			6
2025.12.05	01:50:02.210	1.33219				2
2025.12.05	01:50:11.101	1.33218	1.33219			6
2025.12.05	01:50:17.542	1.33217	1.33218			6
2025.12.05	01:50:19.083	1.33218	1.33219			6
2025.12.05	01:50:38.675	1.33217	1.33218			6
2025.12.05	01:50:38.982	1.33214	1.33215			6
2025.12.05	01:50:39.289	1.33212	1.33216			6
2025.12.05	01:50:39.902	1.33211	1.33215			6
2025.12.05	01:50:41.126	1.33212				2
2025.12.05	01:50:43.291		1.33214			4
2025.12.05	01:50:45.146		1.33213			4
2025.12.05	01:50:47.313	1.33213	1.33214			6
2025.12.05	01:50:55.898	1.33212	1.33213			6
2025.12.05	01:51:00.201	1.33212				2
2025.12.05	01:51:00.515	1.33213	1.33214			6
2025.12.05	01:51:02.054	1.33212	1.33213			6
2025.12.05	01:51:02.358	1.33211	1.33212			6
2025.12.05	01:51:02.666	1.33210	1.33211			6
2025.12.05	01:51:07.254	1.33211	1.33212			6
2025.12.05	01:51:12.762	1.33213	1.33214			6
2025.12.05	01:51:13.378	1.33211	1.33216			6
2025.12.05	01:51:14.313		1.33215			4
2025.12.05	01:51:16.165	1.33212				2
2025.12.05	01:51:17.089		1.33214			4
2025.12.05	01:51:19.262	1.33213				2
2025.12.05	01:51:19.882	1.33215	1.33216			6
2025.12.05	01:51:20.191	1.33213	1.33217			6
2025.12.05	01:51:20.507	1.33212	1.33216			6
2025.12.05	01:51:21.116		1.33217			4
2025.12.05	01:51:22.375		1.33216			4
2025.12.05	01:51:24.230		1.33215			4
2025.12.05	01:51:25.174	1.33213				2
2025.12.05	01:51:26.109		1.33214			4
2025.12.05	01:51:27.324	1.33214	1.33215			6
2025.12.05	01:51:30.701	1.33216	1.33217			6
2025.12.05	01:51:31.313	1.33214	1.33218			6
2025.12.05	01:51:32.245		1.33217			4
2025.12.05	01:51:33.187	1.33213	1.33216			6
2025.12.05	01:51:35.374	1.33214				2
2025.12.05	01:51:37.245	1.33215				2
2025.12.05	01:51:40.012	1.33216	1.33217			6
2025.12.05	01:51:46.153	1.33215	1.33216			6
2025.12.05	01:51:47.697	1.33216	1.33217			6
2025.12.05	01:51:56.280	1.33215	1.33216			6
2025.12.05	01:51:56.583	1.33216	1.33217			6
2025.12.05	01:52:00.254	1.33216				2
2025.12.05	01:52:00.863	1.33215	1.33216			6
2025.12.05	01:52:01.783	1.33216	1.33217			6
2025.12.05	01:52:19.893	1.33217	1.33218			6
2025.12.05	01:52:21.118	1.33218	1.33219			6
2025.12.05	01:52:22.650	1.33217	1.33218			6
2025.12.05	01:52:24.183	1.33215				2
2025.12.05	01:52:25.107	1.33216	1.33219			6
2025.12.05	01:52:25.424	1.33215	1.33218			6
2025.12.05	01:52:28.228	1.33216				2
2025.12.05	01:52:29.161		1.33217			4
2025.12.05	01:52:31.340	1.33217	1.33218			6
2025.12.05	01:52:37.481	1.33218	1.33219			6
2025.12.05	01:52:38.402	1.33217	1.33218			6
2025.12.05	01:52:55.584	1.33218	1.33219			6
2025.12.05	01:53:00.204	1.33218				2
2025.12.05	01:53:01.731	1.33217	1.33218			6
2025.12.05	01:53:18.585	1.33212	1.33213			6
2025.12.05	01:53:19.197	1.33211	1.33214			6
2025.12.05	01:53:19.507	1.33210	1.33213			6
2025.12.05	01:53:20.122	1.33209	1.33215			6
2025.12.05	01:53:22.904	1.33207	1.33214			6
2025.12.05	01:53:23.829		1.33213			4
2025.12.05	01:53:26.303	1.33208				2
2025.12.05	01:53:26.612	1.33207				2
2025.12.05	01:53:27.236		1.33212			4
2025.12.05	01:53:28.475	1.33206				2
2025.12.05	01:53:28.793	1.33204	1.33210			6
2025.12.05	01:53:29.097	1.33203	1.33208			6
2025.12.05	01:53:29.403		1.33207			4
2025.12.05	01:53:30.324		1.33208			4
2025.12.05	01:53:30.633	1.33202				2
2025.12.05	01:53:30.937	1.33204	1.33209			6
2025.12.05	01:53:33.108		1.33208			4
2025.12.05	01:53:33.412		1.33209			4
2025.12.05	01:53:34.968	1.33202	1.33208			6
2025.12.05	01:53:35.283	1.33203	1.33209			6
2025.12.05	01:53:36.214		1.33208			4
2025.12.05	01:53:38.365	1.33204				2
2025.12.05	01:53:40.216		1.33207			4
2025.12.05	01:53:41.146	1.33205				2
2025.12.05	01:53:43.307		1.33206			4
2025.12.05	01:53:45.150	1.33206	1.33207			6
2025.12.05	01:53:47.604	1.33207	1.33208			6
2025.12.05	01:53:47.907	1.33206	1.33207			6
2025.12.05	01:53:53.431	1.33210	1.33211			6
2025.12.05	01:53:53.740	1.33211	1.33212			6
2025.12.05	01:53:54.353	1.33208	1.33214			6
2025.12.05	01:53:57.139		1.33213			4
2025.12.05	01:53:57.761	1.33209	1.33214			6
2025.12.05	01:53:58.382		1.33213			4
2025.12.05	01:54:00.235	1.33209	1.33212			6
2025.12.05	01:54:00.548	1.33210	1.33213			6
2025.12.05	01:54:02.084		1.33212			4
2025.12.05	01:54:03.321		1.33211			4
2025.12.05	01:54:05.167	1.33211	1.33212			6
2025.12.05	01:54:15.306	1.33210	1.33211			6
2025.12.05	01:54:16.540	1.33211	1.33212			6
2025.12.05	01:54:18.999	1.33210	1.33211			6
2025.12.05	01:54:20.225	1.33209	1.33210			6
2025.12.05	01:54:21.447	1.33208	1.33209			6
2025.12.05	01:54:45.321	1.33209	1.33210			6
2025.12.05	01:54:49.317	1.33208	1.33209			6
2025.12.05	01:54:50.535	1.33207	1.33208			6
2025.12.05	01:54:51.762	1.33208	1.33209			6
2025.12.05	01:54:54.839	1.33209	1.33210			6
2025.12.05	01:54:58.236	1.33210	1.33211			6
2025.12.05	01:55:00.076	1.33210				2
