<DATE>	<TIME>	<BID>	<ASK>	<LAST>	<VOLUME>	<FLAGS>
2025.07.25	00:03:31.308	1.35049	1.35188			6
2025.07.25	00:03:46.970		1.35199			4
2025.07.25	00:03:47.277		1.35184			4
2025.07.25	00:03:47.890		1.35188			4
2025.07.25	00:03:52.203	1.35054	1.35194			6
2025.07.25	00:03:53.122	1.35080	1.35170			6
2025.07.25	00:03:54.956	1.35081	1.35171			6
2025.07.25	00:04:00.159	1.35081				2
2025.07.25	00:04:09.951	1.35054	1.35193			6
2025.07.25	00:04:18.574	1.35057	1.35194			6
2025.07.25	00:04:19.506	1.35077	1.35170			6
2025.07.25	00:04:20.423	1.35078	1.35168			6
2025.07.25	00:04:25.636	1.35054	1.35195			6
2025.07.25	00:04:56.392	1.35086	1.35176			6
2025.07.25	00:05:00.028	1.35086				2
2025.07.25	00:05:00.330	1.35088	1.35178			6
2025.07.25	00:05:06.458	1.35095	1.35191			6
2025.07.25	00:05:07.379	1.35089	1.35179			6
2025.07.25	00:05:08.298	1.35088	1.35178			6
2025.07.25	00:05:21.118	1.35087	1.35177			6
2025.07.25	00:05:53.430	1.35043	1.35243			6
2025.07.25	00:05:54.350	1.35088	1.35178			6
2025.07.25	00:06:00.143	1.35088				2
2025.07.25	00:06:19.997	1.35074	1.35168			6
2025.07.25	00:07:00.288	1.35074				2
2025.07.25	00:07:20.273		1.35168			4
2025.07.25	00:08:00.192	1.35074				2
2025.07.25	00:08:20.455		1.35168			4
2025.07.25	00:09:00.091	1.35074				2
2025.07.25	00:09:20.643		1.35168			4
2025.07.25	00:10:00.268	1.35074				2
2025.07.25	00:10:20.880		1.35168			4
2025.07.25	00:11:00.194	1.35074				2
2025.07.25	00:11:21.096		1.35168			4
2025.07.25	00:12:00.219	1.35074				2
2025.07.25	00:12:21.179		1.35168			4
2025.07.25	00:13:00.300	1.35074				2
2025.07.25	00:13:21.229		1.35168			4
2025.07.25	00:14:00.009	1.35074				2
2025.07.25	00:14:21.525		1.35168			4
2025.07.25	00:15:00.261	1.35074				2
2025.07.25	00:15:21.678		1.35168			4
2025.07.25	00:16:00.064	1.35074				2
2025.07.25	00:16:21.844		1.35168			4
2025.07.25	00:17:00.112	1.35074				2
2025.07.25	00:17:22.053		1.35168			4
2025.07.25	00:18:00.017	1.35074				2
2025.07.25	00:18:22.241		1.35168			4
2025.07.25	00:19:00.201	1.35074				2
2025.07.25	00:19:22.452		1.35168			4
2025.07.25	00:19:27.396	1.35082	1.35172			6
2025.07.25	00:19:28.325	1.35083	1.35173			6
2025.07.25	00:20:00.048	1.35083				2
2025.07.25	00:20:00.355	1.35043	1.35178			6
2025.07.25	00:20:01.144	1.35042				2
2025.07.25	00:20:19.210	1.35040				2
2025.07.25	00:20:31.442	1.35039				2
2025.07.25	00:20:40.139	1.35038				2
2025.07.25	00:20:42.950	1.35039				2
2025.07.25	00:20:47.039	1.35038				2
2025.07.25	00:20:50.368	1.35041				2
2025.07.25	00:20:56.374	1.35039				2
2025.07.25	00:21:00.413	1.35038	1.35178			6
2025.07.25	00:21:03.288	1.35035				2
2025.07.25	00:21:04.740	1.35036				2
2025.07.25	00:21:09.766	1.35035				2
2025.07.25	00:21:15.503	1.35037				2
2025.07.25	00:21:31.961	1.35036				2
2025.07.25	00:21:32.921	1.35037				2
2025.07.25	00:21:38.939	1.35038				2
2025.07.25	00:21:41.914	1.35039				2
2025.07.25	00:21:42.250	1.35038				2
2025.07.25	00:21:53.505	1.35039				2
2025.07.25	00:21:53.940	1.35038				2
2025.07.25	00:21:54.554	1.35037				2
2025.07.25	00:22:00.426	1.35037	1.35178			6
2025.07.25	00:22:01.390	1.35036				2
2025.07.25	00:22:08.941	1.35035				2
2025.07.25	00:22:26.638	1.35036				2
2025.07.25	00:22:35.232	1.35035				2
2025.07.25	00:22:37.285	1.35037				2
2025.07.25	00:22:55.093	1.35036				2
2025.07.25	00:23:00.411	1.35036				2
2025.07.25	00:23:02.078		1.35178			4
2025.07.25	00:23:14.523	1.35035				2
2025.07.25	00:23:24.977	1.35034				2
2025.07.25	00:24:00.020	1.35034				2
2025.07.25	00:24:02.174		1.35178			4
2025.07.25	00:25:00.079	1.35034				2
2025.07.25	00:25:02.242		1.35178			4
2025.07.25	00:26:00.123	1.35034				2
2025.07.25	00:26:02.271		1.35178			4
2025.07.25	00:27:00.210	1.35034				2
2025.07.25	00:27:00.522	1.35035				2
2025.07.25	00:27:02.356		1.35178			4
2025.07.25	00:27:16.167	1.35063	1.35157			6
2025.07.25	00:27:16.783		1.35156			4
2025.07.25	00:27:21.971		1.35160			4
2025.07.25	00:27:22.280		1.35163			4
2025.07.25	00:27:23.197		1.35169			4
2025.07.25	00:27:24.420		1.35166			4
2025.07.25	00:27:25.334		1.35158			4
2025.07.25	00:27:25.641		1.35168			4
2025.07.25	00:27:25.953		1.35184			4
2025.07.25	00:27:28.096		1.35168			4
2025.07.25	00:27:30.270		1.35160			4
2025.07.25	00:27:30.579		1.35165			4
2025.07.25	00:27:31.504		1.35168			4
2025.07.25	00:27:34.288		1.35166			4
2025.07.25	00:27:34.909		1.35168			4
2025.07.25	00:28:00.174	1.35063				2
2025.07.25	00:28:16.225	1.35061				2
2025.07.25	00:28:23.023		1.35163			4
2025.07.25	00:28:23.340		1.35168			4
2025.07.25	00:28:23.640		1.35160			4
2025.07.25	00:28:23.950		1.35168			4
2025.07.25	00:28:24.258		1.35163			4
2025.07.25	00:28:25.183		1.35167			4
2025.07.25	00:28:35.660		1.35182			4
2025.07.25	00:28:35.970		1.35184			4
2025.07.25	00:28:36.276		1.35182			4
2025.07.25	00:28:36.895		1.35184			4
2025.07.25	00:28:39.362		1.35156			4
2025.07.25	00:29:00.011	1.35061				2
2025.07.25	00:29:07.094	1.35069	1.35154			6
2025.07.25	00:29:08.318	1.35075				2
2025.07.25	00:29:19.750		1.35155			4
2025.07.25	00:29:25.629		1.35160			4
2025.07.25	00:29:27.166		1.35162			4
2025.07.25	00:29:30.251	1.35068				2
2025.07.25	00:29:41.888		1.35158			4
2025.07.25	00:29:42.188	1.35042	1.35159			6
2025.07.25	00:30:00.063	1.35042				2
2025.07.25	00:30:42.288		1.35159			4
2025.07.25	00:31:00.192	1.35042				2
2025.07.25	00:31:42.308	1.35043	1.35159			6
2025.07.25	00:32:00.148	1.35043				2
2025.07.25	00:32:42.543		1.35159			4
2025.07.25	00:33:00.086	1.35043				2
2025.07.25	00:33:42.790		1.35159			4
2025.07.25	00:34:00.298	1.35043				2
2025.07.25	00:34:05.836	1.35045	1.35156			6
2025.07.25	00:35:00.172	1.35045				2
2025.07.25	00:35:03.551		1.35137			4
2025.07.25	00:35:03.863	1.35029				2
2025.07.25	00:36:00.175	1.35029				2
2025.07.25	00:36:03.563		1.35137			4
2025.07.25	00:37:00.127	1.35029				2
2025.07.25	00:37:03.812		1.35137			4
2025.07.25	00:37:12.120		1.35117			4
2025.07.25	00:37:12.423	1.35020				2
2025.07.25	00:37:13.348	1.35022				2
2025.07.25	00:37:27.394	1.35023				2
2025.07.25	00:38:00.239	1.35023				2
2025.07.25	00:38:11.245	1.35020				2
2025.07.25	00:38:12.171		1.35117			4
2025.07.25	00:38:21.387	1.35022				2
2025.07.25	00:38:22.302	1.35025				2
2025.07.25	00:38:37.271	1.35028				2
2025.07.25	00:38:45.362		1.35106			4
2025.07.25	00:38:54.908	1.35027				2
2025.07.25	00:39:00.549	1.35027				2
2025.07.25	00:39:11.230		1.35105			4
2025.07.25	00:39:26.644		1.35093			4
2025.07.25	00:39:27.249	1.35026	1.35095			6
2025.07.25	00:39:41.524		1.35089			4
2025.07.25	00:39:42.136		1.35091			4
2025.07.25	00:39:43.671		1.35095			4
2025.07.25	00:39:44.273		1.35093			4
2025.07.25	00:39:44.883		1.35095			4
2025.07.25	00:40:00.410	1.35026				2
2025.07.25	00:40:01.138		1.35094			4
2025.07.25	00:40:05.413		1.35089			4
2025.07.25	00:40:06.024		1.35094			4
2025.07.25	00:40:11.224	1.35023	1.35093			6
2025.07.25	00:40:12.437	1.35026	1.35080			6
2025.07.25	00:40:12.782	1.35024	1.35094			6
2025.07.25	00:40:14.626	1.35023	1.35088			6
2025.07.25	00:40:15.249		1.35094			4
2025.07.25	00:40:17.270		1.35092			4
2025.07.25	00:40:20.865		1.35089			4
2025.07.25	00:40:31.298		1.35090			4
2025.07.25	00:40:34.356	1.35026				2
2025.07.25	00:40:36.805		1.35091			4
2025.07.25	00:40:37.361		1.35090			4
2025.07.25	00:40:44.410		1.35091			4
2025.07.25	00:40:54.377		1.35090			4
2025.07.25	00:41:01.224	1.35026				2
2025.07.25	00:41:03.136		1.35087			4
2025.07.25	00:41:04.215		1.35089			4
2025.07.25	00:41:22.601		1.35090			4
2025.07.25	00:41:51.544		1.35091			4
2025.07.25	00:41:52.302	1.35025				2
2025.07.25	00:41:53.433	1.35022				2
2025.07.25	00:41:54.844	1.35024				2
2025.07.25	00:42:00.242	1.35024				2
2025.07.25	00:42:11.854	1.35025				2
2025.07.25	00:42:29.646	1.35026				2
2025.07.25	00:42:32.384	1.35025				2
2025.07.25	00:42:34.143	1.35026				2
2025.07.25	00:42:57.245		1.35091			4
2025.07.25	00:43:01.226	1.35026				2
2025.07.25	00:43:36.216	1.35028	1.35088			6
2025.07.25	00:43:37.439	1.35027				2
2025.07.25	00:43:40.215	1.35021	1.35086			6
2025.07.25	00:43:41.227		1.35085			4
2025.07.25	00:43:53.822		1.35087			4
2025.07.25	00:44:00.239	1.35021				2
2025.07.25	00:44:26.933	1.35019				2
2025.07.25	00:44:30.239	1.35012				2
2025.07.25	00:44:40.119	1.35015				2
2025.07.25	00:44:52.139	1.35016				2
2025.07.25	00:44:55.900	1.35027	1.35089			6
2025.07.25	00:44:57.457	1.35026				2
2025.07.25	00:45:00.372	1.35027				2
2025.07.25	00:45:01.883	1.35028	1.35081			6
2025.07.25	00:45:02.997	1.35012	1.35102			6
2025.07.25	00:45:03.927	1.35001	1.35091			6
2025.07.25	00:45:04.236	1.35012	1.35102			6
2025.07.25	00:45:06.690	1.35028	1.35081			6
2025.07.25	00:45:11.413	1.35046	1.35074			6
2025.07.25	00:45:14.783	1.35034	1.35073			6
2025.07.25	00:45:22.463	1.35035				2
2025.07.25	00:45:46.173		1.35070			4
2025.07.25	00:45:46.476		1.35073			4
2025.07.25	00:46:00.018	1.35035				2
2025.07.25	00:46:28.036		1.35071			4
2025.07.25	00:46:28.352		1.35073			4
2025.07.25	00:46:31.133	1.35047				2
2025.07.25	00:46:32.668	1.35046				2
2025.07.25	00:46:36.663	1.35049				2
2025.07.25	00:46:37.278	1.35048				2
2025.07.25	00:46:38.830	1.35047	1.35075			6
2025.07.25	00:46:39.447	1.35049				2
2025.07.25	00:46:41.604	1.35069	1.35103			6
2025.07.25	00:46:41.914	1.35067	1.35102			6
2025.07.25	00:46:42.224	1.35068	1.35103			6
2025.07.25	00:46:43.765	1.35069				2
2025.07.25	00:46:45.621	1.35068				2
2025.07.25	00:46:46.849	1.35067				2
2025.07.25	00:46:49.323	1.35074	1.35131			6
2025.07.25	00:46:49.629		1.35130			4
2025.07.25	00:46:49.940		1.35121			4
2025.07.25	00:46:51.792		1.35117			4
2025.07.25	00:46:53.024		1.35118			4
2025.07.25	00:46:54.882		1.35119			4
2025.07.25	00:46:55.492		1.35120			4
2025.07.25	00:46:56.416	1.35075				2
2025.07.25	00:46:56.732		1.35119			4
2025.07.25	00:46:57.041		1.35121			4
2025.07.25	00:46:57.341		1.35122			4
2025.07.25	00:46:58.579		1.35121			4
2025.07.25	00:46:58.883		1.35129			4
2025.07.25	00:46:59.189		1.35126			4
2025.07.25	00:46:59.495		1.35125			4
2025.07.25	00:46:59.809		1.35127			4
2025.07.25	00:47:00.116	1.35074	1.35128			6
2025.07.25	00:47:01.039		1.35127			4
2025.07.25	00:47:01.674		1.35124			4
2025.07.25	00:47:02.904	1.35068	1.35126			6
2025.07.25	00:47:03.841	1.35064	1.35122			6
2025.07.25	00:47:06.305	1.35063	1.35121			6
2025.07.25	00:47:06.618	1.35068				2
2025.07.25	00:47:09.381		1.35118			4
2025.07.25	00:47:09.690		1.35117			4
2025.07.25	00:47:12.143	1.35070				2
2025.07.25	00:47:12.446	1.35072	1.35118			6
2025.07.25	00:47:13.063		1.35119			4
2025.07.25	00:47:13.985		1.35118			4
2025.07.25	00:47:14.294	1.35073				2
2025.07.25	00:47:15.207	1.35074				2
2025.07.25	00:47:17.045		1.35117			4
2025.07.25	00:47:17.356		1.35118			4
2025.07.25	00:47:20.113	1.35075				2
2025.07.25	00:47:26.255		1.35113			4
2025.07.25	00:47:29.331		1.35116			4
2025.07.25	00:47:29.638		1.35115			4
2025.07.25	00:47:31.479		1.35114			4
2025.07.25	00:47:35.770		1.35117			4
2025.07.25	00:47:36.385	1.35072	1.35122			6
2025.07.25	00:47:36.700		1.35124			4
2025.07.25	00:47:37.929		1.35121			4
2025.07.25	00:47:38.234	1.35071				2
2025.07.25	00:47:39.158		1.35123			4
2025.07.25	00:47:39.773		1.35122			4
2025.07.25	00:47:40.078	1.35070				2
2025.07.25	00:47:41.001		1.35124			4
2025.07.25	00:47:41.314		1.35125			4
2025.07.25	00:47:41.622	1.35073	1.35126			6
2025.07.25	00:47:41.923		1.35117			4
2025.07.25	00:47:43.463	1.35071	1.35116			6
2025.07.25	00:47:45.316	1.35078	1.35120			6
2025.07.25	00:47:45.629		1.35117			4
2025.07.25	00:47:47.167	1.35077				2
2025.07.25	00:47:48.095	1.35076				2
2025.07.25	00:47:49.329	1.35075	1.35120			6
2025.07.25	00:47:49.635		1.35123			4
2025.07.25	00:47:50.562		1.35131			4
2025.07.25	00:47:50.866	1.35069	1.35124			6
2025.07.25	00:47:52.096		1.35123			4
2025.07.25	00:47:52.409	1.35071				2
2025.07.25	00:47:53.333	1.35074				2
2025.07.25	00:47:53.644		1.35121			4
2025.07.25	00:47:54.564		1.35120			4
2025.07.25	00:47:55.185		1.35123			4
2025.07.25	00:47:59.808		1.35126			4
2025.07.25	00:48:00.113	1.35074				2
2025.07.25	00:48:00.418		1.35127			4
2025.07.25	00:48:01.340		1.35126			4
2025.07.25	00:48:02.259		1.35125			4
2025.07.25	00:48:03.489		1.35126			4
2025.07.25	00:48:07.173		1.35127			4
2025.07.25	00:48:08.095	1.35075				2
2025.07.25	00:48:10.242		1.35128			4
2025.07.25	00:48:12.083		1.35129			4
2025.07.25	00:48:16.695		1.35128			4
2025.07.25	00:48:18.544		1.35129			4
2025.07.25	00:48:22.219		1.35130			4
2025.07.25	00:48:22.522		1.35129			4
2025.07.25	00:48:23.138		1.35128			4
2025.07.25	00:48:24.057		1.35129			4
2025.07.25	00:48:24.362		1.35130			4
2025.07.25	00:48:26.209		1.35127			4
2025.07.25	00:48:30.828	1.35076				2
2025.07.25	00:48:35.451		1.35128			4
2025.07.25	00:48:35.760		1.35127			4
2025.07.25	00:48:36.686		1.35129			4
2025.07.25	00:48:37.606		1.35128			4
2025.07.25	00:48:43.447		1.35124			4
2025.07.25	00:48:44.363		1.35127			4
2025.07.25	00:48:44.669		1.35128			4
2025.07.25	00:48:45.901	1.35075				2
2025.07.25	00:48:46.514		1.35127			4
2025.07.25	00:48:50.806		1.35129			4
2025.07.25	00:48:51.108		1.35128			4
2025.07.25	00:48:51.724	1.35074				2
2025.07.25	00:48:52.339		1.35129			4
2025.07.25	00:48:54.185		1.35127			4
2025.07.25	00:48:54.487	1.35075				2
2025.07.25	00:48:54.794		1.35126			4
2025.07.25	00:48:55.101		1.35127			4
2025.07.25	00:49:00.016	1.35075				2
2025.07.25	00:49:00.324	1.35074				2
2025.07.25	00:49:00.639	1.35075	1.35128			6
2025.07.25	00:49:01.860	1.35074				2
2025.07.25	00:49:02.172	1.35075	1.35127			6
2025.07.25	00:49:02.477		1.35128			4
2025.07.25	00:49:06.149	1.35074	1.35126			6
2025.07.25	00:49:07.381	1.35075	1.35128			6
2025.07.25	00:49:09.526	1.35074				2
2025.07.25	00:49:10.145	1.35078	1.35127			6
2025.07.25	00:49:19.022	1.35073				2
2025.07.25	00:49:19.327	1.35078				2
2025.07.25	00:49:19.631		1.35126			4
2025.07.25	00:49:20.545	1.35074				2
2025.07.25	00:49:22.068	1.35073	1.35127			6
2025.07.25	00:49:22.983	1.35078				2
2025.07.25	00:49:23.897		1.35126			4
2025.07.25	00:49:31.835		1.35128			4
2025.07.25	00:49:33.365		1.35127			4
2025.07.25	00:49:33.673		1.35126			4
2025.07.25	00:49:34.278		1.35127			4
2025.07.25	00:49:34.886	1.35072	1.35126			6
2025.07.25	00:49:35.497	1.35078				2
2025.07.25	00:49:39.155		1.35127			4
2025.07.25	00:49:41.588	1.35072	1.35125			6
2025.07.25	00:49:44.939	1.35078				2
2025.07.25	00:49:51.056		1.35126			4
2025.07.25	00:49:54.123	1.35072	1.35125			6
2025.07.25	00:49:55.666	1.35071				2
2025.07.25	00:49:56.891	1.35078	1.35124			6
2025.07.25	00:49:57.812		1.35125			4
2025.07.25	00:50:00.265	1.35078	1.35124			6
2025.07.25	00:50:03.635		1.35125			4
2025.07.25	00:50:03.944		1.35124			4
2025.07.25	00:50:06.090		1.35125			4
2025.07.25	00:50:12.548		1.35126			4
2025.07.25	00:50:13.469	1.35074				2
2025.07.25	00:50:13.777	1.35078	1.35124			6
2025.07.25	00:50:15.001		1.35123			4
2025.07.25	00:50:16.231		1.35124			4
2025.07.25	00:50:27.289		1.35123			4
2025.07.25	00:50:31.286		1.35124			4
2025.07.25	00:50:34.050		1.35127			4
2025.07.25	00:50:34.352		1.35125			4
2025.07.25	00:50:37.137		1.35126			4
2025.07.25	00:50:38.372		1.35125			4
2025.07.25	00:50:38.994		1.35124			4
2025.07.25	00:50:49.163		1.35125			4
2025.07.25	00:50:50.708		1.35126			4
2025.07.25	00:50:52.551		1.35124			4
2025.07.25	00:50:54.714		1.35125			4
2025.07.25	00:50:55.025		1.35124			4
2025.07.25	00:50:59.926		1.35125			4
2025.07.25	00:51:00.232	1.35078				2
2025.07.25	00:51:03.294	1.35073	1.35121			6
2025.07.25	00:51:03.601	1.35074				2
2025.07.25	00:51:05.133	1.35073				2
2025.07.25	00:51:07.277	1.35072				2
2025.07.25	00:51:12.191		1.35120			4
2025.07.25	00:51:12.806		1.35121			4
2025.07.25	00:51:13.112		1.35120			4
2025.07.25	00:51:18.360	1.35069				2
2025.07.25	00:51:18.665		1.35119			4
2025.07.25	00:51:20.811		1.35120			4
2025.07.25	00:51:21.123	1.35070				2
2025.07.25	00:51:21.427	1.35071				2
2025.07.25	00:51:22.655		1.35111			4
2025.07.25	00:51:22.959	1.35068				2
2025.07.25	00:51:25.113		1.35110			4
2025.07.25	00:51:27.570		1.35109			4
2025.07.25	00:51:27.875		1.35110			4
2025.07.25	00:51:32.791		1.35109			4
2025.07.25	00:51:34.940		1.35110			4
2025.07.25	00:51:35.863		1.35109			4
2025.07.25	00:51:37.709		1.35110			4
2025.07.25	00:51:42.312	1.35069	1.35106			6
2025.07.25	00:51:42.619		1.35103			4
2025.07.25	00:51:44.156		1.35101			4
2025.07.25	00:51:46.611	1.35060	1.35091			6
2025.07.25	00:51:46.916	1.35042				2
2025.07.25	00:51:49.678	1.35039				2
2025.07.25	00:51:50.599		1.35093			4
2025.07.25	00:51:51.217		1.35092			4
2025.07.25	00:51:52.441		1.35091			4
2025.07.25	00:51:52.751		1.35092			4
2025.07.25	00:51:54.288		1.35091			4
2025.07.25	00:51:55.824		1.35090			4
2025.07.25	00:51:56.433	1.35038	1.35086			6
2025.07.25	00:51:57.052	1.35044				2
2025.07.25	00:51:58.277	1.35038				2
2025.07.25	00:52:00.120	1.35038				2
2025.07.25	00:52:02.884	1.35039				2
2025.07.25	00:52:08.106		1.35081			4
2025.07.25	00:52:09.029	1.35042				2
2025.07.25	00:52:10.252	1.35039				2
2025.07.25	00:52:25.297	1.35040				2
2025.07.25	00:52:25.605	1.35041				2
2025.07.25	00:52:25.908	1.35040				2
2025.07.25	00:52:26.215	1.35039				2
2025.07.25	00:52:31.124		1.35080			4
2025.07.25	00:52:31.435	1.35040				2
2025.07.25	00:52:31.736	1.35039				2
2025.07.25	00:52:33.573	1.35040				2
2025.07.25	00:52:33.878	1.35039				2
2025.07.25	00:52:37.253	1.35041				2
2025.07.25	00:52:41.246	1.35040				2
2025.07.25	00:52:41.550	1.35039				2
2025.07.25	00:52:42.479	1.35040				2
2025.07.25	00:52:42.780	1.35041				2
2025.07.25	00:52:43.390	1.35039				2
2025.07.25	00:52:55.376	1.35038				2
2025.07.25	00:52:55.684	1.35039				2
2025.07.25	00:52:57.228	1.35038				2
2025.07.25	00:52:57.538	1.35040				2
2025.07.25	00:53:00.000	1.35040				2
2025.07.25	00:53:07.415	1.35039				2
2025.07.25	00:53:18.459		1.35097			4
2025.07.25	00:53:18.763	1.35050	1.35102			6
2025.07.25	00:53:19.074	1.35057				2
2025.07.25	00:53:19.386	1.35055				2
2025.07.25	00:53:21.529	1.35056				2
2025.07.25	00:53:25.520	1.35054				2
2025.07.25	00:53:26.134	1.35057				2
2025.07.25	00:53:34.736	1.35058				2
2025.07.25	00:53:41.500		1.35101			4
2025.07.25	00:53:41.811	1.35059				2
2025.07.25	00:53:46.130	1.35060				2
2025.07.25	00:53:47.355	1.35057				2
2025.07.25	00:53:49.199	1.35058				2
2025.07.25	00:53:50.126	1.35060	1.35102			6
2025.07.25	00:54:00.292	1.35060				2
2025.07.25	00:54:04.906	1.35061	1.35119			6
2025.07.25	00:54:05.210	1.35071	1.35121			6
2025.07.25	00:54:05.523	1.35077	1.35120			6
2025.07.25	00:54:05.837	1.35083	1.35112			6
2025.07.25	00:54:06.142	1.35077				2
2025.07.25	00:54:06.756	1.35079	1.35108			6
2025.07.25	00:54:07.062	1.35080	1.35107			6
2025.07.25	00:54:07.373	1.35081				2
2025.07.25	00:54:12.604	1.35078				2
2025.07.25	00:54:12.904	1.35079				2
2025.07.25	00:54:16.291	1.35080				2
2025.07.25	00:54:17.210	1.35079				2
2025.07.25	00:54:18.131	1.35081				2
2025.07.25	00:54:19.979	1.35080				2
2025.07.25	00:54:20.286	1.35081				2
2025.07.25	00:54:21.211	1.35080				2
2025.07.25	00:54:21.515	1.35077				2
2025.07.25	00:54:22.132	1.35079	1.35105			6
2025.07.25	00:54:22.443	1.35078	1.35104			6
2025.07.25	00:54:23.369	1.35077				2
2025.07.25	00:54:23.672	1.35078				2
2025.07.25	00:54:24.595	1.35079				2
2025.07.25	00:54:25.215	1.35078				2
2025.07.25	00:54:26.445	1.35079				2
2025.07.25	00:54:26.751	1.35076				2
2025.07.25	00:54:27.366	1.35077				2
2025.07.25	00:54:28.291	1.35078				2
2025.07.25	00:54:29.216	1.35081				2
2025.07.25	00:54:30.134	1.35079				2
2025.07.25	00:54:31.672	1.35078				2
2025.07.25	00:54:32.587	1.35080				2
2025.07.25	00:54:33.200	1.35081				2
2025.07.25	00:54:34.122	1.35083				2
2025.07.25	00:54:34.734	1.35082				2
2025.07.25	00:54:35.655	1.35083				2
2025.07.25	00:54:35.962	1.35082				2
2025.07.25	00:54:37.189	1.35078				2
2025.07.25	00:54:37.499	1.35080				2
2025.07.25	00:54:37.809	1.35079				2
2025.07.25	00:54:38.423	1.35083				2
2025.07.25	00:54:45.812		1.35105			4
2025.07.25	00:54:53.819	1.35080				2
2025.07.25	00:54:54.436	1.35081				2
2025.07.25	00:54:56.285	1.35082				2
2025.07.25	00:54:56.895	1.35080				2
2025.07.25	00:54:58.129	1.35081				2
2025.07.25	00:54:58.739	1.35084				2
2025.07.25	00:55:00.278	1.35086	1.35113			6
2025.07.25	00:55:00.588	1.35080				2
2025.07.25	00:55:00.896	1.35081				2
2025.07.25	00:55:01.203	1.35085				2
2025.07.25	00:55:01.512	1.35078				2
2025.07.25	00:55:01.823	1.35079				2
2025.07.25	00:55:03.667	1.35082	1.35116			6
2025.07.25	00:55:03.977	1.35084	1.35121			6
2025.07.25	00:55:04.596	1.35085				2
2025.07.25	00:55:05.213	1.35079	1.35116			6
2025.07.25	00:55:05.520		1.35118			4
2025.07.25	00:55:06.444	1.35077				2
2025.07.25	00:55:07.370	1.35081				2
2025.07.25	00:55:07.991	1.35082	1.35117			6
2025.07.25	00:55:08.296	1.35080				2
2025.07.25	00:55:08.602	1.35082	1.35120			6
2025.07.25	00:55:08.912	1.35081	1.35116			6
2025.07.25	00:55:11.684	1.35080	1.35117			6
2025.07.25	00:55:15.076	1.35091	1.35124			6
2025.07.25	00:55:15.383	1.35090				2
2025.07.25	00:55:18.777	1.35085				2
2025.07.25	00:55:19.082	1.35083				2
2025.07.25	00:55:20.621	1.35080				2
2025.07.25	00:55:23.390	1.35084				2
2025.07.25	00:55:23.698	1.35083				2
2025.07.25	00:55:30.176	1.35087				2
2025.07.25	00:55:30.482	1.35088				2
2025.07.25	00:55:31.094	1.35084				2
2025.07.25	00:55:33.559	1.35085				2
2025.07.25	00:55:34.790	1.35084				2
2025.07.25	00:55:35.409	1.35088				2
2025.07.25	00:55:35.716	1.35090				2
2025.07.25	00:55:36.023	1.35089				2
2025.07.25	00:55:39.409	1.35084	1.35137			6
2025.07.25	00:55:39.717	1.35095	1.35174			6
2025.07.25	00:55:40.022	1.35097				2
2025.07.25	00:55:40.330	1.35094	1.35198			6
2025.07.25	00:55:40.635	1.35095	1.35175			6
2025.07.25	00:55:40.945	1.35100				2
2025.07.25	00:55:41.253	1.35106	1.35166			6
2025.07.25	00:55:41.556	1.35098	1.35173			6
2025.07.25	00:55:41.870	1.35096	1.35172			6
2025.07.25	00:55:42.181	1.35095	1.35175			6
2025.07.25	00:55:42.799	1.35094	1.35174			6
2025.07.25	00:55:43.107		1.35175			4
2025.07.25	00:55:44.028	1.35088	1.35193			6
2025.07.25	00:55:44.342	1.35099	1.35157			6
2025.07.25	00:55:44.956	1.35083	1.35193			6
2025.07.25	00:55:45.260	1.35095	1.35180			6
2025.07.25	00:55:45.573	1.35091	1.35182			6
2025.07.25	00:55:46.488	1.35100	1.35174			6
2025.07.25	00:55:46.797	1.35086	1.35178			6
2025.07.25	00:55:47.108	1.35097	1.35173			6
2025.07.25	00:55:47.720	1.35086	1.35177			6
2025.07.25	00:55:48.030		1.35172			4
2025.07.25	00:55:48.338		1.35171			4
2025.07.25	00:55:48.641	1.35088	1.35172			6
2025.07.25	00:55:48.953	1.35089	1.35170			6
2025.07.25	00:55:49.255	1.35090				2
2025.07.25	00:55:49.562	1.35088	1.35165			6
2025.07.25	00:55:49.870	1.35104	1.35176			6
2025.07.25	00:55:50.484	1.35106	1.35177			6
2025.07.25	00:55:51.100		1.35176			4
2025.07.25	00:55:51.409	1.35103	1.35180			6
2025.07.25	00:55:52.020	1.35087	1.35178			6
2025.07.25	00:55:52.322	1.35103	1.35168			6
2025.07.25	00:55:52.639	1.35093	1.35179			6
2025.07.25	00:55:52.947		1.35173			4
2025.07.25	00:55:53.256	1.35094	1.35169			6
2025.07.25	00:55:53.563	1.35095				2
2025.07.25	00:55:53.874	1.35092	1.35167			6
2025.07.25	00:55:54.179		1.35166			4
2025.07.25	00:55:54.482	1.35088	1.35182			6
2025.07.25	00:55:54.785	1.35096	1.35171			6
2025.07.25	00:55:55.097	1.35107	1.35166			6
2025.07.25	00:55:55.407	1.35095	1.35174			6
2025.07.25	00:55:55.714		1.35173			4
2025.07.25	00:55:56.635	1.35103	1.35187			6
2025.07.25	00:55:56.939		1.35177			4
2025.07.25	00:55:57.250		1.35171			4
2025.07.25	00:55:58.792		1.35173			4
2025.07.25	00:55:59.097		1.35172			4
2025.07.25	00:56:00.022	1.35103				2
2025.07.25	00:56:00.330		1.35171			4
2025.07.25	00:56:00.948	1.35104	1.35170			6
2025.07.25	00:56:01.872	1.35105	1.35169			6
2025.07.25	00:56:02.485	1.35103				2
2025.07.25	00:56:02.792	1.35104	1.35168			6
2025.07.25	00:56:03.407	1.35106	1.35165			6
2025.07.25	00:56:03.718	1.35107	1.35166			6
2025.07.25	00:56:04.022	1.35103	1.35172			6
2025.07.25	00:56:04.642		1.35175			4
2025.07.25	00:56:05.258		1.35174			4
2025.07.25	00:56:05.565		1.35173			4
2025.07.25	00:56:06.485		1.35166			4
2025.07.25	00:56:07.114		1.35161			4
2025.07.25	00:56:07.417		1.35156			4
2025.07.25	00:56:08.033		1.35172			4
2025.07.25	00:56:08.345		1.35171			4
2025.07.25	00:56:08.958		1.35190			4
2025.07.25	00:56:09.259	1.35098	1.35165			6
2025.07.25	00:56:09.577		1.35166			4
2025.07.25	00:56:10.192		1.35163			4
2025.07.25	00:56:11.116		1.35164			4
2025.07.25	00:56:12.346	1.35099				2
2025.07.25	00:56:12.654	1.35102	1.35160			6
2025.07.25	00:56:12.959	1.35101	1.35159			6
2025.07.25	00:56:13.269	1.35100	1.35158			6
2025.07.25	00:56:13.575	1.35106	1.35164			6
2025.07.25	00:56:20.357	1.35104	1.35162			6
2025.07.25	00:56:20.973	1.35102	1.35160			6
2025.07.25	00:56:21.592	1.35103	1.35161			6
2025.07.25	00:56:23.128	1.35100	1.35158			6
2025.07.25	00:56:23.441	1.35098	1.35155			6
2025.07.25	00:56:23.747	1.35099	1.35157			6
2025.07.25	00:56:25.598	1.35087	1.35159			6
2025.07.25	00:56:25.901	1.35101	1.35166			6
2025.07.25	00:56:26.203	1.35102	1.35164			6
2025.07.25	00:56:26.506	1.35097	1.35155			6
2025.07.25	00:56:26.821	1.35098	1.35156			6
2025.07.25	00:56:27.129	1.35083	1.35162			6
2025.07.25	00:56:27.437	1.35090	1.35153			6
2025.07.25	00:56:28.050	1.35089	1.35152			6
2025.07.25	00:56:28.367	1.35087	1.35149			6
2025.07.25	00:56:28.989		1.35151			4
2025.07.25	00:56:29.294	1.35088				2
2025.07.25	00:56:29.611	1.35087	1.35153			6
2025.07.25	00:56:29.912	1.35089	1.35151			6
2025.07.25	00:56:30.842	1.35090	1.35148			6
2025.07.25	00:56:32.693	1.35091	1.35149			6
2025.07.25	00:56:36.714	1.35090	1.35148			6
2025.07.25	00:56:37.633		1.35154			4
2025.07.25	00:56:39.483		1.35152			4
2025.07.25	00:56:39.793	1.35085	1.35154			6
2025.07.25	00:56:40.100	1.35078	1.35138			6
2025.07.25	00:56:40.410	1.35087	1.35158			6
2025.07.25	00:56:40.716	1.35097	1.35155			6
2025.07.25	00:56:41.030	1.35093	1.35161			6
2025.07.25	00:56:41.648	1.35087	1.35176			6
2025.07.25	00:56:41.957	1.35077	1.35168			6
2025.07.25	00:56:42.267		1.35170			4
2025.07.25	00:56:42.575	1.35078	1.35141			6
2025.07.25	00:56:43.197	1.35074	1.35161			6
2025.07.25	00:56:43.500	1.35075	1.35169			6
2025.07.25	00:56:43.816	1.35083	1.35143			6
2025.07.25	00:56:45.354	1.35076	1.35151			6
2025.07.25	00:56:45.972	1.35075	1.35178			6
2025.07.25	00:56:46.279		1.35158			4
2025.07.25	00:56:46.588	1.35077	1.35151			6
2025.07.25	00:56:46.899	1.35078	1.35141			6
2025.07.25	00:56:47.204	1.35075	1.35140			6
2025.07.25	00:56:47.830		1.35135			4
2025.07.25	00:56:48.136	1.35074	1.35131			6
2025.07.25	00:56:49.063		1.35132			4
2025.07.25	00:56:50.902	1.35077	1.35133			6
2025.07.25	00:56:51.838		1.35134			4
2025.07.25	00:56:53.378		1.35131			4
2025.07.25	00:56:55.846	1.35081	1.35148			6
2025.07.25	00:56:56.149	1.35084	1.35138			6
2025.07.25	00:56:56.467	1.35118	1.35142			6
2025.07.25	00:56:56.773		1.35140			4
2025.07.25	00:56:57.390		1.35144			4
2025.07.25	00:56:57.697		1.35145			4
2025.07.25	00:56:58.625	1.35087				2
2025.07.25	00:56:59.547	1.35088	1.35146			6
2025.07.25	00:57:00.164	1.35088				2
2025.07.25	00:57:02.640	1.35087	1.35145			6
2025.07.25	00:57:03.252	1.35085	1.35143			6
2025.07.25	00:57:04.175	1.35083	1.35141			6
2025.07.25	00:57:04.484	1.35086	1.35144			6
2025.07.25	00:57:06.649	1.35085	1.35143			6
2025.07.25	00:57:08.195	1.35086	1.35144			6
2025.07.25	00:57:09.744	1.35084	1.35142			6
2025.07.25	00:57:10.055	1.35085	1.35143			6
2025.07.25	00:57:10.363	1.35088	1.35148			6
2025.07.25	00:57:10.671	1.35083	1.35141			6
2025.07.25	00:57:11.287	1.35088	1.35150			6
2025.07.25	00:57:11.595		1.35148			4
2025.07.25	00:57:11.908		1.35146			4
2025.07.25	00:57:12.521	1.35083	1.35139			6
2025.07.25	00:57:21.774		1.35138			4
2025.07.25	00:57:22.703		1.35139			4
2025.07.25	00:57:23.012		1.35138			4
2025.07.25	00:57:24.875	1.35087	1.35145			6
2025.07.25	00:57:25.183	1.35085	1.35143			6
2025.07.25	00:57:26.731	1.35086	1.35144			6
2025.07.25	00:57:27.967	1.35085	1.35143			6
2025.07.25	00:57:36.311	1.35086	1.35144			6
2025.07.25	00:57:36.931	1.35084	1.35142			6
2025.07.25	00:57:38.778	1.35085	1.35143			6
2025.07.25	00:57:39.088	1.35083	1.35139			6
2025.07.25	00:57:41.259		1.35140			4
2025.07.25	00:57:43.419		1.35141			4
2025.07.25	00:57:44.041		1.35139			4
2025.07.25	00:57:50.224		1.35140			4
2025.07.25	00:57:50.529		1.35141			4
2025.07.25	00:57:51.152	1.35082	1.35140			6
2025.07.25	00:57:51.766	1.35084	1.35142			6
2025.07.25	00:57:55.784	1.35085	1.35143			6
2025.07.25	00:58:00.116	1.35083	1.35138			6
2025.07.25	00:58:00.422		1.35137			4
2025.07.25	00:58:01.043	1.35087	1.35145			6
2025.07.25	00:58:01.350	1.35083	1.35136			6
2025.07.25	00:58:02.275		1.35137			4
2025.07.25	00:58:02.582		1.35134			4
2025.07.25	00:58:02.890		1.35136			4
2025.07.25	00:58:05.343		1.35140			4
2025.07.25	00:58:05.652		1.35133			4
2025.07.25	00:58:06.270		1.35135			4
2025.07.25	00:58:07.193	1.35081	1.35136			6
2025.07.25	00:58:07.501		1.35134			4
2025.07.25	00:58:08.118		1.35132			4
2025.07.25	00:58:09.965		1.35133			4
2025.07.25	00:58:10.584		1.35134			4
2025.07.25	00:58:11.501		1.35135			4
2025.07.25	00:58:11.813		1.35134			4
2025.07.25	00:58:12.428		1.35131			4
2025.07.25	00:58:12.734		1.35130			4
2025.07.25	00:58:13.350		1.35129			4
2025.07.25	00:58:22.275		1.35131			4
2025.07.25	00:58:27.228		1.35134			4
2025.07.25	00:58:28.149		1.35133			4
2025.07.25	00:58:29.998		1.35137			4
2025.07.25	00:58:30.308		1.35134			4
2025.07.25	00:58:30.615		1.35135			4
2025.07.25	00:58:31.234	1.35083	1.35132			6
2025.07.25	00:58:32.157		1.35129			4
2025.07.25	00:58:32.463		1.35131			4
2025.07.25	00:58:32.770		1.35130			4
2025.07.25	00:58:33.078		1.35128			4
2025.07.25	00:58:33.383		1.35131			4
2025.07.25	00:58:33.693		1.35129			4
2025.07.25	00:58:34.921		1.35130			4
2025.07.25	00:58:35.233		1.35129			4
2025.07.25	00:58:35.541		1.35136			4
2025.07.25	00:58:35.850		1.35135			4
2025.07.25	00:58:36.469		1.35133			4
2025.07.25	00:58:36.783		1.35134			4
2025.07.25	00:58:37.085		1.35133			4
2025.07.25	00:58:37.397		1.35134			4
2025.07.25	00:58:38.008		1.35140			4
2025.07.25	00:58:38.323		1.35139			4
2025.07.25	00:58:40.477	1.35085	1.35143			6
2025.07.25	00:58:41.092	1.35083	1.35137			6
2025.07.25	00:58:45.083		1.35136			4
2025.07.25	00:58:46.925		1.35137			4
2025.07.25	00:58:47.235		1.35136			4
2025.07.25	00:58:47.542		1.35134			4
2025.07.25	00:58:50.913		1.35138			4
2025.07.25	00:58:51.224		1.35134			4
2025.07.25	00:58:58.298		1.35133			4
2025.07.25	00:59:00.138	1.35083	1.35140			6
2025.07.25	00:59:00.444		1.35136			4
2025.07.25	00:59:01.060	1.35084	1.35134			6
2025.07.25	00:59:01.367		1.35133			4
2025.07.25	00:59:06.284	1.35067	1.35123			6
2025.07.25	00:59:06.586	1.35059	1.35151			6
2025.07.25	00:59:06.887	1.35054	1.35182			6
2025.07.25	00:59:07.190	1.35062	1.35184			6
2025.07.25	00:59:07.493	1.35066	1.35198			6
2025.07.25	00:59:07.800	1.35060	1.35173			6
2025.07.25	00:59:08.105	1.35068	1.35138			6
2025.07.25	00:59:08.416	1.35067	1.35183			6
2025.07.25	00:59:08.719	1.35063	1.35163			6
2025.07.25	00:59:09.023	1.35062	1.35147			6
2025.07.25	00:59:09.325	1.35063	1.35150			6
2025.07.25	00:59:09.641	1.35054	1.35137			6
2025.07.25	00:59:10.031		1.35182			4
2025.07.25	00:59:10.332	1.35058	1.35162			6
2025.07.25	00:59:10.640	1.35059	1.35148			6
2025.07.25	00:59:10.945	1.35055	1.35185			6
2025.07.25	00:59:11.250	1.35052	1.35150			6
2025.07.25	00:59:11.565	1.35063	1.35159			6
2025.07.25	00:59:11.866	1.35085	1.35153			6
2025.07.25	00:59:12.171	1.35069	1.35159			6
2025.07.25	00:59:12.473	1.35075	1.35142			6
2025.07.25	00:59:12.781	1.35071	1.35145			6
2025.07.25	00:59:13.396	1.35077	1.35142			6
2025.07.25	00:59:14.007	1.35079	1.35144			6
2025.07.25	00:59:14.315	1.35075	1.35148			6
2025.07.25	00:59:14.620	1.35061	1.35130			6
2025.07.25	00:59:14.928		1.35129			4
2025.07.25	00:59:16.463		1.35135			4
2025.07.25	00:59:17.078		1.35137			4
2025.07.25	00:59:17.385		1.35127			4
2025.07.25	00:59:17.692		1.35122			4
2025.07.25	00:59:17.998	1.35053	1.35129			6
2025.07.25	00:59:18.308		1.35127			4
2025.07.25	00:59:18.612	1.35055	1.35133			6
2025.07.25	00:59:18.919	1.35053	1.35121			6
2025.07.25	00:59:19.228		1.35150			4
2025.07.25	00:59:19.533		1.35151			4
2025.07.25	00:59:19.847		1.35119			4
2025.07.25	00:59:20.157		1.35123			4
2025.07.25	00:59:20.460		1.35166			4
2025.07.25	00:59:20.763		1.35123			4
2025.07.25	00:59:21.692		1.35138			4
2025.07.25	00:59:21.997		1.35163			4
2025.07.25	00:59:22.301		1.35156			4
2025.07.25	00:59:22.608		1.35122			4
2025.07.25	00:59:22.923		1.35144			4
2025.07.25	00:59:23.228		1.35183			4
2025.07.25	00:59:23.535		1.35187			4
2025.07.25	00:59:23.839		1.35155			4
2025.07.25	00:59:24.140		1.35127			4
2025.07.25	00:59:24.445		1.35118			4
2025.07.25	00:59:24.758		1.35152			4
2025.07.25	00:59:25.066		1.35121			4
2025.07.25	00:59:25.371		1.35131			4
2025.07.25	00:59:25.679		1.35152			4
2025.07.25	00:59:25.995		1.35128			4
2025.07.25	00:59:26.298		1.35125			4
2025.07.25	00:59:26.605		1.35113			4
2025.07.25	00:59:26.918		1.35122			4
2025.07.25	00:59:27.534	1.35062	1.35124			6
2025.07.25	00:59:28.455	1.35053	1.35143			6
2025.07.25	00:59:28.757		1.35120			4
2025.07.25	00:59:29.071		1.35118			4
2025.07.25	00:59:29.685		1.35138			4
2025.07.25	00:59:29.986		1.35181			4
2025.07.25	00:59:30.301		1.35152			4
2025.07.25	00:59:30.608		1.35147			4
2025.07.25	00:59:30.915		1.35154			4
2025.07.25	00:59:31.219		1.35135			4
2025.07.25	00:59:31.527		1.35127			4
2025.07.25	00:59:31.829		1.35153			4
2025.07.25	00:59:32.139		1.35150			4
2025.07.25	00:59:32.443		1.35145			4
2025.07.25	00:59:32.744		1.35180			4
2025.07.25	00:59:33.046		1.35131			4
2025.07.25	00:59:33.351		1.35130			4
2025.07.25	00:59:33.656		1.35128			4
2025.07.25	00:59:33.964	1.35060	1.35137			6
2025.07.25	00:59:34.269	1.35053	1.35138			6
2025.07.25	00:59:34.576		1.35131			4
2025.07.25	00:59:34.879		1.35130			4
2025.07.25	00:59:35.187		1.35118			4
2025.07.25	00:59:35.492		1.35151			4
2025.07.25	00:59:35.799	1.35054	1.35133			6
2025.07.25	00:59:36.100	1.35053	1.35124			6
2025.07.25	00:59:36.403		1.35129			4
2025.07.25	00:59:36.714		1.35140			4
2025.07.25	00:59:37.019		1.35157			4
2025.07.25	00:59:37.322		1.35125			4
2025.07.25	00:59:37.623		1.35129			4
2025.07.25	00:59:37.929		1.35132			4
2025.07.25	00:59:38.234		1.35129			4
2025.07.25	00:59:38.538	1.35056	1.35136			6
2025.07.25	00:59:38.840	1.35053	1.35131			6
2025.07.25	00:59:39.144		1.35122			4
2025.07.25	00:59:39.449		1.35134			4
2025.07.25	00:59:39.760		1.35133			4
2025.07.25	00:59:40.066		1.35127			4
2025.07.25	00:59:40.380		1.35132			4
2025.07.25	00:59:40.685		1.35130			4
2025.07.25	00:59:40.996		1.35132			4
2025.07.25	00:59:41.302		1.35131			4
2025.07.25	00:59:41.615	1.35061	1.35129			6
2025.07.25	00:59:41.919	1.35053	1.35146			6
2025.07.25	00:59:42.523		1.35155			4
2025.07.25	00:59:42.826		1.35134			4
2025.07.25	00:59:43.129		1.35156			4
2025.07.25	00:59:43.439		1.35131			4
2025.07.25	00:59:43.745		1.35126			4
2025.07.25	00:59:44.058		1.35137			4
2025.07.25	00:59:44.368		1.35125			4
2025.07.25	00:59:44.685		1.35130			4
2025.07.25	00:59:45.298		1.35132			4
2025.07.25	00:59:45.601		1.35134			4
2025.07.25	00:59:45.914		1.35137			4
2025.07.25	00:59:46.224		1.35134			4
2025.07.25	00:59:46.535		1.35131			4
2025.07.25	00:59:46.841		1.35127			4
2025.07.25	00:59:47.153		1.35128			4
2025.07.25	00:59:47.458		1.35127			4
2025.07.25	00:59:48.383	1.35056	1.35124			6
2025.07.25	00:59:48.684	1.35053	1.35148			6
2025.07.25	00:59:49.008	1.35056	1.35125			6
2025.07.25	00:59:49.313	1.35053	1.35155			6
2025.07.25	00:59:49.619		1.35129			4
2025.07.25	00:59:49.925		1.35136			4
2025.07.25	00:59:50.230		1.35121			4
2025.07.25	00:59:50.539		1.35148			4
2025.07.25	00:59:50.839		1.35117			4
2025.07.25	00:59:51.144		1.35128			4
2025.07.25	00:59:51.452		1.35147			4
2025.07.25	00:59:51.762		1.35151			4
2025.07.25	00:59:52.067		1.35131			4
2025.07.25	00:59:52.378		1.35127			4
2025.07.25	00:59:52.681		1.35128			4
2025.07.25	00:59:52.990	1.35059	1.35134			6
2025.07.25	00:59:53.304		1.35128			4
2025.07.25	00:59:54.224		1.35127			4
2025.07.25	00:59:54.533		1.35134			4
2025.07.25	00:59:54.841		1.35125			4
2025.07.25	00:59:55.145		1.35124			4
2025.07.25	00:59:55.452		1.35128			4
2025.07.25	00:59:57.608		1.35137			4
2025.07.25	00:59:57.918		1.35130			4
2025.07.25	00:59:58.531		1.35129			4
2025.07.25	00:59:58.838		1.35134			4
2025.07.25	00:59:59.147		1.35129			4
2025.07.25	00:59:59.763		1.35128			4
2025.07.25	01:00:00.069	1.35059				2
2025.07.25	01:00:00.374	1.35056	1.35136			6
2025.07.25	01:00:00.679	1.35057	1.35135			6
2025.07.25	01:00:00.988		1.35131			4
2025.07.25	01:00:01.293	1.35058	1.35133			6
2025.07.25	01:00:01.601		1.35132			4
2025.07.25	01:00:02.215	1.35059				2
2025.07.25	01:00:02.521		1.35129			4
2025.07.25	01:00:02.828		1.35127			4
2025.07.25	01:00:03.445		1.35129			4
2025.07.25	01:00:04.060		1.35121			4
2025.07.25	01:00:04.363		1.35134			4
2025.07.25	01:00:04.671	1.35062	1.35132			6
2025.07.25	01:00:04.976		1.35128			4
2025.07.25	01:00:05.584	1.35063	1.35125			6
2025.07.25	01:00:05.891		1.35124			4
2025.07.25	01:00:06.202	1.35062	1.35117			6
2025.07.25	01:00:06.510	1.35060				2
2025.07.25	01:00:06.817	1.35058	1.35113			6
2025.07.25	01:00:07.127		1.35105			4
2025.07.25	01:00:09.261	1.35059				2
2025.07.25	01:00:10.182	1.35065	1.35094			6
2025.07.25	01:00:15.398	1.35066	1.35095			6
2025.07.25	01:00:15.704	1.35065	1.35094			6
2025.07.25	01:00:17.548	1.35066	1.35095			6
2025.07.25	01:00:17.851	1.35065	1.35094			6
2025.07.25	01:00:19.072	1.35066				2
2025.07.25	01:00:19.375		1.35095			4
2025.07.25	01:00:19.676	1.35065	1.35096			6
2025.07.25	01:00:21.525	1.35066	1.35095			6
2025.07.25	01:00:22.136	1.35065	1.35096			6
2025.07.25	01:00:23.992	1.35066	1.35095			6
2025.07.25	01:00:24.301	1.35072	1.35085			6
2025.07.25	01:00:24.615	1.35064	1.35077			6
2025.07.25	01:00:24.923	1.35063	1.35075			6
2025.07.25	01:00:25.223	1.35061	1.35077			6
2025.07.25	01:00:25.837	1.35063	1.35075			6
2025.07.25	01:00:26.447	1.35059	1.35071			6
2025.07.25	01:00:26.764	1.35058				2
2025.07.25	01:00:27.069	1.35060	1.35072			6
2025.07.25	01:00:27.376	1.35061	1.35074			6
2025.07.25	01:00:29.216	1.35052	1.35068			6
2025.07.25	01:00:29.522	1.35051				2
2025.07.25	01:00:30.127	1.35065	1.35067			6
2025.07.25	01:00:30.430		1.35066			4
2025.07.25	01:00:30.735	1.35049	1.35065			6
2025.07.25	01:00:31.660		1.35064			4
2025.07.25	01:00:31.965	1.35056				2
2025.07.25	01:00:32.275	1.35042	1.35055			6
2025.07.25	01:00:32.586	1.35041				2
2025.07.25	01:00:33.201	1.35056	1.35061			6
2025.07.25	01:00:33.510	1.35051				2
2025.07.25	01:00:33.821	1.35035	1.35056			6
2025.07.25	01:00:34.124	1.35034	1.35057			6
2025.07.25	01:00:34.434		1.35058			4
2025.07.25	01:00:34.746	1.35033				2
2025.07.25	01:00:35.049		1.35057			4
2025.07.25	01:00:35.359		1.35056			4
2025.07.25	01:00:35.973	1.35034				2
2025.07.25	01:00:36.279	1.35032	1.35055			6
2025.07.25	01:00:37.203		1.35053			4
2025.07.25	01:00:37.508	1.35044	1.35054			6
2025.07.25	01:00:38.119	1.35043	1.35052			6
2025.07.25	01:00:38.425		1.35047			4
2025.07.25	01:00:39.027	1.35035				2
2025.07.25	01:00:42.402		1.35048			4
2025.07.25	01:00:42.711	1.35038				2
2025.07.25	01:00:43.640	1.35048	1.35049			6
2025.07.25	01:00:45.793	1.35047	1.35048			6
2025.07.25	01:00:47.019	1.35048	1.35049			6
2025.07.25	01:00:47.930	1.35049	1.35050			6
2025.07.25	01:00:48.232	1.35040	1.35049			6
2025.07.25	01:00:50.676	1.35038	1.35048			6
2025.07.25	01:00:56.437	1.35039				2
2025.07.25	01:00:56.740	1.35040				2
2025.07.25	01:00:59.504	1.35039				2
2025.07.25	01:01:00.119	1.35042	1.35045			6
2025.07.25	01:01:00.425	1.35043	1.35046			6
2025.07.25	01:01:01.961	1.35044	1.35047			6
2025.07.25	01:01:03.181	1.35043	1.35046			6
2025.07.25	01:01:11.460	1.35044	1.35047			6
2025.07.25	01:01:11.763	1.35045	1.35048			6
2025.07.25	01:01:12.685	1.35044	1.35047			6
2025.07.25	01:01:15.137	1.35043	1.35046			6
2025.07.25	01:01:15.438	1.35042	1.35045			6
2025.07.25	01:01:16.048	1.35041	1.35044			6
2025.07.25	01:01:28.304	1.35040	1.35043			6
2025.07.25	01:01:31.534	1.35041	1.35044			6
2025.07.25	01:01:33.675	1.35039	1.35042			6
2025.07.25	01:01:34.585	1.35040	1.35043			6
2025.07.25	01:01:36.420	1.35039	1.35042			6
2025.07.25	01:01:36.722	1.35040	1.35043			6
2025.07.25	01:01:37.338	1.35039	1.35042			6
2025.07.25	01:01:41.621	1.35040	1.35043			6
2025.07.25	01:01:43.150	1.35041	1.35044			6
2025.07.25	01:01:43.754	1.35042	1.35045			6
2025.07.25	01:01:54.480	1.35041	1.35044			6
2025.07.25	01:01:56.927	1.35042	1.35045			6
2025.07.25	01:02:00.296	1.35039	1.35042			6
2025.07.25	01:02:00.901	1.35040	1.35043			6
2025.07.25	01:02:03.656	1.35038	1.35041			6
2025.07.25	01:02:03.963	1.35039	1.35042			6
2025.07.25	01:02:06.094	1.35038	1.35041			6
2025.07.25	01:02:06.711	1.35037	1.35040			6
2025.07.25	01:02:08.550	1.35038	1.35041			6
2025.07.25	01:02:09.163	1.35036	1.35039			6
2025.07.25	01:02:14.034	1.35035	1.35038			6
2025.07.25	01:02:25.339	1.35034	1.35037			6
2025.07.25	01:02:27.167	1.35035	1.35038			6
2025.07.25	01:02:28.091	1.35034	1.35037			6
2025.07.25	01:02:31.746	1.35033	1.35036			6
2025.07.25	01:02:32.047	1.35036	1.35039			6
2025.07.25	01:02:36.016	1.35034	1.35037			6
2025.07.25	01:02:37.240	1.35032	1.35036			6
2025.07.25	01:02:39.059	1.35033	1.35037			6
2025.07.25	01:02:40.271	1.35034				2
2025.07.25	01:02:47.309	1.35033	1.35036			6
2025.07.25	01:02:49.463	1.35032	1.35035			6
2025.07.25	01:02:52.805	1.35038	1.35039			6
2025.07.25	01:02:53.724	1.35037				2
2025.07.25	01:02:54.335	1.35032				2
2025.07.25	01:02:54.652	1.35033				2
2025.07.25	01:02:55.566	1.35034				2
2025.07.25	01:02:57.096	1.35033				2
2025.07.25	01:02:57.405	1.35034				2
2025.07.25	01:02:59.233	1.35035				2
2025.07.25	01:03:00.147	1.35035				2
2025.07.25	01:03:00.449	1.35042	1.35048			6
2025.07.25	01:03:00.761	1.35041	1.35047			6
2025.07.25	01:03:02.294	1.35038	1.35049			6
2025.07.25	01:03:02.598	1.35039	1.35051			6
2025.07.25	01:03:03.210	1.35040				2
2025.07.25	01:03:04.135		1.35050			4
2025.07.25	01:03:05.359	1.35041				2
2025.07.25	01:03:07.204	1.35042	1.35049			6
2025.07.25	01:03:08.129	1.35041	1.35048			6
2025.07.25	01:03:09.355		1.35047			4
2025.07.25	01:03:10.282	1.35042				2
2025.07.25	01:03:10.889	1.35041	1.35046			6
2025.07.25	01:03:11.197		1.35045			4
2025.07.25	01:03:14.261	1.35042				2
2025.07.25	01:03:18.261	1.35043	1.35046			6
2025.07.25	01:03:20.109	1.35042	1.35045			6
2025.07.25	01:03:21.324	1.35043	1.35046			6
2025.07.25	01:03:21.625	1.35042	1.35045			6
2025.07.25	01:03:22.229	1.35043	1.35046			6
2025.07.25	01:03:24.681	1.35046	1.35049			6
2025.07.25	01:03:24.982	1.35045	1.35048			6
2025.07.25	01:03:25.286	1.35046	1.35049			6
2025.07.25	01:03:25.596	1.35045	1.35048			6
2025.07.25	01:03:26.810	1.35043	1.35046			6
2025.07.25	01:03:30.500	1.35044	1.35047			6
2025.07.25	01:03:34.492	1.35045	1.35048			6
2025.07.25	01:03:35.406	1.35046	1.35049			6
2025.07.25	01:03:35.709	1.35048	1.35051			6
2025.07.25	01:03:36.620	1.35047	1.35050			6
2025.07.25	01:03:37.235	1.35048	1.35051			6
2025.07.25	01:03:38.457	1.35046	1.35049			6
2025.07.25	01:03:40.601	1.35047	1.35050			6
2025.07.25	01:03:46.107	1.35050	1.35053			6
2025.07.25	01:03:46.410	1.35051	1.35054			6
2025.07.25	01:03:47.324	1.35050	1.35055			6
2025.07.25	01:03:47.927	1.35049	1.35054			6
2025.07.25	01:03:48.240		1.35053			4
2025.07.25	01:03:49.461	1.35048	1.35052			6
2025.07.25	01:03:51.292	1.35049				2
2025.07.25	01:03:55.576	1.35048	1.35051			6
2025.07.25	01:03:55.887	1.35049	1.35052			6
2025.07.25	01:03:56.197	1.35050	1.35053			6
2025.07.25	01:04:00.153	1.35050				2
2025.07.25	01:04:01.978	1.35051	1.35054			6
2025.07.25	01:04:03.522	1.35050	1.35053			6
2025.07.25	01:04:08.406	1.35046	1.35049			6
2025.07.25	01:04:08.708	1.35047	1.35050			6
2025.07.25	01:04:09.316	1.35043	1.35053			6
2025.07.25	01:04:09.618	1.35042	1.35052			6
2025.07.25	01:04:11.164	1.35043	1.35051			6
2025.07.25	01:04:12.397	1.35044	1.35050			6
2025.07.25	01:04:13.323	1.35045				2
2025.07.25	01:04:14.248		1.35049			4
2025.07.25	01:04:15.165	1.35046				2
2025.07.25	01:04:16.387	1.35047	1.35050			6
2025.07.25	01:04:17.608	1.35046	1.35049			6
2025.07.25	01:04:19.123	1.35045	1.35048			6
2025.07.25	01:04:23.692	1.35044	1.35047			6
2025.07.25	01:04:24.001	1.35045	1.35048			6
2025.07.25	01:04:27.687	1.35047	1.35050			6
2025.07.25	01:04:29.234	1.35046				2
2025.07.25	01:04:29.535	1.35047	1.35051			6
2025.07.25	01:04:29.841	1.35046	1.35050			6
2025.07.25	01:04:30.145	1.35047				2
2025.07.25	01:04:30.452	1.35048	1.35051			6
2025.07.25	01:04:32.306	1.35049	1.35052			6
2025.07.25	01:04:37.526	1.35048	1.35051			6
2025.07.25	01:04:42.141	1.35050	1.35053			6
2025.07.25	01:04:42.448	1.35049	1.35052			6
2025.07.25	01:04:42.752	1.35050	1.35053			6
2025.07.25	01:04:44.908	1.35052	1.35055			6
2025.07.25	01:04:45.214	1.35051	1.35054			6
2025.07.25	01:04:48.870	1.35049	1.35052			6
2025.07.25	01:04:49.182	1.35050	1.35053			6
2025.07.25	01:04:53.779	1.35049	1.35052			6
2025.07.25	01:04:56.217	1.35050	1.35053			6
2025.07.25	01:04:59.274	1.35049	1.35052			6
2025.07.25	01:05:00.200	1.35049				2
2025.07.25	01:05:00.813	1.35048	1.35051			6
2025.07.25	01:05:01.123	1.35049	1.35052			6
2025.07.25	01:05:01.424	1.35047	1.35050			6
2025.07.25	01:05:01.730	1.35045	1.35048			6
2025.07.25	01:05:02.044	1.35038	1.35041			6
2025.07.25	01:05:02.346	1.35039	1.35042			6
2025.07.25	01:05:02.654	1.35037	1.35040			6
2025.07.25	01:05:03.267	1.35032	1.35044			6
2025.07.25	01:05:08.178		1.35041			4
2025.07.25	01:05:10.334	1.35033				2
2025.07.25	01:05:11.563	1.35035	1.35043			6
2025.07.25	01:05:12.175		1.35044			4
2025.07.25	01:05:13.397	1.35036	1.35043			6
2025.07.25	01:05:14.316	1.35035	1.35041			6
2025.07.25	01:05:15.229	1.35036				2
2025.07.25	01:05:16.148		1.35040			4
2025.07.25	01:05:18.301	1.35037				2
2025.07.25	01:05:22.598	1.35039	1.35042			6
2025.07.25	01:05:29.943	1.35041	1.35044			6
2025.07.25	01:05:31.480	1.35042	1.35045			6
2025.07.25	01:05:33.931	1.35043	1.35046			6
2025.07.25	01:05:39.141	1.35042	1.35045			6
2025.07.25	01:05:42.184	1.35043	1.35046			6
2025.07.25	01:05:48.271	1.35042	1.35045			6
2025.07.25	01:05:52.254	1.35043	1.35046			6
2025.07.25	01:05:59.930	1.35042	1.35045			6
2025.07.25	01:06:00.235	1.35042				2
2025.07.25	01:06:07.273	1.35041	1.35044			6
2025.07.25	01:06:07.578	1.35042	1.35045			6
2025.07.25	01:06:09.426	1.35041	1.35044			6
2025.07.25	01:06:17.328	1.35042	1.35045			6
2025.07.25	01:06:25.284	1.35041	1.35044			6
2025.07.25	01:06:25.596	1.35042	1.35045			6
2025.07.25	01:06:30.239	1.35041	1.35044			6
2025.07.25	01:06:33.974		1.35043			4
2025.07.25	01:06:34.295	1.35044	1.35045			6
2025.07.25	01:06:35.221	1.35041	1.35043			6
2025.07.25	01:06:39.234	1.35042				2
2025.07.25	01:06:41.398	1.35043	1.35044			6
2025.07.25	01:06:45.111	1.35044	1.35045			6
2025.07.25	01:06:49.401	1.35045	1.35046			6
2025.07.25	01:06:50.322	1.35044	1.35045			6
2025.07.25	01:06:56.748	1.35045	1.35046			6
2025.07.25	01:06:58.282	1.35044	1.35045			6
2025.07.25	01:07:00.118	1.35044				2
2025.07.25	01:07:03.773	1.35043	1.35044			6
2025.07.25	01:07:04.075	1.35044	1.35045			6
2025.07.25	01:07:04.378	1.35043	1.35044			6
2025.07.25	01:07:07.162	1.35044	1.35045			6
2025.07.25	01:07:08.391	1.35043	1.35044			6
2025.07.25	01:07:09.913	1.35044	1.35045			6
2025.07.25	01:07:30.367	1.35043	1.35044			6
2025.07.25	01:07:31.295	1.35039	1.35043			6
2025.07.25	01:07:32.213	1.35040				2
2025.07.25	01:07:33.143	1.35041				2
2025.07.25	01:07:34.381	1.35043	1.35044			6
2025.07.25	01:07:35.323	1.35041	1.35043			6
2025.07.25	01:07:36.249	1.35043	1.35044			6
2025.07.25	01:07:37.178	1.35042	1.35043			6
2025.07.25	01:07:39.350	1.35043	1.35044			6
2025.07.25	01:07:39.965	1.35041	1.35043			6
2025.07.25	01:07:44.310	1.35042				2
2025.07.25	01:07:45.231	1.35043	1.35044			6
2025.07.25	01:07:45.548	1.35040	1.35043			6
2025.07.25	01:07:46.170	1.35038				2
2025.07.25	01:07:46.478	1.35040				2
2025.07.25	01:07:50.192	1.35041				2
2025.07.25	01:07:51.128	1.35042				2
2025.07.25	01:07:52.365	1.35043	1.35044			6
2025.07.25	01:07:57.270	1.35044	1.35045			6
2025.07.25	01:08:00.297	1.35044				2
2025.07.25	01:08:03.051	1.35043	1.35044			6
2025.07.25	01:08:03.665	1.35044	1.35045			6
2025.07.25	01:08:04.584	1.35045	1.35046			6
2025.07.25	01:08:09.773	1.35043	1.35044			6
2025.07.25	01:08:10.080	1.35044	1.35045			6
2025.07.25	01:08:14.974	1.35043	1.35044			6
2025.07.25	01:08:15.276	1.35042	1.35043			6
2025.07.25	01:08:15.577	1.35041				2
2025.07.25	01:08:17.280	1.35042				2
2025.07.25	01:08:23.387	1.35044	1.35045			6
2025.07.25	01:08:25.208	1.35040	1.35043			6
2025.07.25	01:08:25.517	1.35041				2
2025.07.25	01:08:26.141	1.35040				2
2025.07.25	01:08:27.387	1.35041				2
2025.07.25	01:08:28.313	1.35043	1.35044			6
2025.07.25	01:08:29.242	1.35044	1.35045			6
2025.07.25	01:08:30.782	1.35043	1.35044			6
2025.07.25	01:08:32.326	1.35040	1.35043			6
2025.07.25	01:08:32.631	1.35041				2
2025.07.25	01:08:33.552	1.35040				2
2025.07.25	01:08:37.263	1.35041				2
2025.07.25	01:08:38.198	1.35043	1.35044			6
2025.07.25	01:08:40.355	1.35044	1.35045			6
2025.07.25	01:08:49.828	1.35043	1.35044			6
2025.07.25	01:09:00.216	1.35043				2
2025.07.25	01:09:02.663	1.35042	1.35043			6
2025.07.25	01:09:05.118	1.35043	1.35044			6
2025.07.25	01:09:06.349	1.35042	1.35043			6
2025.07.25	01:09:07.285	1.35045	1.35048			6
2025.07.25	01:09:08.217	1.35040	1.35049			6
2025.07.25	01:09:10.379	1.35041				2
2025.07.25	01:09:11.306	1.35042				2
2025.07.25	01:09:12.233	1.35044				2
2025.07.25	01:09:13.160	1.35045				2
2025.07.25	01:09:14.390		1.35046			4
2025.07.25	01:09:14.691	1.35046	1.35047			6
2025.07.25	01:09:15.310	1.35045	1.35046			6
2025.07.25	01:09:21.418		1.35048			4
2025.07.25	01:09:22.953	1.35046				2
2025.07.25	01:09:23.871	1.35045				2
2025.07.25	01:09:26.626	1.35046				2
2025.07.25	01:09:26.937	1.35047				2
2025.07.25	01:09:27.241	1.35046				2
2025.07.25	01:09:27.543	1.35047				2
2025.07.25	01:09:28.150	1.35045				2
2025.07.25	01:09:29.377	1.35046				2
2025.07.25	01:09:30.313	1.35045				2
2025.07.25	01:09:31.234	1.35046				2
2025.07.25	01:09:32.155	1.35047				2
2025.07.25	01:09:37.352	1.35048	1.35049			6
2025.07.25	01:09:38.264	1.35047	1.35048			6
2025.07.25	01:09:39.176	1.35044				2
2025.07.25	01:09:40.399	1.35046				2
2025.07.25	01:09:41.320	1.35047				2
2025.07.25	01:09:42.252	1.35048	1.35049			6
2025.07.25	01:09:44.079	1.35045	1.35046			6
2025.07.25	01:09:45.308	1.35041	1.35044			6
2025.07.25	01:09:45.919	1.35040				2
2025.07.25	01:09:46.226	1.35039	1.35040			6
2025.07.25	01:09:46.530	1.35038	1.35044			6
2025.07.25	01:09:46.841	1.35040				2
2025.07.25	01:09:51.475	1.35039				2
2025.07.25	01:09:54.239	1.35040				2
2025.07.25	01:09:55.153	1.35037	1.35043			6
2025.07.25	01:09:56.384	1.35035				2
2025.07.25	01:09:57.317	1.35036				2
2025.07.25	01:09:59.158	1.35037				2
2025.07.25	01:10:00.073	1.35037				2
2025.07.25	01:10:00.382	1.35039				2
2025.07.25	01:10:02.219	1.35040				2
2025.07.25	01:10:04.381	1.35041				2
2025.07.25	01:10:04.689	1.35039				2
2025.07.25	01:10:04.997	1.35040				2
2025.07.25	01:10:05.611	1.35041				2
2025.07.25	01:10:05.919	1.35040				2
2025.07.25	01:10:06.222	1.35042				2
2025.07.25	01:10:06.524	1.35041				2
2025.07.25	01:10:16.289	1.35040				2
2025.07.25	01:10:26.969	1.35039	1.35042			6
2025.07.25	01:10:27.275	1.35040	1.35043			6
2025.07.25	01:10:28.194	1.35039	1.35042			6
2025.07.25	01:10:34.311	1.35040	1.35043			6
2025.07.25	01:10:37.059	1.35039	1.35042			6
2025.07.25	01:10:38.267	1.35040	1.35043			6
2025.07.25	01:10:38.870	1.35039	1.35042			6
2025.07.25	01:10:39.181	1.35040	1.35043			6
2025.07.25	01:10:39.483	1.35039	1.35042			6
2025.07.25	01:10:44.984	1.35038	1.35041			6
2025.07.25	01:10:45.287	1.35039				2
2025.07.25	01:10:45.592	1.35038				2
2025.07.25	01:10:50.784	1.35037	1.35040			6
2025.07.25	01:10:51.090	1.35038				2
2025.07.25	01:10:51.395	1.35037				2
2025.07.25	01:10:51.699	1.35039				2
2025.07.25	01:10:52.011	1.35037				2
2025.07.25	01:10:53.243		1.35042			4
2025.07.25	01:10:53.558	1.35035	1.35040			6
2025.07.25	01:10:54.178		1.35039			4
2025.07.25	01:10:55.097	1.35036	1.35040			6
2025.07.25	01:10:55.713	1.35037	1.35041			6
2025.07.25	01:10:56.024	1.35036	1.35040			6
2025.07.25	01:10:56.328	1.35034	1.35042			6
2025.07.25	01:10:58.794	1.35040	1.35044			6
2025.07.25	01:10:59.102	1.35041	1.35048			6
2025.07.25	01:11:00.029	1.35041				2
2025.07.25	01:11:04.343	1.35039	1.35045			6
2025.07.25	01:11:08.666	1.35036	1.35040			6
2025.07.25	01:11:09.288	1.35033				2
2025.07.25	01:11:10.222	1.35034				2
2025.07.25	01:11:11.152	1.35035	1.35039			6
2025.07.25	01:11:12.386	1.35036				2
2025.07.25	01:11:14.233	1.35038				2
2025.07.25	01:11:14.847	1.35036				2
2025.07.25	01:11:15.149	1.35037	1.35041			6
2025.07.25	01:11:15.457	1.35040	1.35044			6
2025.07.25	01:11:15.758	1.35041	1.35045			6
2025.07.25	01:11:16.059	1.35040	1.35044			6
2025.07.25	01:11:16.367	1.35038	1.35045			6
2025.07.25	01:11:23.112	1.35039				2
2025.07.25	01:11:24.028	1.35038				2
2025.07.25	01:11:24.340		1.35044			4
2025.07.25	01:11:25.255	1.35039				2
2025.07.25	01:11:26.173		1.35043			4
2025.07.25	01:11:27.387	1.35040				2
2025.07.25	01:11:29.235	1.35041	1.35044			6
2025.07.25	01:11:30.457	1.35040	1.35043			6
2025.07.25	01:11:32.580	1.35039	1.35042			6
2025.07.25	01:11:35.031	1.35038	1.35041			6
2025.07.25	01:11:39.322	1.35039	1.35042			6
2025.07.25	01:11:40.839	1.35038	1.35041			6
2025.07.25	01:11:52.177	1.35039	1.35042			6
2025.07.25	01:11:52.790	1.35038	1.35041			6
2025.07.25	01:11:57.660	1.35039	1.35042			6
2025.07.25	01:12:00.100	1.35039				2
2025.07.25	01:12:00.711	1.35038	1.35041			6
2025.07.25	01:12:01.014	1.35039	1.35042			6
2025.07.25	01:12:09.852	1.35038	1.35041			6
2025.07.25	01:12:20.847	1.35039	1.35042			6
2025.07.25	01:12:22.063	1.35038	1.35041			6
2025.07.25	01:12:26.331	1.35039	1.35042			6
2025.07.25	01:12:33.983	1.35042	1.35043			6
2025.07.25	01:12:34.902	1.35040				2
2025.07.25	01:12:35.205	1.35037				2
2025.07.25	01:12:36.135	1.35035				2
2025.07.25	01:12:36.750	1.35037				2
2025.07.25	01:12:37.368	1.35038				2
2025.07.25	01:12:37.985	1.35036				2
2025.07.25	01:12:39.224	1.35035				2
2025.07.25	01:12:41.392	1.35036				2
2025.07.25	01:12:43.244	1.35037				2
2025.07.25	01:12:44.165	1.35038				2
2025.07.25	01:12:46.323	1.35039				2
2025.07.25	01:12:48.166	1.35040				2
2025.07.25	01:12:57.310	1.35039	1.35042			6
2025.07.25	01:12:57.611	1.35040	1.35043			6
2025.07.25	01:13:00.074	1.35040				2
2025.07.25	01:13:03.431	1.35041	1.35044			6
2025.07.25	01:13:06.471		1.35043			4
2025.07.25	01:13:10.178	1.35040				2
2025.07.25	01:13:13.869	1.35042	1.35044			6
2025.07.25	01:13:15.388	1.35038				2
2025.07.25	01:13:15.696	1.35039				2
2025.07.25	01:13:17.547		1.35047			4
2025.07.25	01:13:17.854	1.35035	1.35041			6
2025.07.25	01:13:18.156	1.35037				2
2025.07.25	01:13:19.083	1.35036				2
2025.07.25	01:13:19.392	1.35035				2
2025.07.25	01:13:21.850	1.35037	1.35043			6
2025.07.25	01:13:22.781	1.35038				2
2025.07.25	01:13:23.087	1.35039				2
2025.07.25	01:13:25.570	1.35038				2
2025.07.25	01:13:26.191	1.35037				2
2025.07.25	01:13:26.503	1.35038				2
2025.07.25	01:13:28.349	1.35039				2
2025.07.25	01:13:30.199	1.35040				2
2025.07.25	01:13:31.124	1.35041				2
2025.07.25	01:13:32.357	1.35042				2
2025.07.25	01:13:35.121	1.35043	1.35044			6
2025.07.25	01:13:41.841	1.35044	1.35047			6
2025.07.25	01:13:44.594	1.35043	1.35046			6
2025.07.25	01:13:50.393	1.35044	1.35047			6
2025.07.25	01:13:50.696		1.35045			4
2025.07.25	01:13:51.004	1.35042	1.35044			6
2025.07.25	01:13:51.309	1.35043				2
2025.07.25	01:13:51.613	1.35042				2
2025.07.25	01:13:55.894	1.35043				2
2025.07.25	01:13:56.199	1.35044	1.35045			6
2025.07.25	01:13:59.274	1.35043	1.35044			6
2025.07.25	01:13:59.881	1.35042				2
2025.07.25	01:14:00.184	1.35041				2
2025.07.25	01:14:01.106	1.35037				2
2025.07.25	01:14:02.339	1.35038				2
2025.07.25	01:14:03.262	1.35039				2
2025.07.25	01:14:04.200	1.35040				2
2025.07.25	01:14:05.130	1.35041				2
2025.07.25	01:14:07.287	1.35042				2
2025.07.25	01:14:09.408	1.35043				2
2025.07.25	01:14:12.169	1.35042				2
2025.07.25	01:14:12.473	1.35040	1.35043			6
2025.07.25	01:14:13.394	1.35036	1.35044			6
2025.07.25	01:14:15.238	1.35037				2
2025.07.25	01:14:16.152	1.35036				2
2025.07.25	01:14:18.305	1.35037				2
2025.07.25	01:14:19.230	1.35038				2
2025.07.25	01:14:20.166	1.35039	1.35043			6
2025.07.25	01:14:21.094	1.35040				2
2025.07.25	01:14:24.777	1.35041	1.35044			6
2025.07.25	01:14:26.296	1.35042				2
2025.07.25	01:14:26.604	1.35041				2
2025.07.25	01:14:28.138	1.35040	1.35043			6
2025.07.25	01:14:35.498	1.35042	1.35044			6
2025.07.25	01:14:47.421	1.35040	1.35041			6
2025.07.25	01:14:48.633	1.35039				2
2025.07.25	01:14:49.235	1.35038				2
2025.07.25	01:14:49.541	1.35039				2
2025.07.25	01:14:49.843	1.35038				2
2025.07.25	01:14:53.212	1.35039	1.35042			6
2025.07.25	01:14:53.820	1.35040				2
2025.07.25	01:14:54.127	1.35039				2
2025.07.25	01:14:55.367	1.35038				2
2025.07.25	01:14:56.298	1.35039				2
2025.07.25	01:14:58.150	1.35040				2
2025.07.25	01:15:00.284	1.35039				2
2025.07.25	01:15:02.126	1.35038				2
2025.07.25	01:15:03.063	1.35036	1.35041			6
2025.07.25	01:15:03.371		1.35042			4
2025.07.25	01:15:09.882		1.35043			4
2025.07.25	01:15:15.115	1.35037				2
2025.07.25	01:15:16.343	1.35038				2
2025.07.25	01:15:17.264	1.35039				2
2025.07.25	01:15:18.201	1.35040				2
2025.07.25	01:15:19.431	1.35041				2
2025.07.25	01:15:19.735	1.35040				2
2025.07.25	01:15:20.345	1.35037				2
2025.07.25	01:15:21.288	1.35038				2
2025.07.25	01:15:22.217	1.35039				2
2025.07.25	01:15:24.352	1.35040				2
2025.07.25	01:15:27.112	1.35041				2
2025.07.25	01:15:27.418	1.35040				2
2025.07.25	01:15:29.852	1.35041				2
2025.07.25	01:15:30.768	1.35040				2
2025.07.25	01:15:32.892	1.35041	1.35044			6
2025.07.25	01:15:33.199	1.35040	1.35043			6
2025.07.25	01:15:33.814	1.35041	1.35044			6
2025.07.25	01:15:34.117	1.35040	1.35043			6
2025.07.25	01:15:35.038	1.35041				2
2025.07.25	01:15:37.496	1.35039	1.35042			6
2025.07.25	01:15:38.115	1.35038	1.35043			6
2025.07.25	01:15:39.348	1.35039	1.35042			6
2025.07.25	01:15:42.719	1.35041	1.35043			6
2025.07.25	01:15:43.330	1.35039				2
2025.07.25	01:15:44.252	1.35040				2
2025.07.25	01:15:44.864	1.35038	1.35042			6
2025.07.25	01:15:45.171	1.35035	1.35043			6
2025.07.25	01:15:46.091	1.35036				2
2025.07.25	01:15:47.337	1.35037				2
2025.07.25	01:15:48.264	1.35038	1.35042			6
2025.07.25	01:15:48.570	1.35040	1.35044			6
2025.07.25	01:15:48.875	1.35039	1.35043			6
2025.07.25	01:15:49.184	1.35040				2
2025.07.25	01:15:50.093	1.35041	1.35044			6
2025.07.25	01:15:56.820	1.35040	1.35043			6
2025.07.25	01:15:57.132	1.35041	1.35044			6
2025.07.25	01:15:57.441	1.35040	1.35043			6
2025.07.25	01:16:00.207	1.35040				2
2025.07.25	01:16:02.043	1.35041	1.35044			6
2025.07.25	01:16:02.347	1.35040	1.35043			6
2025.07.25	01:16:02.648	1.35041	1.35044			6
2025.07.25	01:16:02.953	1.35040	1.35043			6
2025.07.25	01:16:04.791	1.35041	1.35044			6
2025.07.25	01:16:05.095	1.35040	1.35043			6
2025.07.25	01:16:05.396	1.35041	1.35044			6
2025.07.25	01:16:07.237	1.35040	1.35043			6
2025.07.25	01:16:08.762	1.35041	1.35044			6
2025.07.25	01:16:10.289	1.35039				2
2025.07.25	01:16:11.217		1.35043			4
2025.07.25	01:16:12.149	1.35040				2
2025.07.25	01:16:12.450	1.35041	1.35044			6
2025.07.25	01:16:13.070	1.35040	1.35043			6
2025.07.25	01:16:13.370	1.35039	1.35044			6
2025.07.25	01:16:14.297	1.35036				2
2025.07.25	01:16:14.910	1.35037				2
2025.07.25	01:16:15.538	1.35038				2
2025.07.25	01:16:16.150	1.35040				2
2025.07.25	01:16:17.391	1.35041				2
2025.07.25	01:16:17.693	1.35040	1.35043			6
2025.07.25	01:16:17.995	1.35041	1.35044			6
2025.07.25	01:16:18.299	1.35040	1.35043			6
2025.07.25	01:16:19.205	1.35038	1.35044			6
2025.07.25	01:16:20.123	1.35039	1.35043			6
2025.07.25	01:16:20.745	1.35040	1.35044			6
2025.07.25	01:16:21.370	1.35039				2
2025.07.25	01:16:23.215	1.35040				2
2025.07.25	01:16:24.144	1.35041				2
2025.07.25	01:16:25.366	1.35040	1.35043			6
2025.07.25	01:16:25.671	1.35041	1.35044			6
2025.07.25	01:16:27.509	1.35040	1.35043			6
2025.07.25	01:16:30.269	1.35041	1.35044			6
2025.07.25	01:16:30.576	1.35040	1.35043			6
2025.07.25	01:16:31.183	1.35041	1.35044			6
2025.07.25	01:16:33.929	1.35042				2
2025.07.25	01:16:34.235	1.35041				2
2025.07.25	01:16:37.900	1.35042				2
2025.07.25	01:16:38.211	1.35041				2
2025.07.25	01:16:38.512	1.35042				2
2025.07.25	01:16:38.818	1.35041				2
2025.07.25	01:16:39.119	1.35042				2
2025.07.25	01:16:41.257	1.35041				2
2025.07.25	01:16:42.176	1.35039	1.35042			6
2025.07.25	01:16:42.481	1.35040	1.35043			6
2025.07.25	01:16:43.096	1.35035	1.35044			6
2025.07.25	01:16:45.886	1.35036				2
2025.07.25	01:16:47.137	1.35035				2
2025.07.25	01:16:48.072	1.35036				2
2025.07.25	01:16:50.239	1.35037				2
2025.07.25	01:16:52.406	1.35039				2
2025.07.25	01:16:52.713	1.35037				2
2025.07.25	01:16:53.332	1.35038	1.35043			6
2025.07.25	01:16:53.954	1.35039	1.35044			6
2025.07.25	01:16:54.264	1.35036				2
2025.07.25	01:16:54.568	1.35037	1.35040			6
2025.07.25	01:16:54.870	1.35038	1.35045			6
2025.07.25	01:17:00.131	1.35039				2
2025.07.25	01:17:00.439	1.35038	1.35044			6
2025.07.25	01:17:00.757	1.35037				2
2025.07.25	01:17:02.315	1.35036				2
2025.07.25	01:17:02.618	1.35037				2
2025.07.25	01:17:03.242	1.35036				2
2025.07.25	01:17:04.474	1.35037	1.35045			6
2025.07.25	01:17:04.781	1.35036	1.35044			6
2025.07.25	01:17:05.088	1.35037				2
2025.07.25	01:17:05.397	1.35038				2
2025.07.25	01:17:05.702	1.35037				2
2025.07.25	01:17:06.330	1.35038				2
2025.07.25	01:17:06.953	1.35039				2
2025.07.25	01:17:07.576	1.35040				2
2025.07.25	01:17:07.884	1.35039				2
2025.07.25	01:17:08.197	1.35041				2
2025.07.25	01:17:08.501	1.35040				2
2025.07.25	01:17:08.811	1.35041				2
2025.07.25	01:17:10.943	1.35040				2
2025.07.25	01:17:11.258	1.35042	1.35045			6
2025.07.25	01:17:12.176	1.35043				2
2025.07.25	01:17:12.483	1.35042				2
2025.07.25	01:17:12.790	1.35043				2
2025.07.25	01:17:13.094	1.35042				2
2025.07.25	01:17:14.621	1.35043				2
2025.07.25	01:17:14.924	1.35042				2
2025.07.25	01:17:15.546	1.35043				2
2025.07.25	01:17:17.363	1.35042				2
2025.07.25	01:17:17.664	1.35043				2
2025.07.25	01:17:17.979	1.35042				2
2025.07.25	01:17:18.898	1.35043				2
2025.07.25	01:17:19.520	1.35042				2
2025.07.25	01:17:19.822	1.35043				2
2025.07.25	01:17:20.132	1.35042				2
2025.07.25	01:17:25.631	1.35041	1.35044			6
2025.07.25	01:17:28.690	1.35042	1.35045			6
2025.07.25	01:17:37.842	1.35043				2
2025.07.25	01:17:38.143	1.35044	1.35047			6
2025.07.25	01:17:40.279	1.35043	1.35046			6
2025.07.25	01:17:40.585	1.35044	1.35047			6
2025.07.25	01:17:45.190	1.35043	1.35046			6
2025.07.25	01:17:50.090	1.35044	1.35047			6
2025.07.25	01:17:50.697	1.35045	1.35048			6
2025.07.25	01:17:51.602	1.35046	1.35049			6
2025.07.25	01:17:52.836	1.35045	1.35048			6
2025.07.25	01:17:53.140	1.35046	1.35049			6
2025.07.25	01:17:53.745	1.35045	1.35048			6
2025.07.25	01:18:00.163	1.35045				2
2025.07.25	01:18:02.302	1.35046	1.35049			6
2025.07.25	01:18:03.524	1.35045	1.35048			6
2025.07.25	01:18:07.489	1.35044	1.35047			6
2025.07.25	01:18:09.023	1.35045	1.35048			6
2025.07.25	01:18:10.252	1.35044				2
2025.07.25	01:18:11.198	1.35045				2
2025.07.25	01:18:17.311	1.35046	1.35049			6
2025.07.25	01:18:18.230	1.35045	1.35048			6
2025.07.25	01:18:18.530	1.35046	1.35049			6
2025.07.25	01:18:19.137	1.35044	1.35050			6
2025.07.25	01:18:20.368	1.35045				2
2025.07.25	01:18:21.297		1.35049			4
2025.07.25	01:18:23.166	1.35046				2
2025.07.25	01:18:23.468	1.35044	1.35047			6
2025.07.25	01:18:23.770	1.35046	1.35049			6
2025.07.25	01:18:24.377	1.35042	1.35050			6
2025.07.25	01:18:29.282	1.35043				2
2025.07.25	01:18:30.198	1.35044				2
2025.07.25	01:18:31.120	1.35045	1.35049			6
2025.07.25	01:18:32.367	1.35046				2
2025.07.25	01:18:33.283	1.35044	1.35047			6
2025.07.25	01:18:33.887	1.35046	1.35049			6
2025.07.25	01:18:34.197	1.35042	1.35050			6
2025.07.25	01:18:35.430	1.35043				2
2025.07.25	01:18:36.987	1.35045	1.35053			6
2025.07.25	01:18:37.916	1.35046				2
2025.07.25	01:18:38.222	1.35047				2
2025.07.25	01:18:39.778	1.35052	1.35056			6
2025.07.25	01:18:40.090	1.35050				2
2025.07.25	01:18:40.701	1.35042	1.35051			6
2025.07.25	01:18:44.733	1.35043	1.35050			6
2025.07.25	01:18:49.398		1.35049			4
2025.07.25	01:18:50.324		1.35048			4
2025.07.25	01:18:50.634	1.35042				2
2025.07.25	01:18:51.251	1.35043				2
2025.07.25	01:18:51.875	1.35044	1.35049			6
2025.07.25	01:18:52.180	1.35043	1.35047			6
2025.07.25	01:18:53.095		1.35045			4
2025.07.25	01:18:55.243	1.35044				2
2025.07.25	01:18:59.510	1.35045	1.35046			6
2025.07.25	01:18:59.818	1.35044				2
2025.07.25	01:19:00.128	1.35044				2
2025.07.25	01:19:05.936	1.35043				2
2025.07.25	01:19:07.158	1.35044				2
2025.07.25	01:19:07.465	1.35043				2
2025.07.25	01:19:11.432		1.35045			4
2025.07.25	01:19:11.741		1.35046			4
2025.07.25	01:19:37.424		1.35044			4
2025.07.25	01:19:46.594	1.35044	1.35045			6
2025.07.25	01:19:53.952	1.35042	1.35044			6
2025.07.25	01:19:54.865	1.35043				2
2025.07.25	01:19:57.612	1.35045	1.35046			6
2025.07.25	01:19:58.522	1.35042	1.35044			6
2025.07.25	01:19:59.144	1.35045	1.35046			6
2025.07.25	01:19:59.447	1.35042	1.35044			6
2025.07.25	01:19:59.753	1.35045	1.35046			6
2025.07.25	01:20:00.054	1.35042	1.35044			6
2025.07.25	01:20:00.359	1.35045	1.35046			6
2025.07.25	01:20:00.663	1.35042	1.35044			6
2025.07.25	01:20:00.970	1.35045	1.35046			6
2025.07.25	01:20:01.275	1.35042	1.35044			6
2025.07.25	01:20:12.016	1.35043				2
2025.07.25	01:20:12.329	1.35042				2
2025.07.25	01:20:16.003	1.35043	1.35046			6
2025.07.25	01:20:16.308	1.35042				2
2025.07.25	01:20:17.228		1.35045			4
2025.07.25	01:20:18.140	1.35043	1.35046			6
2025.07.25	01:20:18.756	1.35042	1.35045			6
2025.07.25	01:20:22.409	1.35043	1.35046			6
2025.07.25	01:20:23.336	1.35042				2
2025.07.25	01:20:24.262	1.35043				2
2025.07.25	01:20:27.344	1.35042	1.35045			6
2025.07.25	01:20:27.963	1.35043	1.35046			6
2025.07.25	01:20:28.275	1.35042	1.35045			6
2025.07.25	01:20:29.214	1.35041				2
2025.07.25	01:20:29.829	1.35042	1.35046			6
2025.07.25	01:20:31.385	1.35043				2
2025.07.25	01:20:35.725	1.35042	1.35045			6
2025.07.25	01:20:36.340	1.35041				2
2025.07.25	01:20:37.880	1.35040	1.35044			6
2025.07.25	01:20:40.054	1.35041				2
2025.07.25	01:20:41.285	1.35039				2
2025.07.25	01:20:45.309	1.35040				2
2025.07.25	01:20:45.937	1.35041				2
2025.07.25	01:20:47.186	1.35040				2
2025.07.25	01:20:49.353	1.35041				2
2025.07.25	01:20:51.488	1.35042				2
2025.07.25	01:20:52.098	1.35041				2
2025.07.25	01:20:54.251	1.35042				2
2025.07.25	01:21:00.040	1.35042				2
2025.07.25	01:21:00.657	1.35041				2
2025.07.25	01:21:00.963	1.35043				2
2025.07.25	01:21:01.573	1.35042	1.35043			6
2025.07.25	01:21:02.189	1.35036	1.35042			6
2025.07.25	01:21:03.103	1.35037	1.35043			6
2025.07.25	01:21:03.726	1.35036				2
2025.07.25	01:21:04.034	1.35035				2
2025.07.25	01:21:08.360	1.35036				2
2025.07.25	01:21:09.284	1.35037				2
2025.07.25	01:21:10.217	1.35038				2
2025.07.25	01:21:11.148		1.35042			4
2025.07.25	01:21:12.378	1.35041	1.35043			6
2025.07.25	01:21:12.688	1.35040				2
2025.07.25	01:21:12.995	1.35039	1.35042			6
2025.07.25	01:21:16.365	1.35040	1.35043			6
2025.07.25	01:21:21.255	1.35039	1.35042			6
2025.07.25	01:21:26.153	1.35040	1.35043			6
2025.07.25	01:21:27.373	1.35037				2
2025.07.25	01:21:28.300	1.35038				2
2025.07.25	01:21:29.217	1.35039				2
2025.07.25	01:21:31.375	1.35040				2
2025.07.25	01:21:32.910	1.35039	1.35042			6
2025.07.25	01:21:33.210	1.35040	1.35043			6
2025.07.25	01:21:36.882	1.35039	1.35042			6
2025.07.25	01:21:49.106	1.35041	1.35048			6
2025.07.25	01:21:50.660	1.35042	1.35049			6
2025.07.25	01:21:51.895	1.35041	1.35048			6
2025.07.25	01:21:57.160		1.35047			4
2025.07.25	01:21:58.408	1.35042				2
2025.07.25	01:21:58.713	1.35041	1.35046			6
2025.07.25	01:22:00.266	1.35042				2
2025.07.25	01:22:00.572	1.35041	1.35045			6
2025.07.25	01:22:01.184	1.35042	1.35047			6
2025.07.25	01:22:01.807	1.35041	1.35046			6
2025.07.25	01:22:02.109	1.35042				2
2025.07.25	01:22:03.329	1.35043				2
2025.07.25	01:22:04.259	1.35042	1.35045			6
2025.07.25	01:22:04.565	1.35043	1.35046			6
2025.07.25	01:22:04.875	1.35042	1.35045			6
2025.07.25	01:22:05.181		1.35047			4
2025.07.25	01:22:05.486	1.35041	1.35046			6
2025.07.25	01:22:06.103		1.35047			4
2025.07.25	01:22:11.361	1.35042				2
2025.07.25	01:22:12.290		1.35046			4
2025.07.25	01:22:12.902	1.35041	1.35045			6
2025.07.25	01:22:13.214	1.35043	1.35046			6
2025.07.25	01:22:13.528	1.35042	1.35045			6
2025.07.25	01:22:15.353	1.35043	1.35046			6
2025.07.25	01:22:16.271	1.35042				2
2025.07.25	01:22:17.194	1.35043				2
2025.07.25	01:22:19.030	1.35036	1.35039			6
2025.07.25	01:22:19.340		1.35040			4
2025.07.25	01:22:29.217		1.35041			4
2025.07.25	01:22:30.147		1.35039			4
2025.07.25	01:22:30.454	1.35034				2
2025.07.25	01:22:33.238	1.35035				2
2025.07.25	01:22:34.780	1.35036	1.35040			6
2025.07.25	01:22:35.706	1.35037	1.35041			6
2025.07.25	01:22:39.389	1.35038				2
2025.07.25	01:22:39.699	1.35037	1.35040			6
2025.07.25	01:22:40.607	1.35038	1.35041			6
2025.07.25	01:22:43.964	1.35037	1.35040			6
2025.07.25	01:22:54.041	1.35038	1.35041			6
2025.07.25	01:22:54.956	1.35037	1.35040			6
2025.07.25	01:23:00.112	1.35037				2
2025.07.25	01:23:03.475	1.35043	1.35046			6
2025.07.25	01:23:03.776	1.35044	1.35047			6
2025.07.25	01:23:05.009	1.35042	1.35045			6
2025.07.25	01:23:05.313		1.35047			4
2025.07.25	01:23:11.185	1.35041				2
2025.07.25	01:23:11.490	1.35042	1.35048			6
2025.07.25	01:23:15.207	1.35043				2
2025.07.25	01:23:15.514		1.35047			4
2025.07.25	01:23:15.823	1.35042	1.35046			6
2025.07.25	01:23:18.275		1.35045			4
2025.07.25	01:23:19.189	1.35043				2
2025.07.25	01:23:19.494	1.35044				2
2025.07.25	01:23:24.693	1.35043				2
2025.07.25	01:23:25.000	1.35044				2
2025.07.25	01:23:25.918	1.35043				2
2025.07.25	01:23:38.435	1.35042				2
2025.07.25	01:23:42.984	1.35043				2
2025.07.25	01:23:50.941	1.35042				2
2025.07.25	01:23:52.174	1.35043				2
2025.07.25	01:24:00.100	1.35043				2
2025.07.25	01:24:01.941	1.35042				2
2025.07.25	01:24:07.119	1.35043				2
2025.07.25	01:24:18.418		1.35045			4
2025.07.25	01:24:22.696		1.35046			4
2025.07.25	01:24:23.003	1.35044	1.35047			6
2025.07.25	01:24:25.147	1.35045	1.35048			6
2025.07.25	01:24:25.450	1.35044	1.35047			6
2025.07.25	01:24:31.231	1.35045	1.35048			6
2025.07.25	01:24:41.409	1.35044	1.35047			6
2025.07.25	01:24:43.265	1.35045	1.35048			6
2025.07.25	01:24:43.583	1.35044	1.35047			6
2025.07.25	01:24:44.199	1.35045	1.35048			6
2025.07.25	01:24:45.433	1.35044	1.35047			6
2025.07.25	01:24:46.047	1.35045	1.35048			6
2025.07.25	01:24:46.663	1.35044	1.35047			6
2025.07.25	01:24:47.289	1.35043	1.35048			6
2025.07.25	01:24:48.518	1.35044	1.35049			6
2025.07.25	01:24:49.129		1.35048			4
2025.07.25	01:24:49.739	1.35043	1.35047			6
2025.07.25	01:24:53.135		1.35046			4
2025.07.25	01:24:53.443	1.35044	1.35047			6
2025.07.25	01:24:54.059	1.35043	1.35046			6
2025.07.25	01:24:54.365	1.35044	1.35047			6
2025.07.25	01:25:00.251	1.35044				2
2025.07.25	01:25:10.160	1.35045	1.35048			6
2025.07.25	01:25:12.332	1.35044	1.35047			6
2025.07.25	01:25:17.590		1.35046			4
2025.07.25	01:25:17.897	1.35046	1.35047			6
2025.07.25	01:25:18.203	1.35044	1.35046			6
2025.07.25	01:25:19.133	1.35046	1.35047			6
2025.07.25	01:25:19.438	1.35044	1.35046			6
2025.07.25	01:25:19.757	1.35046	1.35047			6
2025.07.25	01:25:20.063	1.35044	1.35046			6
2025.07.25	01:25:20.372	1.35046	1.35047			6
2025.07.25	01:25:20.687	1.35044	1.35046			6
2025.07.25	01:25:20.992	1.35046	1.35047			6
2025.07.25	01:25:21.301	1.35044				2
2025.07.25	01:25:34.273	1.35045	1.35048			6
2025.07.25	01:25:34.587	1.35044	1.35047			6
2025.07.25	01:25:35.521	1.35045	1.35048			6
2025.07.25	01:25:37.376	1.35043	1.35047			6
2025.07.25	01:25:37.681	1.35044	1.35048			6
2025.07.25	01:25:37.989	1.35043	1.35047			6
2025.07.25	01:25:38.297	1.35044	1.35048			6
2025.07.25	01:25:38.607	1.35043	1.35047			6
2025.07.25	01:25:38.915	1.35044	1.35048			6
2025.07.25	01:25:39.224		1.35049			4
2025.07.25	01:25:39.532	1.35043	1.35048			6
2025.07.25	01:25:40.148		1.35047			4
2025.07.25	01:25:41.384		1.35048			4
2025.07.25	01:25:43.240		1.35047			4
2025.07.25	01:25:45.403	1.35044				2
2025.07.25	01:25:47.261	1.35045	1.35048			6
2025.07.25	01:25:48.191	1.35044				2
2025.07.25	01:25:49.123	1.35045				2
2025.07.25	01:25:50.358	1.35044	1.35047			6
2025.07.25	01:25:51.289	1.35043				2
2025.07.25	01:25:53.158	1.35044				2
2025.07.25	01:25:55.019	1.35045	1.35048			6
2025.07.25	01:25:55.951	1.35050	1.35052			6
2025.07.25	01:25:56.260	1.35045				2
2025.07.25	01:25:58.114	1.35046				2
2025.07.25	01:26:00.269	1.35046				2
2025.07.25	01:26:02.117	1.35047				2
2025.07.25	01:26:03.363	1.35046				2
2025.07.25	01:26:03.668	1.35049	1.35053			6
2025.07.25	01:26:03.972		1.35054			4
2025.07.25	01:26:04.280	1.35050				2
2025.07.25	01:26:05.207	1.35049				2
2025.07.25	01:26:07.069	1.35051	1.35056			6
2025.07.25	01:26:07.377	1.35050				2
2025.07.25	01:26:09.230	1.35051				2
2025.07.25	01:26:09.541	1.35050				2
2025.07.25	01:26:10.159	1.35051				2
2025.07.25	01:26:12.318	1.35052				2
2025.07.25	01:26:14.175	1.35053				2
2025.07.25	01:26:15.712	1.35049	1.35050			6
2025.07.25	01:26:16.019	1.35043	1.35047			6
2025.07.25	01:26:17.234	1.35042	1.35048			6
2025.07.25	01:26:20.928	1.35044	1.35053			6
2025.07.25	01:26:21.237	1.35045				2
2025.07.25	01:26:21.858	1.35047	1.35051			6
2025.07.25	01:26:22.168	1.35046	1.35052			6
2025.07.25	01:26:23.404	1.35047				2
2025.07.25	01:26:24.021	1.35048				2
2025.07.25	01:26:25.253	1.35049				2
2025.07.25	01:26:27.111	1.35050				2
2025.07.25	01:26:29.269	1.35051				2
2025.07.25	01:26:32.034		1.35053			4
2025.07.25	01:26:33.265		1.35052			4
2025.07.25	01:26:35.116	1.35052	1.35053			6
2025.07.25	01:26:36.327	1.35051	1.35052			6
2025.07.25	01:26:41.519	1.35050				2
2025.07.25	01:26:42.448	1.35051	1.35053			6
2025.07.25	01:26:43.057	1.35052				2
2025.07.25	01:26:47.021	1.35051				2
2025.07.25	01:26:49.152	1.35052				2
2025.07.25	01:26:58.281	1.35047	1.35049			6
2025.07.25	01:26:58.585	1.35045	1.35048			6
2025.07.25	01:26:59.190	1.35043	1.35049			6
2025.07.25	01:27:00.113	1.35043				2
2025.07.25	01:27:03.512	1.35044				2
2025.07.25	01:27:05.371	1.35045				2
2025.07.25	01:27:06.600	1.35044	1.35048			6
2025.07.25	01:27:08.127	1.35045				2
2025.07.25	01:27:08.435	1.35046	1.35049			6
2025.07.25	01:27:10.884	1.35047				2
2025.07.25	01:27:11.192	1.35046				2
2025.07.25	01:27:11.499	1.35047				2
2025.07.25	01:27:13.023	1.35046				2
2025.07.25	01:27:13.932	1.35047				2
2025.07.25	01:27:16.376	1.35046				2
2025.07.25	01:27:16.678	1.35047				2
2025.07.25	01:27:17.283	1.35046				2
2025.07.25	01:27:21.850	1.35047				2
2025.07.25	01:27:23.374	1.35046				2
2025.07.25	01:27:29.496	1.35044	1.35046			6
2025.07.25	01:27:29.799		1.35045			4
2025.07.25	01:27:47.507		1.35046			4
2025.07.25	01:27:54.231	1.35047	1.35050			6
2025.07.25	01:27:54.541	1.35048				2
2025.07.25	01:27:55.149	1.35046				2
2025.07.25	01:27:56.077	1.35045				2
2025.07.25	01:27:56.381	1.35046				2
2025.07.25	01:28:00.076	1.35046				2
2025.07.25	01:28:00.386	1.35047				2
2025.07.25	01:28:00.993	1.35048	1.35051			6
2025.07.25	01:28:01.600	1.35047	1.35050			6
2025.07.25	01:28:28.219	1.35046	1.35049			6
2025.07.25	01:28:28.529	1.35047	1.35050			6
2025.07.25	01:28:37.157	1.35045	1.35048			6
2025.07.25	01:28:37.764	1.35044	1.35047			6
2025.07.25	01:28:38.374	1.35042	1.35049			6
2025.07.25	01:28:40.227		1.35048			4
2025.07.25	01:28:41.154	1.35043				2
2025.07.25	01:28:42.387		1.35047			4
2025.07.25	01:28:44.237	1.35044				2
2025.07.25	01:28:44.545	1.35045	1.35048			6
2025.07.25	01:28:44.853	1.35044	1.35047			6
2025.07.25	01:28:45.172	1.35045	1.35048			6
2025.07.25	01:28:45.478	1.35044	1.35047			6
2025.07.25	01:28:46.403	1.35045	1.35048			6
2025.07.25	01:28:46.707	1.35044	1.35047			6
2025.07.25	01:29:00.297	1.35044				2
2025.07.25	01:29:04.613	1.35045	1.35048			6
2025.07.25	01:29:29.643	1.35052	1.35055			6
2025.07.25	01:29:30.259	1.35050				2
2025.07.25	01:29:37.663	1.35047	1.35053			6
2025.07.25	01:29:38.279	1.35046				2
2025.07.25	01:29:41.374	1.35047				2
2025.07.25	01:29:41.992		1.35052			4
2025.07.25	01:29:43.228	1.35048				2
2025.07.25	01:29:44.773	1.35049				2
2025.07.25	01:29:45.391	1.35048				2
2025.07.25	01:29:48.172	1.35049				2
2025.07.25	01:29:55.482	1.35048	1.35051			6
2025.07.25	01:29:55.787	1.35049	1.35052			6
2025.07.25	01:30:00.042	1.35049				2
2025.07.25	01:30:00.344	1.35048	1.35051			6
2025.07.25	01:30:00.961	1.35049	1.35052			6
2025.07.25	01:30:04.015	1.35048	1.35051			6
2025.07.25	01:30:05.862	1.35049	1.35052			6
2025.07.25	01:30:08.295	1.35048	1.35051			6
2025.07.25	01:30:08.596	1.35049	1.35052			6
2025.07.25	01:30:09.504	1.35048	1.35051			6
2025.07.25	01:30:11.637	1.35046	1.35049			6
2025.07.25	01:30:11.940	1.35047	1.35050			6
2025.07.25	01:30:12.245	1.35048	1.35051			6
2025.07.25	01:30:16.233	1.35046	1.35049			6
2025.07.25	01:30:17.444	1.35048	1.35051			6
2025.07.25	01:30:18.356	1.35047	1.35052			6
2025.07.25	01:30:19.280		1.35051			4
2025.07.25	01:30:21.147	1.35048				2
2025.07.25	01:30:22.370	1.35049	1.35052			6
2025.07.25	01:30:25.118	1.35048	1.35051			6
2025.07.25	01:30:26.029	1.35050	1.35053			6
2025.07.25	01:30:27.245	1.35048	1.35052			6
2025.07.25	01:30:28.166	1.35049				2
2025.07.25	01:30:32.456	1.35045	1.35048			6
2025.07.25	01:30:33.369	1.35044	1.35050			6
2025.07.25	01:30:36.135		1.35052			4
2025.07.25	01:30:36.447		1.35053			4
2025.07.25	01:30:41.403	1.35045				2
2025.07.25	01:30:42.331	1.35046	1.35052			6
2025.07.25	01:30:42.640	1.35047	1.35053			6
2025.07.25	01:30:42.951	1.35046	1.35052			6
2025.07.25	01:30:43.274	1.35047				2
2025.07.25	01:30:43.575	1.35044	1.35049			6
2025.07.25	01:30:44.198		1.35051			4
2025.07.25	01:30:46.359		1.35050			4
2025.07.25	01:30:47.275		1.35049			4
2025.07.25	01:30:47.892	1.35043				2
2025.07.25	01:30:48.198	1.35045				2
2025.07.25	01:30:50.329	1.35046				2
2025.07.25	01:30:56.423	1.35047	1.35050			6
2025.07.25	01:30:56.733	1.35046	1.35049			6
2025.07.25	01:30:57.337	1.35047	1.35050			6
2025.07.25	01:30:57.641	1.35048	1.35051			6
2025.07.25	01:31:00.092	1.35048				2
2025.07.25	01:31:03.150	1.35049	1.35052			6
2025.07.25	01:31:07.444	1.35048	1.35051			6
2025.07.25	01:31:17.541	1.35049	1.35052			6
2025.07.25	01:31:22.122	1.35048	1.35051			6
2025.07.25	01:31:34.354	1.35049	1.35052			6
2025.07.25	01:31:34.660	1.35048	1.35051			6
2025.07.25	01:31:46.247	1.35049	1.35052			6
2025.07.25	01:31:53.051	1.35048	1.35051			6
2025.07.25	01:31:59.540	1.35049	1.35052			6
2025.07.25	01:32:00.162	1.35050	1.35053			6
2025.07.25	01:32:01.081	1.35049	1.35052			6
2025.07.25	01:32:01.384		1.35053			4
2025.07.25	01:32:02.320	1.35050				2
2025.07.25	01:32:02.945	1.35049	1.35052			6
2025.07.25	01:32:03.250	1.35051	1.35054			6
2025.07.25	01:32:04.182	1.35050				2
2025.07.25	01:32:09.749	1.35054	1.35060			6
2025.07.25	01:32:10.063		1.35061			4
2025.07.25	01:32:10.367	1.35056	1.35062			6
2025.07.25	01:32:11.277		1.35063			4
2025.07.25	01:32:13.756		1.35064			4
2025.07.25	01:32:14.982	1.35060				2
2025.07.25	01:32:15.298	1.35057	1.35063			6
2025.07.25	01:32:17.772	1.35056				2
2025.07.25	01:32:20.250	1.35057				2
2025.07.25	01:32:22.101	1.35058				2
2025.07.25	01:32:22.719	1.35057	1.35062			6
2025.07.25	01:32:23.338		1.35061			4
2025.07.25	01:32:25.167	1.35058				2
2025.07.25	01:32:25.783	1.35059	1.35062			6
2025.07.25	01:32:33.125	1.35058	1.35061			6
2025.07.25	01:32:33.428	1.35059	1.35062			6
2025.07.25	01:32:35.545	1.35058	1.35061			6
2025.07.25	01:32:37.383	1.35059	1.35062			6
2025.07.25	01:32:51.153	1.35057	1.35060			6
2025.07.25	01:32:56.639	1.35055	1.35058			6
2025.07.25	01:32:57.257	1.35056	1.35059			6
2025.07.25	01:32:57.558	1.35057	1.35060			6
2025.07.25	01:33:00.007	1.35056	1.35059			6
2025.07.25	01:33:00.618	1.35057	1.35060			6
2025.07.25	01:33:00.933	1.35056	1.35059			6
2025.07.25	01:33:01.537	1.35057	1.35060			6
2025.07.25	01:33:01.852	1.35058	1.35061			6
2025.07.25	01:33:02.161	1.35057	1.35060			6
2025.07.25	01:33:05.536	1.35058	1.35061			6
2025.07.25	01:33:06.461	1.35057	1.35060			6
2025.07.25	01:33:07.078	1.35058	1.35061			6
2025.07.25	01:33:07.380	1.35057				2
2025.07.25	01:33:07.993	1.35056	1.35060			6
2025.07.25	01:33:08.305	1.35057	1.35062			6
2025.07.25	01:33:09.227	1.35056	1.35061			6
2025.07.25	01:33:09.531	1.35057	1.35062			6
2025.07.25	01:33:10.160		1.35061			4
2025.07.25	01:33:11.081	1.35056	1.35060			6
2025.07.25	01:33:11.391	1.35058	1.35061			6
2025.07.25	01:33:11.696	1.35057	1.35060			6
2025.07.25	01:33:12.316	1.35056	1.35062			6
2025.07.25	01:33:12.619	1.35055				2
2025.07.25	01:33:13.545	1.35056	1.35063			6
2025.07.25	01:33:14.171	1.35055				2
2025.07.25	01:33:15.097	1.35056	1.35062			6
2025.07.25	01:33:15.404	1.35055	1.35061			6
2025.07.25	01:33:16.339		1.35062			4
2025.07.25	01:33:17.260		1.35061			4
2025.07.25	01:33:18.185	1.35056	1.35060			6
2025.07.25	01:33:19.110	1.35057	1.35061			6
2025.07.25	01:33:19.422	1.35056	1.35060			6
2025.07.25	01:33:20.345	1.35057				2
2025.07.25	01:33:20.962	1.35058	1.35061			6
2025.07.25	01:33:30.117	1.35057	1.35060			6
2025.07.25	01:33:31.040	1.35054	1.35057			6
2025.07.25	01:33:31.651		1.35056			4
2025.07.25	01:33:31.952		1.35057			4
2025.07.25	01:33:32.255		1.35062			4
2025.07.25	01:33:35.043	1.35053	1.35059			6
2025.07.25	01:33:35.354	1.35052				2
2025.07.25	01:33:41.216		1.35058			4
2025.07.25	01:33:42.144		1.35057			4
2025.07.25	01:33:42.450		1.35056			4
2025.07.25	01:33:44.307		1.35055			4
2025.07.25	01:33:47.342	1.35053	1.35056			6
2025.07.25	01:33:52.847	1.35052	1.35055			6
2025.07.25	01:34:00.228	1.35052				2
2025.07.25	01:34:03.283	1.35053	1.35056			6
2025.07.25	01:34:06.021	1.35052	1.35055			6
2025.07.25	01:34:06.328	1.35053	1.35056			6
2025.07.25	01:34:14.271	1.35052	1.35055			6
2025.07.25	01:34:45.029	1.35053	1.35056			6
2025.07.25	01:34:55.163	1.35052	1.35055			6
2025.07.25	01:34:56.399	1.35051				2
2025.07.25	01:34:58.250	1.35052				2
2025.07.25	01:35:00.102	1.35052				2
2025.07.25	01:35:02.268	1.35053	1.35056			6
2025.07.25	01:35:13.047	1.35052	1.35055			6
2025.07.25	01:35:16.437	1.35053	1.35056			6
2025.07.25	01:35:17.375	1.35052	1.35057			6
2025.07.25	01:35:17.984	1.35053	1.35058			6
2025.07.25	01:35:18.298	1.35051				2
2025.07.25	01:35:19.230	1.35052				2
2025.07.25	01:35:20.461	1.35051	1.35057			6
2025.07.25	01:35:21.390		1.35058			4
2025.07.25	01:35:22.620		1.35057			4
2025.07.25	01:35:22.929		1.35058			4
2025.07.25	01:35:23.548	1.35052				2
2025.07.25	01:35:35.272		1.35057			4
2025.07.25	01:35:36.198		1.35058			4
2025.07.25	01:35:39.592	1.35053				2
2025.07.25	01:35:39.902	1.35052				2
2025.07.25	01:35:41.137	1.35053				2
2025.07.25	01:35:42.385		1.35057			4
2025.07.25	01:35:43.289	1.35054				2
2025.07.25	01:35:47.880	1.35053	1.35056			6
2025.07.25	01:35:48.188	1.35052				2
2025.07.25	01:35:49.113	1.35053				2
2025.07.25	01:35:55.186	1.35052	1.35055			6
2025.07.25	01:35:55.487	1.35053	1.35056			6
2025.07.25	01:36:00.073	1.35053				2
2025.07.25	01:36:07.426	1.35054	1.35057			6
2025.07.25	01:36:26.660	1.35053	1.35056			6
2025.07.25	01:36:26.963		1.35055			4
2025.07.25	01:36:27.569		1.35056			4
2025.07.25	01:36:59.702	1.35054	1.35057			6
2025.07.25	01:37:00.018	1.35053	1.35056			6
2025.07.25	01:37:29.339	1.35052	1.35057			6
2025.07.25	01:37:30.283		1.35056			4
2025.07.25	01:37:33.367	1.35053				2
2025.07.25	01:38:00.206	1.35053				2
2025.07.25	01:38:03.282	1.35051				2
2025.07.25	01:38:05.134	1.35050				2
2025.07.25	01:38:11.006		1.35057			4
2025.07.25	01:38:13.799		1.35058			4
2025.07.25	01:38:15.655		1.35057			4
2025.07.25	01:38:15.964		1.35058			4
2025.07.25	01:38:16.887		1.35056			4
2025.07.25	01:38:23.368	1.35051				2
2025.07.25	01:38:24.297		1.35055			4
2025.07.25	01:38:27.349	1.35052				2
2025.07.25	01:38:29.504	1.35053	1.35056			6
2025.07.25	01:38:30.408	1.35052	1.35055			6
2025.07.25	01:38:30.716	1.35053	1.35056			6
2025.07.25	01:38:38.318	1.35052	1.35055			6
2025.07.25	01:38:39.236	1.35050	1.35057			6
2025.07.25	01:38:40.154	1.35051				2
2025.07.25	01:38:40.463	1.35050	1.35056			6
2025.07.25	01:38:41.391	1.35051				2
2025.07.25	01:38:42.316		1.35055			4
2025.07.25	01:38:44.170	1.35052				2
2025.07.25	01:38:47.530	1.35054	1.35057			6
2025.07.25	01:38:47.838	1.35053	1.35056			6
2025.07.25	01:38:52.129	1.35052				2
2025.07.25	01:38:53.983	1.35051	1.35055			6
2025.07.25	01:38:54.290	1.35052				2
2025.07.25	01:38:55.215	1.35051				2
2025.07.25	01:38:56.131	1.35052				2
2025.07.25	01:38:59.175	1.35053	1.35056			6
2025.07.25	01:39:00.085	1.35053				2
2025.07.25	01:39:04.681	1.35052	1.35055			6
2025.07.25	01:39:05.292	1.35051	1.35058			6
2025.07.25	01:39:06.211		1.35057			4
2025.07.25	01:39:07.142		1.35056			4
2025.07.25	01:39:07.759		1.35057			4
2025.07.25	01:39:13.927	1.35050				2
2025.07.25	01:39:18.225		1.35056			4
2025.07.25	01:39:18.835	1.35051				2
2025.07.25	01:39:20.383		1.35055			4
2025.07.25	01:39:21.291	1.35052				2
2025.07.25	01:39:25.865	1.35053	1.35056			6
2025.07.25	01:39:52.728	1.35054	1.35057			6
2025.07.25	01:39:53.347	1.35052				2
2025.07.25	01:39:54.278	1.35053				2
2025.07.25	01:39:56.435	1.35054				2
2025.07.25	01:39:56.744	1.35053				2
2025.07.25	01:39:57.676	1.35054				2
2025.07.25	01:40:00.146	1.35055				2
2025.07.25	01:40:03.225	1.35054				2
2025.07.25	01:40:04.133	1.35053				2
2025.07.25	01:40:06.281	1.35054				2
2025.07.25	01:40:07.201	1.35052				2
2025.07.25	01:40:08.119	1.35051				2
2025.07.25	01:40:09.361	1.35052				2
2025.07.25	01:40:10.278		1.35056			4
2025.07.25	01:40:11.205	1.35053				2
2025.07.25	01:40:12.734	1.35052	1.35055			6
2025.07.25	01:40:13.345	1.35049	1.35056			6
2025.07.25	01:40:16.130	1.35050				2
2025.07.25	01:40:17.364	1.35051				2
2025.07.25	01:40:18.288		1.35055			4
2025.07.25	01:40:19.209	1.35052				2
2025.07.25	01:40:21.048	1.35053	1.35056			6
2025.07.25	01:40:21.360	1.35052	1.35057			6
2025.07.25	01:40:22.276		1.35056			4
2025.07.25	01:40:23.203	1.35053				2
2025.07.25	01:40:23.817	1.35052	1.35055			6
2025.07.25	01:40:24.121	1.35050	1.35056			6
2025.07.25	01:40:32.128	1.35049	1.35055			6
2025.07.25	01:40:32.435	1.35050				2
2025.07.25	01:40:43.236		1.35054			4
2025.07.25	01:40:45.378		1.35053			4
2025.07.25	01:40:47.541	1.35051	1.35054			6
2025.07.25	01:40:52.420	1.35054	1.35057			6
2025.07.25	01:40:53.327	1.35053				2
2025.07.25	01:40:54.233	1.35051				2
2025.07.25	01:40:54.540		1.35058			4
2025.07.25	01:40:56.389	1.35052	1.35057			6
2025.07.25	01:40:56.700		1.35058			4
2025.07.25	01:40:59.173	1.35053				2
2025.07.25	01:40:59.794		1.35057			4
2025.07.25	01:41:00.103	1.35053				2
2025.07.25	01:41:02.237	1.35054				2
2025.07.25	01:41:10.783	1.35053	1.35056			6
2025.07.25	01:41:24.521	1.35054	1.35057			6
2025.07.25	01:41:37.620	1.35053	1.35056			6
2025.07.25	01:42:00.178	1.35053				2
2025.07.25	01:42:30.197	1.35054	1.35057			6
2025.07.25	01:42:30.813	1.35053	1.35056			6
2025.07.25	01:42:31.123	1.35052	1.35058			6
2025.07.25	01:42:34.217	1.35053				2
2025.07.25	01:42:35.150	1.35052	1.35056			6
2025.07.25	01:42:36.386	1.35051	1.35058			6
2025.07.25	01:42:38.552		1.35057			4
2025.07.25	01:42:40.407		1.35058			4
2025.07.25	01:42:41.340		1.35057			4
2025.07.25	01:42:42.268	1.35052				2
2025.07.25	01:42:43.199		1.35056			4
2025.07.25	01:42:45.358	1.35053				2
2025.07.25	01:42:47.192	1.35052				2
2025.07.25	01:42:47.804	1.35053	1.35057			6
2025.07.25	01:42:48.117	1.35052	1.35058			6
2025.07.25	01:42:48.731		1.35057			4
2025.07.25	01:42:49.353		1.35058			4
2025.07.25	01:42:51.823	1.35051				2
2025.07.25	01:42:59.254		1.35057			4
2025.07.25	01:43:00.183	1.35051				2
2025.07.25	01:43:01.108		1.35058			4
2025.07.25	01:43:01.409		1.35057			4
2025.07.25	01:43:06.332	1.35052				2
2025.07.25	01:43:07.264		1.35056			4
2025.07.25	01:43:10.309	1.35053				2
2025.07.25	01:43:16.106	1.35052	1.35055			6
2025.07.25	01:43:38.986	1.35053	1.35056			6
2025.07.25	01:43:39.296	1.35052	1.35055			6
2025.07.25	01:43:47.853	1.35053	1.35056			6
2025.07.25	01:43:49.380	1.35051	1.35057			6
2025.07.25	01:43:51.239	1.35052				2
2025.07.25	01:43:52.167		1.35056			4
2025.07.25	01:43:54.324	1.35053				2
2025.07.25	01:44:00.129	1.35052				2
2025.07.25	01:44:01.352	1.35053				2
2025.07.25	01:44:06.230	1.35052				2
2025.07.25	01:44:07.157	1.35053				2
2025.07.25	01:44:13.549	1.35051	1.35052			6
2025.07.25	01:44:13.857	1.35048	1.35051			6
2025.07.25	01:44:14.159	1.35045	1.35052			6
2025.07.25	01:44:15.075	1.35046	1.35053			6
2025.07.25	01:44:16.629		1.35052			4
2025.07.25	01:44:17.552	1.35051	1.35056			6
2025.07.25	01:44:17.863	1.35050				2
2025.07.25	01:44:22.803		1.35057			4
2025.07.25	01:44:25.264		1.35056			4
2025.07.25	01:44:26.193	1.35051				2
2025.07.25	01:44:26.810		1.35055			4
2025.07.25	01:44:31.140	1.35052				2
2025.07.25	01:44:31.444	1.35054	1.35057			6
2025.07.25	01:44:31.749	1.35053	1.35056			6
2025.07.25	01:44:32.360	1.35052				2
2025.07.25	01:44:34.192	1.35053				2
2025.07.25	01:44:35.427	1.35054	1.35057			6
2025.07.25	01:44:35.730	1.35053	1.35056			6
2025.07.25	01:44:36.036	1.35054	1.35057			6
2025.07.25	01:44:36.338	1.35053	1.35056			6
2025.07.25	01:44:36.943	1.35054	1.35057			6
2025.07.25	01:44:37.250	1.35053	1.35056			6
2025.07.25	01:44:37.551	1.35054	1.35057			6
2025.07.25	01:44:37.855	1.35053	1.35056			6
2025.07.25	01:44:38.156	1.35054	1.35057			6
2025.07.25	01:44:38.461	1.35053	1.35056			6
2025.07.25	01:44:39.066	1.35054	1.35057			6
2025.07.25	01:44:42.105	1.35053	1.35056			6
2025.07.25	01:44:42.412	1.35054	1.35057			6
2025.07.25	01:44:43.029	1.35053	1.35056			6
2025.07.25	01:44:45.781	1.35051	1.35054			6
2025.07.25	01:44:46.391	1.35050	1.35056			6
2025.07.25	01:44:46.697		1.35054			4
2025.07.25	01:44:47.309	1.35055	1.35056			6
2025.07.25	01:44:48.231	1.35050	1.35054			6
2025.07.25	01:44:48.538	1.35055	1.35056			6
2025.07.25	01:44:48.853	1.35050	1.35054			6
2025.07.25	01:44:49.162	1.35054	1.35055			6
2025.07.25	01:44:49.477	1.35050	1.35054			6
2025.07.25	01:44:49.791	1.35054	1.35055			6
2025.07.25	01:44:50.094	1.35050	1.35054			6
2025.07.25	01:44:50.715	1.35054	1.35055			6
2025.07.25	01:44:51.018	1.35050	1.35054			6
2025.07.25	01:44:51.325	1.35051				2
2025.07.25	01:45:00.205	1.35051				2
2025.07.25	01:45:15.769	1.35052	1.35055			6
2025.07.25	01:45:22.473	1.35051	1.35054			6
2025.07.25	01:45:23.388		1.35056			4
2025.07.25	01:45:24.309	1.35049				2
2025.07.25	01:45:26.150	1.35050				2
2025.07.25	01:45:27.391	1.35051				2
2025.07.25	01:45:28.319		1.35055			4
2025.07.25	01:45:30.172	1.35052				2
2025.07.25	01:45:35.047	1.35054	1.35057			6
2025.07.25	01:45:35.351	1.35056	1.35059			6
2025.07.25	01:45:35.653		1.35058			4
2025.07.25	01:45:36.263	1.35053				2
2025.07.25	01:45:37.799	1.35054	1.35059			6
2025.07.25	01:45:38.107	1.35053				2
2025.07.25	01:45:41.804	1.35052	1.35058			6
2025.07.25	01:45:42.126		1.35057			4
2025.07.25	01:45:42.434	1.35051				2
2025.07.25	01:45:47.369		1.35058			4
2025.07.25	01:45:48.300		1.35057			4
2025.07.25	01:45:49.223		1.35056			4
2025.07.25	01:45:50.146		1.35055			4
2025.07.25	01:45:52.267	1.35052				2
2025.07.25	01:46:00.169	1.35052				2
2025.07.25	01:46:03.252	1.35055	1.35058			6
2025.07.25	01:46:03.556	1.35056	1.35059			6
2025.07.25	01:46:04.161	1.35054	1.35060			6
2025.07.25	01:46:05.066	1.35055				2
2025.07.25	01:46:05.372	1.35054				2
2025.07.25	01:46:12.196	1.35055				2
2025.07.25	01:46:13.124		1.35059			4
2025.07.25	01:46:13.427	1.35054	1.35058			6
2025.07.25	01:46:14.351	1.35055				2
2025.07.25	01:46:16.191	1.35056	1.35059			6
2025.07.25	01:46:38.796	1.35055	1.35058			6
2025.07.25	01:46:46.397	1.35054	1.35057			6
2025.07.25	01:46:47.314	1.35053	1.35056			6
2025.07.25	01:46:57.104		1.35058			4
2025.07.25	01:46:58.347		1.35057			4
2025.07.25	01:47:00.205	1.35054				2
2025.07.25	01:47:03.578	1.35055	1.35058			6
2025.07.25	01:47:03.883	1.35054	1.35057			6
2025.07.25	01:47:05.111	1.35055	1.35058			6
2025.07.25	01:47:05.415	1.35054	1.35057			6
2025.07.25	01:47:09.092	1.35057	1.35060			6
2025.07.25	01:47:09.398	1.35056	1.35059			6
2025.07.25	01:47:09.700	1.35055	1.35058			6
2025.07.25	01:47:17.323	1.35056	1.35059			6
2025.07.25	01:47:17.926	1.35055	1.35058			6
2025.07.25	01:47:18.231	1.35056	1.35059			6
2025.07.25	01:47:18.531		1.35058			4
2025.07.25	01:47:19.456	1.35055				2
2025.07.25	01:47:19.764	1.35052	1.35055			6
2025.07.25	01:47:20.379	1.35050	1.35057			6
2025.07.25	01:47:21.293		1.35055			4
2025.07.25	01:47:22.524		1.35056			4
2025.07.25	01:47:27.797	1.35053	1.35058			6
2025.07.25	01:47:28.100		1.35059			4
2025.07.25	01:47:35.180		1.35058			4
2025.07.25	01:47:37.338		1.35057			4
2025.07.25	01:47:38.264	1.35054				2
2025.07.25	01:47:51.408	1.35053	1.35056			6
2025.07.25	01:47:51.709	1.35054	1.35057			6
2025.07.25	01:47:55.047	1.35053	1.35056			6
2025.07.25	01:47:56.262	1.35054	1.35057			6
2025.07.25	01:48:00.217	1.35054				2
2025.07.25	01:48:13.053	1.35053	1.35056			6
2025.07.25	01:48:13.971	1.35052	1.35055			6
2025.07.25	01:48:24.077	1.35053	1.35056			6
2025.07.25	01:48:24.382	1.35052				2
2025.07.25	01:48:26.225	1.35053				2
2025.07.25	01:48:31.413	1.35052	1.35055			6
2025.07.25	01:48:49.177	1.35053	1.35056			6
2025.07.25	01:48:53.144	1.35054	1.35057			6
2025.07.25	01:48:57.472	1.35055	1.35058			6
2025.07.25	01:49:00.265	1.35055				2
2025.07.25	01:49:01.192	1.35054	1.35057			6
2025.07.25	01:49:26.425	1.35059	1.35061			6
2025.07.25	01:49:26.731	1.35056	1.35059			6
2025.07.25	01:49:27.355	1.35055	1.35058			6
2025.07.25	01:49:28.282	1.35052	1.35059			6
2025.07.25	01:49:34.168	1.35053				2
2025.07.25	01:49:35.404	1.35054				2
2025.07.25	01:49:36.330		1.35058			4
2025.07.25	01:49:38.177	1.35055				2
2025.07.25	01:49:39.114	1.35054				2
2025.07.25	01:49:40.338	1.35055				2
2025.07.25	01:49:47.083	1.35054	1.35057			6
2025.07.25	01:49:52.301	1.35055	1.35058			6
2025.07.25	01:49:55.365	1.35054	1.35059			6
2025.07.25	01:49:56.288		1.35058			4
2025.07.25	01:49:57.209	1.35055				2
2025.07.25	01:50:00.271	1.35055				2
2025.07.25	01:50:05.157	1.35054				2
2025.07.25	01:50:06.384	1.35055				2
2025.07.25	01:50:06.687	1.35059	1.35061			6
2025.07.25	01:50:06.994	1.35058	1.35060			6
2025.07.25	01:50:07.297	1.35057				2
2025.07.25	01:50:08.222	1.35054				2
2025.07.25	01:50:08.532		1.35055			4
2025.07.25	01:50:08.842		1.35060			4
2025.07.25	01:50:09.150		1.35055			4
2025.07.25	01:50:09.458		1.35060			4
2025.07.25	01:50:09.761		1.35055			4
2025.07.25	01:50:10.072		1.35060			4
2025.07.25	01:50:11.004		1.35055			4
2025.07.25	01:50:11.937		1.35060			4
2025.07.25	01:50:14.417	1.35056	1.35061			6
2025.07.25	01:50:20.282	1.35057				2
2025.07.25	01:50:22.126	1.35058				2
2025.07.25	01:50:24.263	1.35059				2
2025.07.25	01:50:35.279	1.35060				2
2025.07.25	01:50:44.136	1.35064	1.35067			6
2025.07.25	01:50:44.439	1.35065	1.35068			6
2025.07.25	01:50:45.372	1.35061				2
2025.07.25	01:50:46.292		1.35069			4
2025.07.25	01:50:50.314	1.35062				2
2025.07.25	01:50:51.239	1.35061	1.35067			6
2025.07.25	01:50:51.543	1.35059	1.35066			6
2025.07.25	01:50:53.705	1.35060				2
2025.07.25	01:50:59.232		1.35065			4
2025.07.25	01:51:00.158	1.35060				2
2025.07.25	01:51:00.464	1.35061	1.35066			6
2025.07.25	01:51:00.766	1.35062				2
2025.07.25	01:51:02.315	1.35061				2
2025.07.25	01:51:02.621	1.35060				2
2025.07.25	01:51:02.923	1.35061				2
2025.07.25	01:51:03.237	1.35060	1.35065			6
2025.07.25	01:51:06.320		1.35064			4
2025.07.25	01:51:07.857	1.35061	1.35065			6
2025.07.25	01:51:08.170	1.35062				2
2025.07.25	01:51:08.479	1.35063	1.35066			6
2025.07.25	01:51:08.782	1.35062	1.35065			6
2025.07.25	01:51:09.095	1.35061				2
2025.07.25	01:51:10.627	1.35060	1.35064			6
2025.07.25	01:51:11.232	1.35061				2
2025.07.25	01:51:17.333	1.35060	1.35063			6
2025.07.25	01:51:17.948	1.35061	1.35064			6
2025.07.25	01:51:18.249	1.35060	1.35063			6
2025.07.25	01:51:19.157	1.35061	1.35064			6
2025.07.25	01:51:20.674	1.35060	1.35063			6
2025.07.25	01:51:27.692	1.35061	1.35064			6
2025.07.25	01:51:27.999	1.35060	1.35063			6
2025.07.25	01:51:28.606	1.35061	1.35064			6
2025.07.25	01:51:36.553	1.35060	1.35063			6
2025.07.25	01:51:38.996	1.35062	1.35065			6
2025.07.25	01:51:39.302	1.35063	1.35066			6
2025.07.25	01:51:40.225	1.35060				2
2025.07.25	01:51:41.145	1.35061				2
2025.07.25	01:51:42.082	1.35053	1.35058			6
2025.07.25	01:51:42.390	1.35054				2
2025.07.25	01:51:43.319	1.35050	1.35057			6
2025.07.25	01:51:43.625		1.35058			4
2025.07.25	01:51:45.481		1.35057			4
2025.07.25	01:51:45.787		1.35058			4
2025.07.25	01:51:46.404		1.35057			4
2025.07.25	01:51:46.712		1.35058			4
2025.07.25	01:51:48.569		1.35057			4
2025.07.25	01:51:48.885		1.35058			4
2025.07.25	01:51:50.115	1.35051				2
2025.07.25	01:51:52.275	1.35052				2
2025.07.25	01:51:54.125	1.35054	1.35059			6
2025.07.25	01:51:55.361		1.35058			4
2025.07.25	01:51:56.898	1.35056	1.35060			6
2025.07.25	01:51:57.204	1.35057				2
2025.07.25	01:51:58.122	1.35056				2
2025.07.25	01:51:58.424	1.35057	1.35061			6
2025.07.25	01:51:59.338	1.35058				2
2025.07.25	01:52:00.251	1.35058				2
2025.07.25	01:52:00.556	1.35057	1.35060			6
2025.07.25	01:52:12.167	1.35056	1.35059			6
2025.07.25	01:52:14.007	1.35051	1.35054			6
2025.07.25	01:52:15.233	1.35050	1.35056			6
2025.07.25	01:52:17.385		1.35055			4
2025.07.25	01:52:19.229		1.35054			4
2025.07.25	01:52:21.394	1.35051				2
2025.07.25	01:53:00.291	1.35051				2
2025.07.25	01:53:19.246		1.35054			4
2025.07.25	01:53:22.647	1.35052	1.35055			6
2025.07.25	01:53:22.954	1.35051	1.35054			6
2025.07.25	01:53:25.741	1.35052	1.35055			6
2025.07.25	01:53:27.587	1.35051	1.35054			6
2025.07.25	01:53:32.563	1.35052	1.35055			6
2025.07.25	01:53:48.046	1.35051	1.35054			6
2025.07.25	01:53:56.088	1.35052	1.35055			6
2025.07.25	01:54:00.097	1.35052				2
2025.07.25	01:54:03.483	1.35051	1.35054			6
2025.07.25	01:54:09.348	1.35052	1.35055			6
2025.07.25	01:54:19.850	1.35051	1.35054			6
2025.07.25	01:54:20.158	1.35052	1.35055			6
2025.07.25	01:54:46.773	1.35051	1.35054			6
2025.07.25	01:54:47.081	1.35047	1.35050			6
2025.07.25	01:54:47.389	1.35042	1.35052			6
2025.07.25	01:54:52.372	1.35043				2
2025.07.25	01:54:54.219	1.35044				2
2025.07.25	01:54:56.378	1.35045				2
2025.07.25	01:54:57.307		1.35051			4
2025.07.25	01:54:58.234	1.35046				2
2025.07.25	01:55:00.105	1.35046	1.35050			6
2025.07.25	01:55:02.260	1.35047				2
2025.07.25	01:55:08.365	1.35046	1.35049			6
2025.07.25	01:55:08.665	1.35052	1.35055			6
