<DATE>	<TIME>	<BID>	<ASK>	<LAST>	<VOLUME>	<FLAGS>
2025.07.02	00:03:31.031	1.37443	1.37503			6
2025.07.02	00:03:32.792	1.37444				2
2025.07.02	00:04:01.799	1.37444				2
2025.07.02	00:04:31.803		1.37503			4
2025.07.02	00:05:01.798	1.37444				2
2025.07.02	00:05:31.804		1.37503			4
2025.07.02	00:06:00.868	1.37444				2
2025.07.02	00:06:32.264		1.37503			4
2025.07.02	00:07:00.400	1.37444				2
2025.07.02	00:07:11.561	1.37446				2
2025.07.02	00:07:32.265		1.37503			4
2025.07.02	00:08:02.268	1.37446				2
2025.07.02	00:08:51.799		1.37503			4
2025.07.02	00:09:00.356	1.37446				2
2025.07.02	00:09:51.799		1.37503			4
2025.07.02	00:10:00.308	1.37446				2
2025.07.02	00:10:02.372		1.37502			4
2025.07.02	00:10:02.980		1.37503			4
2025.07.02	00:10:06.617	1.37423	1.37469			6
2025.07.02	00:10:06.930	1.37446	1.37494			6
2025.07.02	00:10:07.845		1.37503			4
2025.07.02	00:10:12.340	1.37423	1.37513			6
2025.07.02	00:10:54.268	1.37439	1.37503			6
2025.07.02	00:10:54.882	1.37446				2
2025.07.02	00:11:00.575	1.37446				2
2025.07.02	00:11:01.433	1.37423	1.37513			6
2025.07.02	00:11:02.055	1.37446	1.37503			6
2025.07.02	00:11:08.689	1.37423	1.37513			6
2025.07.02	00:11:09.305	1.37446	1.37503			6
2025.07.02	00:11:15.589	1.37423	1.37513			6
2025.07.02	00:11:16.516	1.37446	1.37503			6
2025.07.02	00:11:22.882	1.37423	1.37513			6
2025.07.02	00:11:23.497	1.37446	1.37503			6
2025.07.02	00:11:29.881	1.37423	1.37513			6
2025.07.02	00:11:30.495	1.37446	1.37503			6
2025.07.02	00:12:01.956	1.37446				2
2025.07.02	00:12:31.079		1.37503			4
2025.07.02	00:13:02.265	1.37446				2
2025.07.02	00:13:31.798		1.37503			4
2025.07.02	00:14:02.269	1.37446				2
2025.07.02	00:14:32.264		1.37503			4
2025.07.02	00:15:00.305	1.37444				2
2025.07.02	00:16:34.943	1.37444	1.37498			6
2025.07.02	00:16:40.417		1.37503			4
2025.07.02	00:17:02.263	1.37444				2
2025.07.02	00:17:40.779		1.37503			4
2025.07.02	00:18:02.243	1.37444				2
2025.07.02	00:18:21.400		1.37498			4
2025.07.02	00:19:04.476	1.37444				2
2025.07.02	00:19:21.807		1.37498			4
2025.07.02	00:19:45.342		1.37503			4
2025.07.02	00:20:00.518	1.37444	1.37500			6
2025.07.02	00:20:45.202		1.37501			4
2025.07.02	00:21:00.298	1.37444				2
2025.07.02	00:21:45.288		1.37501			4
2025.07.02	00:22:00.071	1.37444				2
2025.07.02	00:22:47.086		1.37501			4
2025.07.02	00:23:02.378	1.37444				2
2025.07.02	00:23:16.478		1.37495			4
2025.07.02	00:24:01.781	1.37444				2
2025.07.02	00:24:18.882		1.37495			4
2025.07.02	00:24:21.686		1.37500			4
2025.07.02	00:24:25.695		1.37501			4
2025.07.02	00:24:37.273	1.37411				2
2025.07.02	00:24:38.835	1.37427	1.37519			6
2025.07.02	00:24:39.144		1.37520			4
2025.07.02	00:24:39.446		1.37519			4
2025.07.02	00:24:39.753	1.37444	1.37497			6
2025.07.02	00:24:40.646		1.37500			4
2025.07.02	00:24:44.040		1.37495			4
2025.07.02	00:25:02.357	1.37444				2
2025.07.02	00:25:51.258		1.37495			4
2025.07.02	00:26:02.979	1.37444				2
2025.07.02	00:26:37.525		1.37499			4
2025.07.02	00:26:38.761		1.37495			4
2025.07.02	00:27:01.524	1.37444				2
2025.07.02	00:27:21.690		1.37499			4
2025.07.02	00:27:31.562		1.37495			4
2025.07.02	00:28:00.824	1.37444				2
2025.07.02	00:28:21.684		1.37499			4
2025.07.02	00:28:51.732		1.37497			4
2025.07.02	00:29:00.759	1.37444				2
2025.07.02	00:29:31.684		1.37501			4
2025.07.02	00:29:59.200		1.37498			4
2025.07.02	00:30:00.383	1.37444	1.37493			6
2025.07.02	00:30:13.021		1.37498			4
2025.07.02	00:30:17.081	1.37442				2
2025.07.02	00:30:33.305	1.37434				2
2025.07.02	00:31:00.280	1.37434				2
2025.07.02	00:31:17.423		1.37498			4
2025.07.02	00:32:01.372	1.37434				2
2025.07.02	00:32:19.119		1.37498			4
2025.07.02	00:32:42.243	1.37444				2
2025.07.02	00:33:00.227	1.37444				2
2025.07.02	00:33:22.264		1.37498			4
2025.07.02	00:33:39.314	1.37434				2
2025.07.02	00:34:07.176	1.37434				2
2025.07.02	00:34:25.682		1.37498			4
2025.07.02	00:34:31.721		1.37497			4
2025.07.02	00:34:41.584		1.37498			4
2025.07.02	00:34:42.309	1.37444	1.37497			6
2025.07.02	00:34:51.548		1.37498			4
2025.07.02	00:34:54.450		1.37497			4
2025.07.02	00:35:00.306	1.37444				2
2025.07.02	00:35:02.764		1.37498			4
2025.07.02	00:35:03.464		1.37497			4
2025.07.02	00:35:10.228	1.37437	1.37498			6
2025.07.02	00:35:10.962		1.37497			4
2025.07.02	00:35:12.242	1.37435				2
2025.07.02	00:35:18.377		1.37498			4
2025.07.02	00:36:01.862	1.37435				2
2025.07.02	00:36:07.711	1.37437	1.37496			6
2025.07.02	00:37:02.660	1.37437				2
2025.07.02	00:37:08.420		1.37496			4
2025.07.02	00:37:30.391	1.37433				2
2025.07.02	00:37:31.738	1.37432	1.37494			6
2025.07.02	00:37:32.431	1.37434				2
2025.07.02	00:37:51.145	1.37431				2
2025.07.02	00:37:51.834		1.37492			4
2025.07.02	00:38:02.663	1.37431				2
2025.07.02	00:38:23.749	1.37433				2
2025.07.02	00:38:52.264		1.37492			4
2025.07.02	00:39:01.377	1.37433				2
2025.07.02	00:39:08.260	1.37443				2
2025.07.02	00:39:09.701	1.37433				2
2025.07.02	00:39:10.687	1.37443				2
2025.07.02	00:39:32.663	1.37433				2
2025.07.02	00:39:53.114		1.37492			4
2025.07.02	00:40:09.451	1.37443				2
2025.07.02	00:40:09.769	1.37433				2
2025.07.02	00:40:11.686	1.37443				2
2025.07.02	00:40:13.063	1.37433				2
2025.07.02	00:40:14.386	1.37443				2
2025.07.02	00:40:15.304	1.37433	1.37490			6
2025.07.02	00:41:01.803	1.37433				2
2025.07.02	00:41:17.663		1.37490			4
2025.07.02	00:42:00.418	1.37433				2
2025.07.02	00:42:20.380		1.37490			4
2025.07.02	00:42:22.149	1.37444				2
2025.07.02	00:42:24.693	1.37433				2
2025.07.02	00:42:33.277	1.37434	1.37500			6
2025.07.02	00:42:33.670		1.37499			4
2025.07.02	00:42:35.512		1.37500			4
2025.07.02	00:42:38.681		1.37499			4
2025.07.02	00:42:51.303		1.37497			4
2025.07.02	00:42:52.231	1.37435	1.37490			6
2025.07.02	00:43:02.081	1.37435				2
2025.07.02	00:43:52.776		1.37490			4
2025.07.02	00:44:00.877	1.37435				2
2025.07.02	00:44:54.882		1.37490			4
2025.07.02	00:45:01.782	1.37435				2
2025.07.02	00:45:02.226	1.37405	1.37495			6
2025.07.02	00:45:04.703	1.37435	1.37490			6
2025.07.02	00:45:10.568	1.37451	1.37474			6
2025.07.02	00:45:13.018		1.37476			4
2025.07.02	00:45:26.545		1.37486			4
2025.07.02	00:45:30.838	1.37457	1.37490			6
2025.07.02	00:45:31.143	1.37440	1.37487			6
2025.07.02	00:45:31.457	1.37452				2
2025.07.02	00:45:31.766		1.37490			4
2025.07.02	00:45:32.380		1.37489			4
2025.07.02	00:45:35.457		1.37487			4
2025.07.02	00:45:35.763		1.37490			4
2025.07.02	00:45:36.068		1.37488			4
2025.07.02	00:45:37.923		1.37490			4
2025.07.02	00:45:38.236		1.37487			4
2025.07.02	00:45:38.544		1.37489			4
2025.07.02	00:45:40.386		1.37490			4
2025.07.02	00:45:41.619		1.37489			4
2025.07.02	00:45:47.773		1.37490			4
2025.07.02	00:45:53.622		1.37489			4
2025.07.02	00:45:54.239		1.37490			4
2025.07.02	00:45:54.853		1.37489			4
2025.07.02	00:45:57.620		1.37490			4
2025.07.02	00:46:00.084	1.37452				2
2025.07.02	00:46:02.851		1.37489			4
2025.07.02	00:46:15.786		1.37488			4
2025.07.02	00:46:18.253		1.37485			4
2025.07.02	00:46:18.555		1.37490			4
2025.07.02	00:46:20.714		1.37488			4
2025.07.02	00:46:21.325		1.37490			4
2025.07.02	00:46:26.258		1.37489			4
2025.07.02	00:46:26.569		1.37490			4
2025.07.02	00:46:27.189		1.37486			4
2025.07.02	00:46:28.422		1.37490			4
2025.07.02	00:46:28.730		1.37485			4
2025.07.02	00:46:29.037		1.37486			4
2025.07.02	00:46:30.274		1.37490			4
2025.07.02	00:46:33.666		1.37489			4
2025.07.02	00:46:37.058		1.37490			4
2025.07.02	00:46:37.986		1.37489			4
2025.07.02	00:47:00.202	1.37452	1.37488			6
2025.07.02	00:47:01.436		1.37489			4
2025.07.02	00:47:02.054	1.37431				2
2025.07.02	00:47:04.521	1.37452				2
2025.07.02	00:47:18.705	1.37453	1.37480			6
2025.07.02	00:47:21.165	1.37452	1.37487			6
2025.07.02	00:47:21.780		1.37488			4
2025.07.02	00:47:23.624		1.37487			4
2025.07.02	00:47:24.551	1.37453	1.37482			6
2025.07.02	00:47:27.631		1.37487			4
2025.07.02	00:47:27.943		1.37485			4
2025.07.02	00:47:28.556		1.37486			4
2025.07.02	00:47:31.343	1.37454	1.37483			6
2025.07.02	00:47:34.738	1.37455	1.37472			6
2025.07.02	00:47:39.991	1.37453	1.37484			6
2025.07.02	00:47:43.081	1.37455	1.37480			6
2025.07.02	00:48:00.063	1.37455				2
2025.07.02	00:48:43.276		1.37480			4
2025.07.02	00:49:00.155	1.37455				2
2025.07.02	00:49:43.017	1.37444				2
2025.07.02	00:49:43.323		1.37480			4
2025.07.02	00:50:00.295	1.37444				2
2025.07.02	00:50:23.416	1.37443				2
2025.07.02	00:50:43.448		1.37480			4
2025.07.02	00:51:00.103	1.37443				2
2025.07.02	00:51:02.264	1.37442				2
2025.07.02	00:51:06.266	1.37443	1.37476			6
2025.07.02	00:51:21.351	1.37442	1.37480			6
2025.07.02	00:52:00.164	1.37442				2
2025.07.02	00:52:13.103	1.37446				2
2025.07.02	00:52:21.432		1.37480			4
2025.07.02	00:53:00.267	1.37446				2
2025.07.02	00:53:05.513	1.37449				2
2025.07.02	00:53:21.537		1.37480			4
2025.07.02	00:54:00.055	1.37449				2
2025.07.02	00:54:21.611		1.37480			4
2025.07.02	00:54:33.625	1.37451				2
2025.07.02	00:55:00.119	1.37451				2
2025.07.02	00:55:00.433	1.37454				2
2025.07.02	00:55:03.207	1.37438				2
2025.07.02	00:55:21.407	1.37439				2
2025.07.02	00:55:21.719	1.37438	1.37480			6
2025.07.02	00:55:22.019	1.37454	1.37490			6
2025.07.02	00:55:25.104		1.37485			4
2025.07.02	00:55:25.405	1.37455				2
2025.07.02	00:55:41.743		1.37483			4
2025.07.02	00:56:00.231	1.37455				2
2025.07.02	00:56:19.957		1.37482			4
2025.07.02	00:56:22.733		1.37483			4
2025.07.02	00:56:23.045		1.37482			4
2025.07.02	00:57:00.014	1.37455				2
2025.07.02	00:57:09.846		1.37484			4
2025.07.02	00:57:10.164		1.37482			4
2025.07.02	00:57:21.854		1.37483			4
2025.07.02	00:57:22.165		1.37482			4
2025.07.02	00:57:25.244		1.37483			4
2025.07.02	00:57:26.166	1.37435				2
2025.07.02	00:57:32.628		1.37485			4
2025.07.02	00:57:46.785		1.37484			4
2025.07.02	00:57:55.097		1.37483			4
2025.07.02	00:58:00.023	1.37435				2
2025.07.02	00:58:15.087		1.37485			4
2025.07.02	00:58:15.391		1.37484			4
2025.07.02	00:58:16.924		1.37485			4
2025.07.02	00:58:33.568		1.37484			4
2025.07.02	00:58:36.029		1.37485			4
2025.07.02	00:58:44.355	1.37436				2
2025.07.02	00:58:49.292	1.37435				2
2025.07.02	00:58:49.596		1.37484			4
2025.07.02	00:58:53.900		1.37485			4
2025.07.02	00:58:54.823		1.37484			4
2025.07.02	00:59:00.062	1.37435				2
2025.07.02	00:59:02.222	1.37451				2
2025.07.02	00:59:12.084	1.37455				2
2025.07.02	00:59:14.242	1.37437	1.37485			6
2025.07.02	00:59:21.330	1.37454	1.37486			6
2025.07.02	00:59:22.878		1.37487			4
2025.07.02	00:59:23.189		1.37488			4
2025.07.02	00:59:24.416		1.37486			4
2025.07.02	00:59:34.584		1.37487			4
2025.07.02	00:59:54.616		1.37488			4
2025.07.02	00:59:54.927		1.37486			4
2025.07.02	01:00:00.166	1.37458	1.37464			6
2025.07.02	01:00:00.472	1.37463	1.37467			6
2025.07.02	01:00:00.776	1.37462	1.37469			6
2025.07.02	01:00:01.081	1.37465	1.37472			6
2025.07.02	01:00:01.387	1.37464	1.37480			6
2025.07.02	01:00:02.001	1.37459	1.37487			6
2025.07.02	01:00:02.305	1.37462	1.37478			6
2025.07.02	01:00:02.606	1.37463	1.37479			6
2025.07.02	01:00:03.217	1.37462	1.37478			6
2025.07.02	01:00:03.524	1.37452	1.37493			6
2025.07.02	01:00:03.830	1.37463	1.37479			6
2025.07.02	01:00:04.148	1.37468	1.37475			6
2025.07.02	01:00:04.453	1.37469	1.37476			6
2025.07.02	01:00:04.762	1.37468	1.37475			6
2025.07.02	01:00:05.370	1.37467	1.37474			6
2025.07.02	01:00:07.798	1.37463	1.37487			6
2025.07.02	01:00:08.100	1.37467	1.37474			6
2025.07.02	01:00:10.239	1.37466	1.37473			6
2025.07.02	01:00:11.467	1.37467	1.37474			6
2025.07.02	01:00:12.379	1.37466	1.37473			6
2025.07.02	01:00:12.996	1.37465	1.37472			6
2025.07.02	01:00:13.303	1.37466	1.37473			6
2025.07.02	01:00:14.828	1.37465	1.37472			6
2025.07.02	01:00:15.132	1.37464	1.37471			6
2025.07.02	01:00:15.442	1.37465	1.37472			6
2025.07.02	01:00:18.804	1.37466	1.37473			6
2025.07.02	01:00:19.111	1.37467	1.37474			6
2025.07.02	01:00:19.423	1.37466	1.37473			6
2025.07.02	01:00:20.035	1.37465	1.37472			6
2025.07.02	01:00:20.342	1.37466	1.37473			6
2025.07.02	01:00:21.567	1.37465	1.37472			6
2025.07.02	01:00:22.174	1.37466	1.37473			6
2025.07.02	01:00:22.477	1.37465	1.37472			6
2025.07.02	01:00:25.240	1.37464	1.37471			6
2025.07.02	01:00:26.466	1.37465	1.37472			6
2025.07.02	01:00:28.293	1.37466	1.37473			6
2025.07.02	01:00:29.526	1.37465	1.37472			6
2025.07.02	01:00:29.827	1.37464				2
2025.07.02	01:00:30.132	1.37463				2
2025.07.02	01:00:30.744	1.37464				2
2025.07.02	01:00:31.360		1.37473			4
2025.07.02	01:00:31.972		1.37472			4
2025.07.02	01:00:32.277	1.37463				2
2025.07.02	01:00:35.975	1.37462	1.37471			6
2025.07.02	01:00:47.100		1.37463			4
2025.07.02	01:00:47.716	1.37461	1.37462			6
2025.07.02	01:00:52.604	1.37460	1.37461			6
2025.07.02	01:00:53.528		1.37462			4
2025.07.02	01:00:54.451		1.37461			4
2025.07.02	01:00:55.375	1.37461	1.37462			6
2025.07.02	01:00:55.680	1.37460	1.37461			6
2025.07.02	01:01:00.246	1.37460				2
2025.07.02	01:01:00.551	1.37458	1.37460			6
2025.07.02	01:01:04.849		1.37459			4
2025.07.02	01:01:12.162	1.37457	1.37458			6
2025.07.02	01:01:14.587	1.37458	1.37459			6
2025.07.02	01:01:15.195	1.37457	1.37458			6
2025.07.02	01:01:21.315	1.37456	1.37457			6
2025.07.02	01:01:24.346	1.37445	1.37448			6
2025.07.02	01:01:24.655	1.37444				2
2025.07.02	01:01:25.278		1.37445			4
2025.07.02	01:01:26.200		1.37448			4
2025.07.02	01:01:26.505		1.37445			4
2025.07.02	01:01:31.695	1.37443	1.37444			6
2025.07.02	01:01:33.224	1.37442	1.37443			6
2025.07.02	01:01:33.836	1.37443	1.37444			6
2025.07.02	01:01:35.049	1.37444	1.37445			6
2025.07.02	01:01:38.100	1.37443	1.37444			6
2025.07.02	01:01:42.678	1.37442	1.37443			6
2025.07.02	01:01:45.434	1.37443	1.37444			6
2025.07.02	01:01:48.181	1.37442	1.37443			6
2025.07.02	01:01:50.320	1.37443	1.37444			6
2025.07.02	01:01:52.761	1.37442	1.37443			6
2025.07.02	01:01:53.368	1.37443	1.37444			6
2025.07.02	01:01:58.538	1.37442	1.37443			6
2025.07.02	01:01:58.840	1.37443	1.37444			6
2025.07.02	01:02:00.063	1.37443				2
2025.07.02	01:02:00.678	1.37442	1.37443			6
2025.07.02	01:02:01.889	1.37443	1.37444			6
2025.07.02	01:02:02.195	1.37442	1.37443			6
2025.07.02	01:02:06.153	1.37443	1.37444			6
2025.07.02	01:02:11.325	1.37442	1.37443			6
2025.07.02	01:02:39.713	1.37439	1.37441			6
2025.07.02	01:02:40.020		1.37440			4
2025.07.02	01:02:47.080	1.37438	1.37439			6
2025.07.02	01:02:48.601	1.37439	1.37440			6
2025.07.02	01:02:58.659	1.37438	1.37439			6
2025.07.02	01:03:00.192	1.37438				2
2025.07.02	01:03:00.495	1.37439	1.37440			6
2025.07.02	01:03:05.079	1.37438	1.37439			6
2025.07.02	01:03:07.537	1.37439	1.37440			6
2025.07.02	01:03:10.898	1.37438	1.37439			6
2025.07.02	01:03:14.255	1.37439	1.37440			6
2025.07.02	01:03:26.457	1.37437	1.37438			6
2025.07.02	01:03:27.071	1.37436	1.37437			6
2025.07.02	01:04:00.272	1.37436				2
2025.07.02	01:04:00.579	1.37437	1.37440			6
2025.07.02	01:04:00.879	1.37438	1.37441			6
2025.07.02	01:04:02.090	1.37437	1.37440			6
2025.07.02	01:04:02.394	1.37435	1.37436			6
2025.07.02	01:04:02.696	1.37436	1.37437			6
2025.07.02	01:04:03.605	1.37437	1.37438			6
2025.07.02	01:04:07.272		1.37439			4
2025.07.02	01:04:12.778	1.37436				2
2025.07.02	01:04:13.085	1.37437	1.37440			6
2025.07.02	01:04:13.391	1.37436	1.37439			6
2025.07.02	01:04:13.704	1.37435	1.37438			6
2025.07.02	01:04:18.876	1.37436	1.37439			6
2025.07.02	01:04:20.992	1.37435	1.37438			6
2025.07.02	01:04:22.833		1.37437			4
2025.07.02	01:04:23.137		1.37438			4
2025.07.02	01:04:28.616	1.37436	1.37439			6
2025.07.02	01:04:28.918	1.37434	1.37435			6
2025.07.02	01:04:29.229		1.37436			4
2025.07.02	01:04:29.534		1.37435			4
2025.07.02	01:04:31.075		1.37436			4
2025.07.02	01:04:32.298		1.37435			4
2025.07.02	01:04:34.134	1.37432				2
2025.07.02	01:04:34.437	1.37434	1.37436			6
2025.07.02	01:04:34.740		1.37435			4
2025.07.02	01:04:41.472	1.37429	1.37431			6
2025.07.02	01:04:41.776		1.37432			4
2025.07.02	01:04:46.073		1.37431			4
2025.07.02	01:04:48.232	1.37430	1.37433			6
2025.07.02	01:04:50.688	1.37429	1.37432			6
2025.07.02	01:04:51.607	1.37428	1.37431			6
2025.07.02	01:04:55.298	1.37427	1.37430			6
2025.07.02	01:04:55.609	1.37428	1.37431			6
2025.07.02	01:04:56.843	1.37427	1.37430			6
2025.07.02	01:04:57.759	1.37428	1.37431			6
2025.07.02	01:04:59.302	1.37427	1.37430			6
2025.07.02	01:05:00.223	1.37427				2
2025.07.02	01:05:01.454	1.37428	1.37431			6
2025.07.02	01:05:03.304	1.37429	1.37432			6
2025.07.02	01:05:12.825	1.37430	1.37433			6
2025.07.02	01:05:16.518	1.37429	1.37432			6
2025.07.02	01:05:30.700	1.37427	1.37430			6
2025.07.02	01:05:36.548	1.37428	1.37431			6
2025.07.02	01:05:36.856	1.37427	1.37430			6
2025.07.02	01:05:44.561	1.37430	1.37433			6
2025.07.02	01:05:46.110	1.37429	1.37432			6
2025.07.02	01:05:53.538	1.37428	1.37431			6
2025.07.02	01:05:53.850	1.37427	1.37430			6
2025.07.02	01:05:54.772	1.37428	1.37431			6
2025.07.02	01:05:56.011	1.37427	1.37430			6
2025.07.02	01:06:00.044	1.37427				2
2025.07.02	01:06:08.715	1.37428	1.37431			6
2025.07.02	01:06:09.328	1.37427	1.37430			6
2025.07.02	01:06:45.556	1.37426	1.37429			6
2025.07.02	01:06:45.865	1.37427	1.37430			6
2025.07.02	01:07:00.046	1.37427				2
2025.07.02	01:07:03.443	1.37428	1.37431			6
2025.07.02	01:07:06.229	1.37429	1.37432			6
2025.07.02	01:07:21.955	1.37428	1.37431			6
2025.07.02	01:07:26.264	1.37432	1.37433			6
2025.07.02	01:07:26.568	1.37437	1.37440			6
2025.07.02	01:07:27.180	1.37438	1.37441			6
2025.07.02	01:07:34.312	1.37437	1.37440			6
2025.07.02	01:08:00.222	1.37437				2
2025.07.02	01:08:25.163	1.37438	1.37441			6
2025.07.02	01:08:26.700	1.37437	1.37440			6
2025.07.02	01:08:38.667	1.37438	1.37441			6
2025.07.02	01:08:41.437	1.37437	1.37440			6
2025.07.02	01:08:47.614	1.37438	1.37441			6
2025.07.02	01:08:48.237	1.37439	1.37442			6
2025.07.02	01:09:00.219	1.37439				2
2025.07.02	01:09:34.561	1.37438	1.37441			6
2025.07.02	01:09:36.106	1.37439	1.37442			6
2025.07.02	01:09:37.334	1.37438	1.37441			6
2025.07.02	01:09:54.592	1.37439	1.37442			6
2025.07.02	01:10:00.160	1.37439				2
2025.07.02	01:10:10.064	1.37438	1.37441			6
2025.07.02	01:10:32.985	1.37439	1.37442			6
2025.07.02	01:10:33.298	1.37437	1.37440			6
2025.07.02	01:10:34.537	1.37438	1.37441			6
2025.07.02	01:10:45.216	1.37440	1.37443			6
2025.07.02	01:10:54.522	1.37438	1.37441			6
2025.07.02	01:10:55.136	1.37439	1.37442			6
2025.07.02	01:10:58.847	1.37438	1.37441			6
2025.07.02	01:11:00.089	1.37438				2
2025.07.02	01:11:04.415	1.37437	1.37440			6
2025.07.02	01:11:05.033	1.37436	1.37439			6
2025.07.02	01:11:05.349	1.37437	1.37440			6
2025.07.02	01:11:06.276	1.37438	1.37441			6
2025.07.02	01:11:07.204	1.37437	1.37440			6
2025.07.02	01:11:20.514	1.37436	1.37439			6
2025.07.02	01:11:22.369	1.37437	1.37440			6
2025.07.02	01:11:22.680	1.37436	1.37439			6
2025.07.02	01:11:22.992	1.37437	1.37440			6
2025.07.02	01:11:41.540		1.37438			4
2025.07.02	01:11:41.845		1.37439			4
2025.07.02	01:11:46.178		1.37440			4
2025.07.02	01:11:50.496		1.37439			4
2025.07.02	01:11:50.808		1.37438			4
2025.07.02	01:11:51.124		1.37439			4
2025.07.02	01:12:00.095	1.37437				2
2025.07.02	01:12:03.179	1.37438	1.37441			6
2025.07.02	01:12:03.489	1.37437	1.37440			6
2025.07.02	01:12:05.655		1.37439			4
2025.07.02	01:12:07.518		1.37440			4
2025.07.02	01:12:11.531		1.37439			4
2025.07.02	01:12:12.156	1.37439	1.37440			6
2025.07.02	01:12:12.469	1.37438	1.37441			6
2025.07.02	01:12:13.093	1.37437	1.37440			6
2025.07.02	01:12:22.695	1.37438	1.37441			6
2025.07.02	01:12:23.316	1.37437	1.37440			6
2025.07.02	01:12:30.711	1.37438	1.37441			6
2025.07.02	01:12:33.174	1.37439	1.37442			6
2025.07.02	01:12:33.479	1.37438	1.37441			6
2025.07.02	01:12:36.530	1.37439				2
2025.07.02	01:12:38.984		1.37442			4
2025.07.02	01:12:47.874		1.37441			4
2025.07.02	01:12:52.785		1.37442			4
2025.07.02	01:12:59.215		1.37441			4
2025.07.02	01:13:00.140	1.37439				2
2025.07.02	01:13:03.211		1.37442			4
2025.07.02	01:13:10.350	1.37438	1.37441			6
2025.07.02	01:13:13.446	1.37439	1.37442			6
2025.07.02	01:13:23.662	1.37438	1.37441			6
2025.07.02	01:13:31.744	1.37440	1.37443			6
2025.07.02	01:13:32.057	1.37446	1.37449			6
2025.07.02	01:13:33.296	1.37448				2
2025.07.02	01:13:46.315	1.37446				2
2025.07.02	01:13:46.624		1.37448			4
2025.07.02	01:13:47.556		1.37449			4
2025.07.02	01:13:47.864		1.37448			4
2025.07.02	01:13:56.538		1.37449			4
2025.07.02	01:14:00.230	1.37446				2
2025.07.02	01:14:02.080	1.37447	1.37450			6
2025.07.02	01:14:07.917	1.37446	1.37449			6
2025.07.02	01:14:10.993	1.37447	1.37450			6
2025.07.02	01:14:13.140	1.37446	1.37449			6
2025.07.02	01:14:29.417	1.37448	1.37450			6
2025.07.02	01:14:31.889		1.37449			4
2025.07.02	01:14:49.768		1.37450			4
2025.07.02	01:14:51.004		1.37449			4
2025.07.02	01:14:52.238	1.37446				2
2025.07.02	01:14:54.401	1.37447	1.37450			6
2025.07.02	01:14:58.089	1.37446	1.37449			6
2025.07.02	01:15:00.234	1.37446				2
2025.07.02	01:15:13.170	1.37447	1.37450			6
2025.07.02	01:15:14.096	1.37446	1.37449			6
2025.07.02	01:15:14.409		1.37448			4
2025.07.02	01:15:16.562		1.37449			4
2025.07.02	01:15:16.877		1.37448			4
2025.07.02	01:15:21.202		1.37449			4
2025.07.02	01:15:23.348	1.37445	1.37448			6
2025.07.02	01:15:23.969	1.37446	1.37449			6
2025.07.02	01:15:24.583	1.37445	1.37448			6
2025.07.02	01:15:24.885	1.37443	1.37446			6
2025.07.02	01:15:25.187		1.37445			4
2025.07.02	01:15:26.117	1.37445	1.37446			6
2025.07.02	01:15:26.726	1.37443	1.37445			6
2025.07.02	01:15:27.027		1.37446			4
2025.07.02	01:15:27.639	1.37444	1.37447			6
2025.07.02	01:15:28.256	1.37443	1.37446			6
2025.07.02	01:15:28.563	1.37441	1.37444			6
2025.07.02	01:15:29.185	1.37440	1.37443			6
2025.07.02	01:15:29.490	1.37441	1.37444			6
2025.07.02	01:15:29.796	1.37442	1.37445			6
2025.07.02	01:15:30.719	1.37441	1.37444			6
2025.07.02	01:15:32.259	1.37442	1.37445			6
2025.07.02	01:15:32.566	1.37441	1.37444			6
2025.07.02	01:15:33.494	1.37442	1.37445			6
2025.07.02	01:15:38.726	1.37441	1.37444			6
2025.07.02	01:15:40.267	1.37442	1.37445			6
2025.07.02	01:15:40.575	1.37441	1.37444			6
2025.07.02	01:15:44.276		1.37443			4
2025.07.02	01:15:47.385		1.37444			4
2025.07.02	01:15:49.873		1.37443			4
2025.07.02	01:15:52.045	1.37440				2
2025.07.02	01:15:52.666	1.37441				2
2025.07.02	01:15:55.151		1.37444			4
2025.07.02	01:15:55.456		1.37443			4
2025.07.02	01:15:55.764		1.37444			4
2025.07.02	01:15:56.078		1.37443			4
2025.07.02	01:15:56.383		1.37444			4
2025.07.02	01:15:56.997		1.37443			4
2025.07.02	01:15:57.309		1.37444			4
2025.07.02	01:15:57.616		1.37443			4
2025.07.02	01:16:00.067	1.37439	1.37442			6
2025.07.02	01:16:00.991	1.37440	1.37443			6
2025.07.02	01:16:01.296	1.37436	1.37439			6
2025.07.02	01:16:01.604	1.37437	1.37440			6
2025.07.02	01:16:01.919	1.37436	1.37439			6
2025.07.02	01:16:02.528	1.37437	1.37440			6
2025.07.02	01:16:05.909	1.37438	1.37441			6
2025.07.02	01:16:06.526	1.37437	1.37440			6
2025.07.02	01:16:06.831	1.37436	1.37439			6
2025.07.02	01:16:07.746	1.37437	1.37440			6
2025.07.02	01:16:08.671	1.37436	1.37439			6
2025.07.02	01:16:15.131	1.37437	1.37440			6
2025.07.02	01:16:15.744	1.37435	1.37438			6
2025.07.02	01:16:17.909	1.37436	1.37439			6
2025.07.02	01:16:18.225	1.37432	1.37434			6
2025.07.02	01:16:19.469	1.37431	1.37432			6
2025.07.02	01:16:19.779	1.37428	1.37431			6
2025.07.02	01:16:20.386	1.37429	1.37432			6
2025.07.02	01:16:20.691	1.37428	1.37431			6
2025.07.02	01:16:20.996	1.37430	1.37433			6
2025.07.02	01:16:21.924	1.37431				2
2025.07.02	01:16:22.229	1.37430				2
2025.07.02	01:16:22.846	1.37433	1.37434			6
2025.07.02	01:16:23.153	1.37435	1.37437			6
2025.07.02	01:16:23.463		1.37438			4
2025.07.02	01:16:24.393		1.37441			4
2025.07.02	01:16:25.324		1.37442			4
2025.07.02	01:16:28.124		1.37441			4
2025.07.02	01:16:31.832	1.37429	1.37434			6
2025.07.02	01:16:32.151		1.37433			4
2025.07.02	01:16:32.468		1.37435			4
2025.07.02	01:16:32.772	1.37430	1.37434			6
2025.07.02	01:16:33.074	1.37432	1.37436			6
2025.07.02	01:16:33.379		1.37438			4
2025.07.02	01:16:35.545		1.37439			4
2025.07.02	01:16:35.860		1.37438			4
2025.07.02	01:16:36.164		1.37439			4
2025.07.02	01:16:38.330		1.37440			4
2025.07.02	01:16:38.651		1.37439			4
2025.07.02	01:16:38.956		1.37438			4
2025.07.02	01:16:39.267		1.37440			4
2025.07.02	01:16:39.575		1.37438			4
2025.07.02	01:16:39.881		1.37439			4
2025.07.02	01:16:40.810		1.37440			4
2025.07.02	01:16:41.114		1.37439			4
2025.07.02	01:16:41.418		1.37437			4
2025.07.02	01:16:41.736		1.37438			4
2025.07.02	01:16:42.346		1.37439			4
2025.07.02	01:16:42.957		1.37438			4
2025.07.02	01:16:43.274	1.37431	1.37437			6
2025.07.02	01:16:43.579	1.37434	1.37440			6
2025.07.02	01:16:43.883		1.37441			4
2025.07.02	01:16:45.105		1.37440			4
2025.07.02	01:16:45.717		1.37441			4
2025.07.02	01:16:46.023	1.37436				2
2025.07.02	01:16:47.255		1.37443			4
2025.07.02	01:16:48.181		1.37445			4
2025.07.02	01:16:49.113		1.37444			4
2025.07.02	01:16:53.443	1.37435	1.37443			6
2025.07.02	01:16:58.102	1.37437	1.37444			6
2025.07.02	01:17:00.256	1.37437				2
2025.07.02	01:17:01.483		1.37445			4
2025.07.02	01:17:05.168		1.37444			4
2025.07.02	01:17:07.019		1.37443			4
2025.07.02	01:17:07.330		1.37444			4
2025.07.02	01:17:07.636		1.37443			4
2025.07.02	01:17:07.941		1.37444			4
2025.07.02	01:17:08.252		1.37443			4
2025.07.02	01:17:08.561		1.37444			4
2025.07.02	01:17:08.866		1.37443			4
2025.07.02	01:17:09.173		1.37444			4
2025.07.02	01:17:12.558	1.37442	1.37445			6
2025.07.02	01:17:12.864		1.37446			4
2025.07.02	01:17:13.475	1.37443				2
2025.07.02	01:17:19.346		1.37445			4
2025.07.02	01:17:21.814		1.37446			4
2025.07.02	01:17:28.254	1.37446	1.37447			6
2025.07.02	01:17:28.558	1.37444	1.37449			6
2025.07.02	01:17:28.862	1.37446	1.37450			6
2025.07.02	01:17:29.172		1.37451			4
2025.07.02	01:17:29.794		1.37452			4
2025.07.02	01:17:36.888	1.37447				2
2025.07.02	01:17:37.194		1.37451			4
2025.07.02	01:17:37.814		1.37452			4
2025.07.02	01:17:39.046	1.37446	1.37451			6
2025.07.02	01:17:39.354		1.37450			4
2025.07.02	01:17:39.661	1.37447				2
2025.07.02	01:17:40.277	1.37446	1.37451			6
2025.07.02	01:17:40.586		1.37452			4
2025.07.02	01:17:41.512	1.37445				2
2025.07.02	01:17:42.130	1.37446				2
2025.07.02	01:17:43.669	1.37445	1.37451			6
2025.07.02	01:17:44.284	1.37446	1.37452			6
2025.07.02	01:17:44.600	1.37445	1.37451			6
2025.07.02	01:17:44.906	1.37446	1.37452			6
2025.07.02	01:17:45.217	1.37445	1.37450			6
2025.07.02	01:17:45.831		1.37451			4
2025.07.02	01:17:46.138	1.37446	1.37450			6
2025.07.02	01:17:46.441		1.37452			4
2025.07.02	01:17:46.748		1.37451			4
2025.07.02	01:17:47.364		1.37452			4
2025.07.02	01:17:47.977		1.37451			4
2025.07.02	01:17:48.284		1.37452			4
2025.07.02	01:17:48.899		1.37451			4
2025.07.02	01:17:50.115	1.37447	1.37452			6
2025.07.02	01:17:51.643		1.37451			4
2025.07.02	01:17:52.248		1.37452			4
2025.07.02	01:17:54.696	1.37448	1.37453			6
2025.07.02	01:17:58.382		1.37452			4
2025.07.02	01:17:59.618	1.37445	1.37448			6
2025.07.02	01:18:00.228	1.37445	1.37449			6
2025.07.02	01:18:00.843		1.37450			4
2025.07.02	01:18:01.770		1.37451			4
2025.07.02	01:18:03.010		1.37448			4
2025.07.02	01:18:03.320	1.37444				2
2025.07.02	01:18:03.633		1.37449			4
2025.07.02	01:18:04.562		1.37450			4
2025.07.02	01:18:05.483	1.37443	1.37448			6
2025.07.02	01:18:06.404		1.37449			4
2025.07.02	01:18:06.722	1.37444				2
2025.07.02	01:18:07.335		1.37448			4
2025.07.02	01:18:11.360	1.37443				2
2025.07.02	01:18:14.765	1.37446	1.37451			6
2025.07.02	01:18:15.384	1.37445				2
2025.07.02	01:18:18.176	1.37446				2
2025.07.02	01:18:25.236		1.37450			4
2025.07.02	01:18:25.838	1.37444	1.37448			6
2025.07.02	01:18:26.146		1.37449			4
2025.07.02	01:18:27.066	1.37445	1.37450			6
2025.07.02	01:18:31.389		1.37449			4
2025.07.02	01:18:41.458	1.37446	1.37450			6
2025.07.02	01:18:43.296	1.37447				2
2025.07.02	01:18:52.135	1.37448	1.37451			6
2025.07.02	01:19:00.094	1.37448				2
2025.07.02	01:19:47.434	1.37449	1.37452			6
2025.07.02	01:19:48.661	1.37448	1.37451			6
2025.07.02	01:20:00.298	1.37447	1.37450			6
2025.07.02	01:20:10.495	1.37448	1.37451			6
2025.07.02	01:20:11.721	1.37447	1.37450			6
2025.07.02	01:20:12.038	1.37448	1.37451			6
2025.07.02	01:20:12.351	1.37447	1.37450			6
2025.07.02	01:20:18.865	1.37448	1.37451			6
2025.07.02	01:20:19.171	1.37447	1.37450			6
2025.07.02	01:20:31.822	1.37448	1.37451			6
2025.07.02	01:20:32.130	1.37447	1.37450			6
2025.07.02	01:20:36.139	1.37448	1.37451			6
2025.07.02	01:20:37.376	1.37447	1.37450			6
2025.07.02	01:20:39.846	1.37448	1.37451			6
2025.07.02	01:20:46.302	1.37447	1.37450			6
2025.07.02	01:20:48.155	1.37448	1.37451			6
2025.07.02	01:20:50.303	1.37447	1.37450			6
2025.07.02	01:20:56.172	1.37448	1.37451			6
2025.07.02	01:20:57.091	1.37447	1.37450			6
2025.07.02	01:21:00.177	1.37447				2
2025.07.02	01:21:16.546	1.37444	1.37447			6
2025.07.02	01:21:17.478		1.37446			4
2025.07.02	01:21:19.339		1.37447			4
2025.07.02	01:21:23.663	1.37446	1.37449			6
2025.07.02	01:21:24.897	1.37447	1.37450			6
2025.07.02	01:21:44.734	1.37443	1.37446			6
2025.07.02	01:21:45.040	1.37437	1.37440			6
2025.07.02	01:21:45.342	1.37436	1.37439			6
2025.07.02	01:21:46.271	1.37434	1.37441			6
2025.07.02	01:21:53.371		1.37442			4
2025.07.02	01:21:53.691		1.37441			4
2025.07.02	01:21:55.548		1.37442			4
2025.07.02	01:22:00.197	1.37434				2
2025.07.02	01:22:23.441	1.37433	1.37438			6
2025.07.02	01:22:24.370		1.37439			4
2025.07.02	01:22:31.169		1.37438			4
2025.07.02	01:22:37.976		1.37439			4
2025.07.02	01:22:38.283		1.37438			4
2025.07.02	01:22:40.153		1.37437			4
2025.07.02	01:22:48.178		1.37436			4
2025.07.02	01:22:58.277		1.37435			4
2025.07.02	01:23:00.114	1.37433				2
2025.07.02	01:23:33.405	1.37429	1.37432			6
2025.07.02	01:23:34.938	1.37428	1.37431			6
2025.07.02	01:23:37.698	1.37429	1.37432			6
2025.07.02	01:23:39.848	1.37428	1.37431			6
2025.07.02	01:24:00.283	1.37428				2
2025.07.02	01:24:17.110	1.37429	1.37432			6
2025.07.02	01:24:18.041	1.37428	1.37431			6
2025.07.02	01:24:28.131	1.37429	1.37432			6
2025.07.02	01:24:28.441	1.37428	1.37431			6
2025.07.02	01:24:31.206	1.37429	1.37432			6
2025.07.02	01:24:31.511	1.37428	1.37431			6
2025.07.02	01:24:31.813	1.37429	1.37432			6
2025.07.02	01:24:33.965	1.37428	1.37431			6
2025.07.02	01:24:34.890	1.37429	1.37432			6
2025.07.02	01:24:35.495	1.37428	1.37431			6
2025.07.02	01:24:40.396	1.37429	1.37432			6
2025.07.02	01:24:41.607	1.37428	1.37431			6
2025.07.02	01:24:45.595	1.37429	1.37432			6
2025.07.02	01:24:51.177	1.37430	1.37433			6
2025.07.02	01:24:55.516	1.37429	1.37432			6
2025.07.02	01:24:55.830	1.37428	1.37431			6
2025.07.02	01:24:57.992	1.37426	1.37428			6
2025.07.02	01:25:00.170	1.37426				2
2025.07.02	01:25:05.436	1.37427				2
2025.07.02	01:25:07.286	1.37428	1.37429			6
2025.07.02	01:25:07.594	1.37426	1.37428			6
2025.07.02	01:25:08.849	1.37427	1.37429			6
2025.07.02	01:25:09.160		1.37428			4
2025.07.02	01:25:11.334	1.37426				2
2025.07.02	01:25:19.108	1.37427	1.37429			6
2025.07.02	01:25:19.412		1.37430			4
2025.07.02	01:25:20.656		1.37429			4
2025.07.02	01:25:21.892		1.37430			4
2025.07.02	01:25:23.425		1.37429			4
2025.07.02	01:25:30.555	1.37426				2
2025.07.02	01:25:31.773	1.37425	1.37426			6
2025.07.02	01:25:48.473	1.37424				2
2025.07.02	01:25:48.786	1.37425				2
2025.07.02	01:26:00.229	1.37425				2
2025.07.02	01:26:17.882	1.37424				2
2025.07.02	01:26:25.316	1.37425				2
2025.07.02	01:26:31.837		1.37426			4
2025.07.02	01:26:57.217	1.37427	1.37428			6
2025.07.02	01:26:58.143	1.37426				2
2025.07.02	01:27:00.304	1.37426	1.37427			6
2025.07.02	01:27:04.010		1.37428			4
2025.07.02	01:27:05.863		1.37427			4
2025.07.02	01:27:06.477		1.37428			4
2025.07.02	01:27:06.790		1.37427			4
2025.07.02	01:27:07.096		1.37428			4
2025.07.02	01:27:07.409		1.37427			4
2025.07.02	01:27:07.717		1.37428			4
2025.07.02	01:27:08.021		1.37427			4
2025.07.02	01:27:08.637		1.37428			4
2025.07.02	01:27:08.939		1.37427			4
2025.07.02	01:27:09.249		1.37428			4
2025.07.02	01:27:09.554		1.37427			4
2025.07.02	01:27:11.405		1.37428			4
2025.07.02	01:27:11.717		1.37427			4
2025.07.02	01:27:23.139		1.37428			4
2025.07.02	01:27:23.443		1.37427			4
2025.07.02	01:27:29.644	1.37427	1.37428			6
2025.07.02	01:27:30.876	1.37426				2
2025.07.02	01:27:32.429		1.37427			4
2025.07.02	01:27:46.630	1.37425	1.37426			6
2025.07.02	01:27:46.932	1.37426	1.37427			6
2025.07.02	01:27:51.256	1.37425				2
2025.07.02	01:27:51.563	1.37416	1.37419			6
2025.07.02	01:27:51.869	1.37415	1.37417			6
2025.07.02	01:27:52.177		1.37421			4
2025.07.02	01:27:53.721		1.37420			4
2025.07.02	01:27:59.290		1.37421			4
2025.07.02	01:28:00.211	1.37415				2
2025.07.02	01:28:03.298		1.37422			4
2025.07.02	01:28:03.604		1.37421			4
2025.07.02	01:28:03.907	1.37416	1.37422			6
2025.07.02	01:28:04.227		1.37423			4
2025.07.02	01:28:05.153		1.37424			4
2025.07.02	01:28:06.386	1.37417	1.37425			6
2025.07.02	01:28:09.761		1.37426			4
2025.07.02	01:28:18.667	1.37415	1.37422			6
2025.07.02	01:28:21.430	1.37420	1.37427			6
2025.07.02	01:28:21.739	1.37417	1.37426			6
2025.07.02	01:28:25.145		1.37425			4
2025.07.02	01:28:25.457		1.37426			4
2025.07.02	01:28:25.771		1.37425			4
2025.07.02	01:28:26.388		1.37426			4
2025.07.02	01:28:27.636		1.37425			4
2025.07.02	01:28:28.566		1.37426			4
2025.07.02	01:28:39.388		1.37425			4
2025.07.02	01:28:39.700		1.37426			4
2025.07.02	01:28:40.004		1.37425			4
2025.07.02	01:28:43.418		1.37426			4
2025.07.02	01:28:49.916	1.37416	1.37423			6
2025.07.02	01:28:50.218	1.37415	1.37424			6
2025.07.02	01:28:53.922	1.37417	1.37426			6
2025.07.02	01:28:57.326	1.37416				2
2025.07.02	01:28:58.253	1.37417				2
2025.07.02	01:29:00.116	1.37417				2
2025.07.02	01:29:00.738	1.37416	1.37424			6
2025.07.02	01:29:01.354	1.37417	1.37427			6
2025.07.02	01:29:01.666	1.37416				2
2025.07.02	01:29:02.901	1.37417	1.37425			6
2025.07.02	01:29:03.207	1.37416				2
2025.07.02	01:29:03.521		1.37424			4
2025.07.02	01:29:04.138		1.37426			4
2025.07.02	01:29:06.939	1.37417				2
2025.07.02	01:29:07.543	1.37416				2
2025.07.02	01:29:10.026		1.37424			4
2025.07.02	01:29:10.327	1.37414	1.37420			6
2025.07.02	01:29:27.017	1.37415	1.37424			6
2025.07.02	01:29:30.693	1.37424	1.37431			6
2025.07.02	01:29:31.000	1.37427	1.37435			6
2025.07.02	01:29:31.306	1.37426				2
2025.07.02	01:29:56.017	1.37430				2
2025.07.02	01:29:56.324	1.37433	1.37439			6
2025.07.02	01:29:57.883	1.37434				2
2025.07.02	01:30:00.061	1.37434				2
2025.07.02	01:30:02.229	1.37431	1.37443			6
2025.07.02	01:30:03.152	1.37432				2
2025.07.02	01:30:04.388	1.37433	1.37444			6
2025.07.02	01:30:04.694	1.37434	1.37439			6
2025.07.02	01:30:13.673	1.37443	1.37448			6
2025.07.02	01:30:37.475	1.37438	1.37442			6
2025.07.02	01:30:37.782		1.37443			4
2025.07.02	01:30:38.103		1.37444			4
2025.07.02	01:30:39.027		1.37443			4
2025.07.02	01:30:39.331		1.37444			4
2025.07.02	01:30:45.208	1.37437	1.37445			6
2025.07.02	01:30:54.139		1.37444			4
2025.07.02	01:30:55.386		1.37443			4
2025.07.02	01:30:58.776		1.37444			4
2025.07.02	01:30:59.392		1.37443			4
2025.07.02	01:30:59.696		1.37442			4
2025.07.02	01:31:00.002	1.37437				2
2025.07.02	01:31:00.310		1.37441			4
2025.07.02	01:31:00.618		1.37440			4
2025.07.02	01:31:00.928		1.37441			4
2025.07.02	01:31:02.758		1.37444			4
2025.07.02	01:31:03.364	1.37439	1.37446			6
2025.07.02	01:31:03.667	1.37440				2
2025.07.02	01:31:04.279	1.37439				2
2025.07.02	01:31:04.904		1.37447			4
2025.07.02	01:31:05.213	1.37440				2
2025.07.02	01:31:10.139	1.37443	1.37449			6
2025.07.02	01:31:17.788	1.37444				2
2025.07.02	01:31:25.398	1.37445				2
2025.07.02	01:31:26.003	1.37444				2
2025.07.02	01:31:32.104		1.37448			4
2025.07.02	01:31:32.408	1.37440	1.37444			6
2025.07.02	01:31:32.714	1.37439	1.37443			6
2025.07.02	01:31:33.014	1.37438	1.37441			6
2025.07.02	01:31:33.316		1.37442			4
2025.07.02	01:31:35.137		1.37443			4
2025.07.02	01:31:38.182	1.37442	1.37446			6
2025.07.02	01:31:41.225	1.37440				2
2025.07.02	01:31:42.148		1.37445			4
2025.07.02	01:31:43.368	1.37439	1.37444			6
2025.07.02	01:31:43.672	1.37440	1.37445			6
2025.07.02	01:31:45.194	1.37439	1.37444			6
2025.07.02	01:31:45.499	1.37440	1.37445			6
2025.07.02	01:31:49.777	1.37443	1.37448			6
2025.07.02	01:31:50.381		1.37447			4
2025.07.02	01:31:51.306		1.37448			4
2025.07.02	01:31:55.275		1.37447			4
2025.07.02	01:31:58.947	1.37439	1.37442			6
2025.07.02	01:31:59.253		1.37443			4
2025.07.02	01:32:00.175	1.37439	1.37444			6
2025.07.02	01:32:00.480	1.37440	1.37445			6
2025.07.02	01:32:03.230		1.37444			4
2025.07.02	01:32:05.393	1.37439	1.37443			6
2025.07.02	01:32:08.127	1.37440	1.37444			6
2025.07.02	01:32:08.733	1.37438	1.37442			6
2025.07.02	01:32:09.039		1.37441			4
2025.07.02	01:32:10.260		1.37442			4
2025.07.02	01:32:19.115		1.37441			4
2025.07.02	01:32:20.946	1.37439	1.37442			6
2025.07.02	01:32:27.045	1.37438	1.37441			6
2025.07.02	01:32:31.287		1.37440			4
2025.07.02	01:32:31.588		1.37441			4
2025.07.02	01:32:32.800	1.37435	1.37438			6
2025.07.02	01:32:33.111	1.37436	1.37439			6
2025.07.02	01:32:35.872	1.37435	1.37438			6
2025.07.02	01:32:38.294	1.37436	1.37439			6
2025.07.02	01:32:39.508	1.37435	1.37438			6
2025.07.02	01:32:45.338	1.37436	1.37439			6
2025.07.02	01:32:52.964	1.37438	1.37441			6
2025.07.02	01:32:55.101	1.37439	1.37442			6
2025.07.02	01:32:55.407	1.37438	1.37441			6
2025.07.02	01:32:55.710	1.37441	1.37444			6
2025.07.02	01:32:56.317	1.37439	1.37441			6
2025.07.02	01:33:00.294	1.37439				2
2025.07.02	01:33:00.899		1.37442			4
2025.07.02	01:33:02.126		1.37441			4
2025.07.02	01:33:06.718		1.37442			4
2025.07.02	01:33:13.127		1.37441			4
2025.07.02	01:33:16.493	1.37438				2
2025.07.02	01:33:17.104		1.37440			4
2025.07.02	01:33:21.970		1.37441			4
2025.07.02	01:33:22.575		1.37440			4
2025.07.02	01:33:23.183		1.37441			4
2025.07.02	01:33:28.064		1.37440			4
2025.07.02	01:33:28.673		1.37441			4
2025.07.02	01:33:28.981	1.37439	1.37442			6
2025.07.02	01:33:34.772	1.37438	1.37441			6
2025.07.02	01:33:37.820	1.37439	1.37442			6
2025.07.02	01:33:38.129	1.37438	1.37441			6
2025.07.02	01:33:39.660	1.37439	1.37442			6
2025.07.02	01:33:40.571	1.37438	1.37441			6
2025.07.02	01:33:43.317	1.37439				2
2025.07.02	01:33:48.489	1.37438				2
2025.07.02	01:33:51.238	1.37439	1.37442			6
2025.07.02	01:34:00.129	1.37439				2
2025.07.02	01:34:01.362		1.37441			4
2025.07.02	01:34:01.664		1.37442			4
2025.07.02	01:34:03.826	1.37441				2
2025.07.02	01:34:06.901		1.37443			4
2025.07.02	01:34:07.517		1.37442			4
2025.07.02	01:34:13.969	1.37440				2
2025.07.02	01:34:16.110		1.37441			4
2025.07.02	01:34:19.175		1.37442			4
2025.07.02	01:34:24.695		1.37441			4
2025.07.02	01:34:28.065		1.37442			4
2025.07.02	01:34:31.435	1.37441				2
2025.07.02	01:34:32.972	1.37442	1.37443			6
2025.07.02	01:34:38.181		1.37444			4
2025.07.02	01:34:39.107	1.37443	1.37445			6
2025.07.02	01:34:39.718		1.37444			4
2025.07.02	01:34:40.330	1.37444	1.37446			6
2025.07.02	01:34:41.862	1.37445	1.37448			6
2025.07.02	01:34:50.455	1.37444	1.37447			6
2025.07.02	01:34:52.293	1.37445	1.37448			6
2025.07.02	01:35:00.256	1.37445				2
2025.07.02	01:35:07.013	1.37444	1.37447			6
2025.07.02	01:35:07.325	1.37445	1.37448			6
2025.07.02	01:35:29.524	1.37444	1.37447			6
2025.07.02	01:35:40.660	1.37445	1.37448			6
2025.07.02	01:35:40.975	1.37444	1.37447			6
2025.07.02	01:35:41.591	1.37445	1.37448			6
2025.07.02	01:35:44.060	1.37444	1.37447			6
2025.07.02	01:35:47.146	1.37445	1.37448			6
2025.07.02	01:35:48.071	1.37444	1.37447			6
2025.07.02	01:35:52.733	1.37445	1.37448			6
2025.07.02	01:35:59.823	1.37444	1.37447			6
2025.07.02	01:36:00.131	1.37444				2
2025.07.02	01:36:15.219	1.37445	1.37448			6
2025.07.02	01:36:30.734	1.37444	1.37447			6
2025.07.02	01:36:31.659	1.37445	1.37448			6
2025.07.02	01:36:45.966	1.37444	1.37447			6
2025.07.02	01:36:48.453	1.37445	1.37448			6
2025.07.02	01:36:56.551	1.37444	1.37447			6
2025.07.02	01:36:56.857	1.37445	1.37448			6
2025.07.02	01:36:57.797	1.37442	1.37445			6
2025.07.02	01:36:59.640	1.37443	1.37446			6
2025.07.02	01:37:00.267	1.37442	1.37445			6
2025.07.02	01:37:06.765	1.37439	1.37442			6
2025.07.02	01:37:07.074	1.37436	1.37439			6
2025.07.02	01:37:08.316	1.37437	1.37440			6
2025.07.02	01:37:08.631		1.37439			4
2025.07.02	01:37:08.937		1.37440			4
2025.07.02	01:37:09.247		1.37439			4
2025.07.02	01:37:09.554		1.37438			4
2025.07.02	01:37:12.328	1.37436	1.37439			6
2025.07.02	01:37:30.312	1.37441	1.37444			6
2025.07.02	01:37:33.405	1.37444	1.37447			6
2025.07.02	01:37:36.187	1.37443	1.37446			6
2025.07.02	01:37:43.622	1.37444	1.37447			6
2025.07.02	01:37:51.034	1.37445	1.37448			6
2025.07.02	01:37:56.911	1.37444	1.37447			6
2025.07.02	01:38:00.015	1.37444				2
2025.07.02	01:38:08.680	1.37445	1.37448			6
2025.07.02	01:38:10.227	1.37444	1.37447			6
2025.07.02	01:38:10.534	1.37445	1.37448			6
2025.07.02	01:38:20.155		1.37447			4
2025.07.02	01:38:20.460		1.37448			4
2025.07.02	01:38:31.902	1.37447	1.37449			6
2025.07.02	01:38:32.527		1.37450			4
2025.07.02	01:38:34.996	1.37446	1.37449			6
2025.07.02	01:38:57.853	1.37445	1.37448			6
2025.07.02	01:39:00.029	1.37445				2
2025.07.02	01:39:09.060	1.37446	1.37449			6
2025.07.02	01:39:10.919	1.37448	1.37451			6
2025.07.02	01:39:11.227	1.37449	1.37452			6
2025.07.02	01:39:20.538	1.37446	1.37449			6
2025.07.02	01:39:30.130	1.37445	1.37448			6
2025.07.02	01:39:36.930		1.37447			4
2025.07.02	01:39:37.235		1.37448			4
2025.07.02	01:39:43.733		1.37447			4
2025.07.02	01:39:44.038		1.37448			4
2025.07.02	01:39:46.802	1.37448	1.37450			6
2025.07.02	01:39:47.108		1.37451			4
2025.07.02	01:39:48.358	1.37447	1.37450			6
2025.07.02	01:39:52.037	1.37448				2
2025.07.02	01:39:52.343	1.37445	1.37448			6
2025.07.02	01:39:53.876		1.37447			4
2025.07.02	01:39:54.188		1.37448			4
2025.07.02	01:39:55.116	1.37446	1.37449			6
2025.07.02	01:39:55.422	1.37445	1.37448			6
2025.07.02	01:39:58.174	1.37446	1.37449			6
2025.07.02	01:39:58.483	1.37445	1.37448			6
2025.07.02	01:39:59.407	1.37446	1.37449			6
2025.07.02	01:40:00.013	1.37446				2
2025.07.02	01:40:08.607	1.37445	1.37448			6
2025.07.02	01:40:08.916	1.37446	1.37449			6
2025.07.02	01:40:09.224	1.37445	1.37448			6
2025.07.02	01:40:09.528	1.37446	1.37449			6
2025.07.02	01:40:10.145	1.37445	1.37448			6
2025.07.02	01:40:17.184	1.37446	1.37449			6
2025.07.02	01:40:26.090	1.37445	1.37448			6
2025.07.02	01:40:26.408	1.37446	1.37449			6
2025.07.02	01:40:28.546	1.37445	1.37448			6
2025.07.02	01:40:29.466	1.37446	1.37449			6
2025.07.02	01:40:30.386	1.37445	1.37448			6
2025.07.02	01:40:30.693	1.37446	1.37449			6
2025.07.02	01:40:32.227	1.37445	1.37448			6
2025.07.02	01:40:32.844	1.37446	1.37449			6
2025.07.02	01:40:33.155	1.37445	1.37448			6
2025.07.02	01:40:41.460	1.37446	1.37449			6
2025.07.02	01:40:50.370	1.37447	1.37450			6
2025.07.02	01:40:50.672	1.37448	1.37451			6
2025.07.02	01:40:52.225	1.37449	1.37452			6
2025.07.02	01:40:54.384	1.37446	1.37449			6
2025.07.02	01:41:00.263	1.37446	1.37448			6
2025.07.02	01:41:00.569		1.37449			4
2025.07.02	01:41:02.745		1.37448			4
2025.07.02	01:41:03.369	1.37447				2
2025.07.02	01:41:03.678		1.37449			4
2025.07.02	01:41:04.299		1.37448			4
2025.07.02	01:41:04.610		1.37449			4
2025.07.02	01:41:06.162		1.37448			4
2025.07.02	01:41:07.080		1.37449			4
2025.07.02	01:41:07.700	1.37446	1.37448			6
2025.07.02	01:41:08.022		1.37447			4
2025.07.02	01:41:12.975		1.37448			4
2025.07.02	01:41:14.528		1.37447			4
2025.07.02	01:41:14.832		1.37448			4
2025.07.02	01:41:15.453		1.37447			4
2025.07.02	01:41:15.762		1.37448			4
2025.07.02	01:41:17.315		1.37447			4
2025.07.02	01:41:17.622		1.37448			4
2025.07.02	01:41:19.482		1.37447			4
2025.07.02	01:41:19.797		1.37448			4
2025.07.02	01:41:20.419		1.37447			4
2025.07.02	01:41:20.734		1.37448			4
2025.07.02	01:41:21.037		1.37447			4
2025.07.02	01:41:21.351		1.37448			4
2025.07.02	01:41:22.281		1.37447			4
2025.07.02	01:41:22.589	1.37447	1.37449			6
2025.07.02	01:41:24.752		1.37448			4
2025.07.02	01:41:30.300		1.37449			4
2025.07.02	01:41:32.771	1.37449	1.37451			6
2025.07.02	01:41:35.565	1.37450				2
2025.07.02	01:41:36.505		1.37452			4
2025.07.02	01:41:42.389		1.37451			4
2025.07.02	01:41:46.432		1.37452			4
2025.07.02	01:41:47.058		1.37451			4
2025.07.02	01:41:49.522		1.37452			4
2025.07.02	01:41:52.001		1.37451			4
2025.07.02	01:41:52.311		1.37452			4
2025.07.02	01:41:52.617		1.37451			4
2025.07.02	01:42:00.016	1.37450				2
2025.07.02	01:42:04.977		1.37452			4
2025.07.02	01:42:05.291		1.37451			4
2025.07.02	01:42:09.644		1.37452			4
2025.07.02	01:42:10.265		1.37451			4
2025.07.02	01:42:11.504		1.37452			4
2025.07.02	01:42:11.806		1.37451			4
2025.07.02	01:42:12.735		1.37452			4
2025.07.02	01:42:14.293		1.37451			4
2025.07.02	01:42:21.445		1.37452			4
2025.07.02	01:42:22.676		1.37451			4
2025.07.02	01:42:23.614	1.37447	1.37450			6
2025.07.02	01:42:23.922	1.37448	1.37451			6
2025.07.02	01:42:24.240		1.37450			4
2025.07.02	01:42:24.864		1.37449			4
2025.07.02	01:42:25.171		1.37451			4
2025.07.02	01:42:25.476	1.37447	1.37449			6
2025.07.02	01:42:42.210	1.37446				2
2025.07.02	01:43:00.091	1.37446				2
2025.07.02	01:43:14.305		1.37448			4
2025.07.02	01:43:15.229	1.37445				2
2025.07.02	01:43:20.204		1.37447			4
2025.07.02	01:43:20.517		1.37448			4
2025.07.02	01:43:25.169		1.37447			4
2025.07.02	01:43:27.666		1.37448			4
2025.07.02	01:43:29.203		1.37447			4
2025.07.02	01:43:29.505		1.37448			4
2025.07.02	01:43:30.117		1.37447			4
2025.07.02	01:43:30.744		1.37448			4
2025.07.02	01:43:36.860	1.37444	1.37447			6
2025.07.02	01:43:40.236	1.37445	1.37448			6
2025.07.02	01:43:41.164	1.37444	1.37447			6
2025.07.02	01:43:50.669	1.37445	1.37448			6
2025.07.02	01:44:00.166	1.37445				2
2025.07.02	01:44:06.603	1.37453	1.37456			6
2025.07.02	01:44:06.916		1.37455			4
2025.07.02	01:44:07.222		1.37457			4
2025.07.02	01:44:07.536		1.37456			4
2025.07.02	01:44:07.843		1.37457			4
2025.07.02	01:44:08.150		1.37456			4
2025.07.02	01:44:09.391		1.37457			4
2025.07.02	01:44:09.696		1.37456			4
2025.07.02	01:44:10.002		1.37457			4
2025.07.02	01:44:10.618		1.37456			4
2025.07.02	01:44:10.937		1.37457			4
2025.07.02	01:44:11.238		1.37456			4
2025.07.02	01:44:11.546	1.37449	1.37452			6
2025.07.02	01:44:11.850	1.37445	1.37449			6
2025.07.02	01:44:12.169		1.37451			4
2025.07.02	01:44:42.016		1.37450			4
2025.07.02	01:44:42.322		1.37451			4
2025.07.02	01:44:48.763		1.37450			4
2025.07.02	01:44:49.068	1.37444	1.37451			6
2025.07.02	01:44:50.910		1.37450			4
2025.07.02	01:44:51.222		1.37451			4
2025.07.02	01:44:53.373		1.37450			4
2025.07.02	01:44:54.286		1.37449			4
2025.07.02	01:45:00.147	1.37444	1.37450			6
2025.07.02	01:45:02.008	1.37445				2
2025.07.02	01:45:03.540		1.37451			4
2025.07.02	01:45:04.161		1.37450			4
2025.07.02	01:45:04.777		1.37449			4
2025.07.02	01:45:13.710	1.37446	1.37451			6
2025.07.02	01:45:20.133		1.37450			4
2025.07.02	01:45:25.922	1.37445	1.37449			6
2025.07.02	01:45:32.339	1.37446				2
2025.07.02	01:45:51.250	1.37447	1.37450			6
2025.07.02	01:45:52.464	1.37448	1.37451			6
2025.07.02	01:46:00.105	1.37448				2
2025.07.02	01:46:09.240		1.37450			4
2025.07.02	01:46:13.520	1.37447				2
2025.07.02	01:46:13.825	1.37446	1.37449			6
2025.07.02	01:46:14.433	1.37447	1.37450			6
2025.07.02	01:46:29.707	1.37446	1.37449			6
2025.07.02	01:46:30.014	1.37452	1.37455			6
2025.07.02	01:46:30.316	1.37453	1.37456			6
2025.07.02	01:46:31.223	1.37451	1.37458			6
2025.07.02	01:46:31.835		1.37457			4
2025.07.02	01:46:33.062	1.37452	1.37458			6
2025.07.02	01:46:34.604	1.37449	1.37456			6
2025.07.02	01:46:34.915		1.37455			4
2025.07.02	01:46:35.229	1.37448	1.37456			6
2025.07.02	01:46:37.394		1.37455			4
2025.07.02	01:46:39.547		1.37454			4
2025.07.02	01:46:41.396		1.37455			4
2025.07.02	01:46:45.389		1.37454			4
2025.07.02	01:46:50.317	1.37449				2
2025.07.02	01:46:56.147		1.37453			4
2025.07.02	01:47:00.129	1.37449				2
2025.07.02	01:47:04.113	1.37450				2
2025.07.02	01:47:04.416	1.37451	1.37454			6
2025.07.02	01:47:05.331	1.37450				2
2025.07.02	01:47:06.249	1.37451				2
2025.07.02	01:47:07.163	1.37450	1.37453			6
2025.07.02	01:47:23.032	1.37445	1.37448			6
2025.07.02	01:47:23.339	1.37444				2
2025.07.02	01:47:27.323		1.37447			4
2025.07.02	01:47:27.932		1.37448			4
2025.07.02	01:47:30.091	1.37445				2
2025.07.02	01:47:30.394	1.37444	1.37447			6
2025.07.02	01:47:30.702	1.37445	1.37448			6
2025.07.02	01:47:36.190	1.37444	1.37447			6
2025.07.02	01:48:00.031	1.37444				2
2025.07.02	01:48:00.650	1.37445	1.37448			6
2025.07.02	01:48:08.299	1.37444	1.37447			6
2025.07.02	01:48:08.924	1.37445	1.37448			6
2025.07.02	01:48:09.550	1.37444	1.37447			6
2025.07.02	01:48:09.863	1.37445	1.37448			6
2025.07.02	01:48:10.170	1.37444	1.37447			6
2025.07.02	01:48:12.339	1.37445	1.37448			6
2025.07.02	01:48:24.927	1.37444	1.37447			6
2025.07.02	01:48:40.855	1.37445				2
2025.07.02	01:48:57.393		1.37448			4
2025.07.02	01:49:00.147	1.37445				2
2025.07.02	01:49:03.210		1.37447			4
2025.07.02	01:49:05.048		1.37448			4
2025.07.02	01:49:42.834	1.37444	1.37447			6
2025.07.02	01:49:54.574		1.37445			4
2025.07.02	01:49:54.876	1.37436	1.37439			6
2025.07.02	01:49:55.813	1.37437	1.37440			6
2025.07.02	01:49:56.123		1.37446			4
2025.07.02	01:49:56.738	1.37439	1.37447			6
2025.07.02	01:49:57.053		1.37448			4
2025.07.02	01:50:00.137	1.37439				2
2025.07.02	01:50:07.863	1.37440				2
2025.07.02	01:50:08.175	1.37439				2
2025.07.02	01:50:09.408	1.37440				2
2025.07.02	01:50:10.331	1.37439				2
2025.07.02	01:50:10.638	1.37440				2
2025.07.02	01:50:12.187	1.37439				2
2025.07.02	01:50:13.113	1.37440				2
2025.07.02	01:50:14.957	1.37439				2
2025.07.02	01:50:26.998	1.37440				2
2025.07.02	01:50:27.615	1.37439	1.37447			6
2025.07.02	01:50:28.852		1.37448			4
2025.07.02	01:50:32.236		1.37447			4
2025.07.02	01:50:35.013	1.37440	1.37448			6
2025.07.02	01:50:37.177	1.37441				2
2025.07.02	01:50:37.797	1.37440	1.37447			6
2025.07.02	01:50:39.648	1.37441	1.37448			6
2025.07.02	01:50:41.193		1.37447			4
2025.07.02	01:50:41.803	1.37444	1.37449			6
2025.07.02	01:50:43.346		1.37450			4
2025.07.02	01:50:49.226		1.37449			4
2025.07.02	01:50:51.386		1.37448			4
2025.07.02	01:50:55.683		1.37447			4
2025.07.02	01:51:00.248	1.37444				2
2025.07.02	01:51:01.468		1.37448			4
2025.07.02	01:51:02.087	1.37445	1.37449			6
2025.07.02	01:51:02.390	1.37444	1.37448			6
2025.07.02	01:51:03.916		1.37447			4
2025.07.02	01:51:10.341	1.37446	1.37449			6
2025.07.02	01:51:10.643	1.37445	1.37448			6
2025.07.02	01:51:11.865	1.37446	1.37449			6
2025.07.02	01:51:12.772	1.37445	1.37448			6
2025.07.02	01:51:14.906	1.37446	1.37449			6
2025.07.02	01:51:15.827	1.37445	1.37448			6
2025.07.02	01:51:17.947	1.37446	1.37449			6
2025.07.02	01:51:18.250	1.37445	1.37448			6
2025.07.02	01:51:18.865	1.37446	1.37449			6
2025.07.02	01:51:20.402	1.37445	1.37448			6
2025.07.02	01:51:42.962	1.37446				2
2025.07.02	01:51:43.871		1.37449			4
2025.07.02	01:51:45.092	1.37445	1.37448			6
2025.07.02	01:52:00.040	1.37445				2
2025.07.02	01:52:00.965	1.37444	1.37447			6
2025.07.02	01:52:01.266	1.37445				2
2025.07.02	01:52:01.572		1.37448			4
2025.07.02	01:52:01.874		1.37447			4
2025.07.02	01:52:03.394	1.37446	1.37448			6
2025.07.02	01:52:04.004	1.37447	1.37450			6
2025.07.02	01:52:04.609	1.37446	1.37448			6
2025.07.02	01:52:04.911	1.37447	1.37450			6
2025.07.02	01:52:34.545	1.37446	1.37448			6
2025.07.02	01:52:37.340		1.37449			4
2025.07.02	01:52:37.646		1.37448			4
2025.07.02	01:52:37.955		1.37449			4
2025.07.02	01:52:38.266		1.37448			4
2025.07.02	01:52:38.581		1.37449			4
2025.07.02	01:52:38.886		1.37448			4
2025.07.02	01:52:40.126		1.37449			4
2025.07.02	01:52:40.440		1.37448			4
2025.07.02	01:52:42.296		1.37449			4
2025.07.02	01:52:44.148		1.37448			4
2025.07.02	01:52:44.465		1.37449			4
2025.07.02	01:52:45.083		1.37448			4
2025.07.02	01:52:45.390	1.37447				2
2025.07.02	01:52:47.554		1.37449			4
2025.07.02	01:52:48.486		1.37448			4
2025.07.02	01:52:48.789		1.37449			4
2025.07.02	01:52:49.103		1.37448			4
2025.07.02	01:52:49.720		1.37449			4
2025.07.02	01:52:50.645		1.37448			4
2025.07.02	01:52:50.946		1.37449			4
2025.07.02	01:52:51.249		1.37448			4
2025.07.02	01:52:52.494		1.37449			4
2025.07.02	01:52:53.105		1.37448			4
2025.07.02	01:52:56.199	1.37446				2
2025.07.02	01:53:00.234	1.37446				2
2025.07.02	01:53:07.962	1.37445				2
2025.07.02	01:53:13.516	1.37446				2
2025.07.02	01:53:31.100	1.37445				2
2025.07.02	01:53:51.477	1.37446	1.37449			6
2025.07.02	01:53:54.864	1.37450	1.37453			6
2025.07.02	01:53:55.178	1.37449	1.37452			6
2025.07.02	01:53:56.719	1.37450	1.37453			6
2025.07.02	01:54:00.108	1.37450				2
2025.07.02	01:54:01.647	1.37451	1.37454			6
2025.07.02	01:54:01.956	1.37450	1.37453			6
2025.07.02	01:54:03.812	1.37451	1.37454			6
2025.07.02	01:54:04.740	1.37450	1.37453			6
2025.07.02	01:54:10.285	1.37447	1.37450			6
2025.07.02	01:54:10.598	1.37446	1.37449			6
2025.07.02	01:54:12.752	1.37445	1.37448			6
2025.07.02	01:54:15.220	1.37441	1.37444			6
2025.07.02	01:54:15.527	1.37444	1.37447			6
2025.07.02	01:54:15.832	1.37440	1.37443			6
2025.07.02	01:54:16.139	1.37438				2
2025.07.02	01:54:17.064		1.37439			4
2025.07.02	01:54:18.298		1.37441			4
2025.07.02	01:54:19.230	1.37442	1.37445			6
2025.07.02	01:54:25.406	1.37439				2
2025.07.02	01:54:26.017		1.37444			4
2025.07.02	01:54:31.527	1.37435	1.37441			6
2025.07.02	01:54:32.446		1.37439			4
2025.07.02	01:54:51.775	1.37438	1.37443			6
2025.07.02	01:54:53.000		1.37440			4
2025.07.02	01:54:57.000	1.37440	1.37444			6
2025.07.02	01:54:57.620		1.37441			4
2025.07.02	01:54:57.921	1.37438	1.37440			6
2025.07.02	01:54:59.773	1.37440	1.37444			6
2025.07.02	01:55:00.081	1.37440				2
2025.07.02	01:55:01.005		1.37446			4
2025.07.02	01:55:02.548		1.37445			4
2025.07.02	01:55:05.935	1.37438	1.37444			6
2025.07.02	01:55:10.831		1.37445			4
2025.07.02	01:55:11.450		1.37442			4
2025.07.02	01:55:14.821		1.37441			4
2025.07.02	01:55:15.733	1.37439	1.37446			6
2025.07.02	01:55:16.341		1.37445			4
2025.07.02	01:55:19.416		1.37444			4
2025.07.02	01:55:50.353		1.37443			4
2025.07.02	01:55:57.091	1.37440				2
2025.07.02	01:56:00.141	1.37440				2
2025.07.02	01:56:50.506		1.37443			4
2025.07.02	01:57:00.293	1.37440				2
2025.07.02	01:57:05.513	1.37441	1.37444			6
2025.07.02	01:57:14.689	1.37426	1.37427			6
2025.07.02	01:57:14.997	1.37427	1.37430			6
2025.07.02	01:57:15.914		1.37428			4
2025.07.02	01:57:21.168	1.37428	1.37436			6
2025.07.02	01:57:44.318	1.37426	1.37433			6
2025.07.02	01:57:44.620		1.37431			4
2025.07.02	01:57:45.556		1.37428			4
2025.07.02	01:57:46.793	1.37425				2
2025.07.02	01:57:48.037		1.37431			4
2025.07.02	01:57:48.964		1.37432			4
2025.07.02	01:58:00.098	1.37425				2
2025.07.02	01:58:00.408		1.37431			4
2025.07.02	01:58:00.729		1.37432			4
2025.07.02	01:58:01.340		1.37431			4
2025.07.02	01:58:34.110		1.37430			4
2025.07.02	01:58:42.330		1.37429			4
2025.07.02	01:58:51.194	1.37426				2
2025.07.02	01:59:00.008	1.37426				2
2025.07.02	01:59:02.166	1.37427	1.37430			6
2025.07.02	01:59:14.059	1.37428	1.37431			6
2025.07.02	01:59:18.622	1.37427	1.37430			6
2025.07.02	01:59:38.697	1.37428	1.37431			6
2025.07.02	01:59:41.443	1.37433	1.37436			6
2025.07.02	01:59:41.750	1.37431	1.37434			6
2025.07.02	01:59:52.746	1.37432	1.37435			6
2025.07.02	01:59:53.351	1.37431	1.37434			6
2025.07.02	01:59:54.273	1.37432	1.37435			6
2025.07.02	01:59:58.557	1.37431	1.37434			6
2025.07.02	02:00:00.093	1.37432				2
2025.07.02	02:00:00.401	1.37433	1.37436			6
2025.07.02	02:00:01.624	1.37431	1.37434			6
2025.07.02	02:00:01.931	1.37433	1.37436			6
2025.07.02	02:00:02.235	1.37432	1.37435			6
2025.07.02	02:00:02.536	1.37431	1.37434			6
2025.07.02	02:00:03.142	1.37430	1.37433			6
2025.07.02	02:00:08.030	1.37429	1.37432			6
2025.07.02	02:00:08.336	1.37430	1.37433			6
2025.07.02	02:00:08.646	1.37429	1.37432			6
2025.07.02	02:00:09.566	1.37431	1.37434			6
2025.07.02	02:00:10.488	1.37432	1.37435			6
2025.07.02	02:00:20.827	1.37425	1.37428			6
2025.07.02	02:00:22.347	1.37424	1.37429			6
2025.07.02	02:00:25.134		1.37428			4
2025.07.02	02:00:34.102	1.37425				2
2025.07.02	02:00:35.932	1.37430	1.37433			6
2025.07.02	02:00:37.167	1.37428	1.37434			6
2025.07.02	02:00:41.172	1.37429				2
2025.07.02	02:00:46.125	1.37427	1.37432			6
2025.07.02	02:00:47.054	1.37426	1.37431			6
2025.07.02	02:00:48.303		1.37430			4
2025.07.02	02:00:59.140	1.37427				2
2025.07.02	02:01:00.064	1.37427				2
2025.07.02	02:01:01.288	1.37428	1.37431			6
2025.07.02	02:01:02.507	1.37427	1.37430			6
2025.07.02	02:01:02.808	1.37428	1.37431			6
2025.07.02	02:01:03.114	1.37429	1.37432			6
2025.07.02	02:01:03.418	1.37428	1.37431			6
2025.07.02	02:01:04.023	1.37427	1.37430			6
2025.07.02	02:01:10.153	1.37432	1.37435			6
2025.07.02	02:01:11.372	1.37431	1.37437			6
2025.07.02	02:01:13.218		1.37436			4
2025.07.02	02:01:13.524	1.37433	1.37438			6
2025.07.02	02:01:13.825	1.37435	1.37441			6
2025.07.02	02:01:15.365		1.37442			4
2025.07.02	02:01:16.901	1.37434	1.37441			6
2025.07.02	02:01:17.212		1.37440			4
2025.07.02	02:01:17.515	1.37435	1.37442			6
2025.07.02	02:01:18.128	1.37433	1.37440			6
2025.07.02	02:01:26.740		1.37439			4
2025.07.02	02:01:27.672	1.37432				2
2025.07.02	02:01:28.283	1.37436	1.37442			6
2025.07.02	02:01:29.516	1.37434	1.37440			6
2025.07.02	02:01:29.821		1.37441			4
2025.07.02	02:01:34.169	1.37435				2
2025.07.02	02:01:40.348	1.37434	1.37440			6
2025.07.02	02:01:41.264	1.37435				2
2025.07.02	02:01:46.185		1.37439			4
2025.07.02	02:01:54.142	1.37436				2
2025.07.02	02:02:00.242	1.37436				2
2025.07.02	02:02:12.138	1.37437	1.37440			6
2025.07.02	02:02:12.446	1.37441	1.37444			6
2025.07.02	02:02:13.364	1.37440				2
2025.07.02	02:02:13.670	1.37441	1.37445			6
2025.07.02	02:02:19.210	1.37442				2
2025.07.02	02:02:33.569	1.37441	1.37444			6
2025.07.02	02:02:50.077	1.37442	1.37445			6
2025.07.02	02:02:56.206	1.37441	1.37444			6
2025.07.02	02:03:00.207	1.37441				2
2025.07.02	02:03:00.513	1.37442	1.37445			6
2025.07.02	02:03:01.738	1.37444	1.37447			6
2025.07.02	02:03:02.652	1.37440	1.37443			6
2025.07.02	02:03:03.875	1.37441	1.37444			6
2025.07.02	02:03:07.592	1.37440	1.37443			6
2025.07.02	02:03:13.143	1.37441	1.37444			6
2025.07.02	02:03:27.438	1.37440	1.37443			6
2025.07.02	02:03:31.450	1.37439	1.37442			6
2025.07.02	02:03:41.367	1.37438	1.37441			6
2025.07.02	02:03:55.308	1.37439	1.37442			6
2025.07.02	02:04:00.269	1.37439				2
2025.07.02	02:04:04.307	1.37440	1.37443			6
2025.07.02	02:04:07.717	1.37439	1.37442			6
2025.07.02	02:04:08.035	1.37440	1.37443			6
2025.07.02	02:04:10.200	1.37439	1.37442			6
2025.07.02	02:04:11.452	1.37440	1.37443			6
2025.07.02	02:04:19.206	1.37439	1.37442			6
2025.07.02	02:04:34.092	1.37440	1.37443			6
2025.07.02	02:04:35.334	1.37439	1.37442			6
2025.07.02	02:04:36.264	1.37434	1.37437			6
2025.07.02	02:04:38.432	1.37433	1.37436			6
2025.07.02	02:04:41.241	1.37431	1.37434			6
2025.07.02	02:04:41.867	1.37430	1.37433			6
2025.07.02	02:04:43.416	1.37429	1.37432			6
2025.07.02	02:04:44.035	1.37428	1.37431			6
2025.07.02	02:04:56.372	1.37429	1.37432			6
2025.07.02	02:04:59.741	1.37428	1.37431			6
2025.07.02	02:05:00.064	1.37428				2
2025.07.02	02:05:09.283	1.37429	1.37432			6
2025.07.02	02:05:16.975	1.37430	1.37433			6
2025.07.02	02:05:20.693	1.37429	1.37432			6
2025.07.02	02:05:21.615	1.37430	1.37433			6
2025.07.02	02:05:25.008	1.37429	1.37432			6
2025.07.02	02:05:27.771	1.37430	1.37433			6
2025.07.02	02:05:28.080	1.37433	1.37436			6
2025.07.02	02:05:28.393	1.37425	1.37428			6
2025.07.02	02:05:28.696	1.37426	1.37429			6
2025.07.02	02:05:29.616	1.37428	1.37431			6
2025.07.02	02:05:36.075	1.37427	1.37430			6
2025.07.02	02:05:37.920	1.37426	1.37429			6
2025.07.02	02:05:49.622	1.37428	1.37431			6
2025.07.02	02:05:49.925	1.37429	1.37432			6
2025.07.02	02:06:00.092	1.37429				2
2025.07.02	02:06:13.935	1.37430	1.37433			6
2025.07.02	02:06:17.325	1.37428	1.37430			6
2025.07.02	02:06:17.626	1.37426	1.37429			6
2025.07.02	02:06:17.951	1.37427	1.37430			6
2025.07.02	02:06:26.320	1.37431	1.37434			6
2025.07.02	02:06:27.572	1.37432	1.37435			6
2025.07.02	02:06:30.365	1.37431	1.37434			6
2025.07.02	02:06:33.470	1.37427	1.37430			6
2025.07.02	02:06:34.391	1.37426	1.37431			6
2025.07.02	02:06:37.460	1.37425	1.37430			6
2025.07.02	02:06:40.225		1.37429			4
2025.07.02	02:06:40.530	1.37426				2
2025.07.02	02:06:42.377	1.37428	1.37432			6
2025.07.02	02:06:43.299		1.37433			4
2025.07.02	02:06:45.150	1.37429	1.37434			6
2025.07.02	02:06:47.303		1.37433			4
2025.07.02	02:06:48.835	1.37428	1.37432			6
2025.07.02	02:06:50.067	1.37429	1.37433			6
2025.07.02	02:06:52.823	1.37428	1.37432			6
2025.07.02	02:06:54.052	1.37427	1.37430			6
2025.07.02	02:06:54.367	1.37428				2
2025.07.02	02:06:55.296	1.37427				2
2025.07.02	02:06:55.608	1.37426				2
2025.07.02	02:06:58.368	1.37427				2
2025.07.02	02:07:00.222	1.37427				2
2025.07.02	02:07:01.150	1.37425	1.37428			6
2025.07.02	02:07:02.381	1.37426	1.37429			6
2025.07.02	02:07:14.446	1.37425	1.37428			6
2025.07.02	02:07:18.466	1.37424	1.37427			6
2025.07.02	02:07:18.779	1.37425	1.37428			6
2025.07.02	02:07:20.014	1.37424	1.37427			6
2025.07.02	02:07:27.099	1.37422	1.37425			6
2025.07.02	02:07:32.990	1.37420	1.37423			6
2025.07.02	02:07:35.793	1.37418	1.37421			6
2025.07.02	02:07:38.278	1.37419	1.37422			6
2025.07.02	02:07:39.207	1.37420	1.37423			6
2025.07.02	02:07:43.243	1.37419	1.37422			6
2025.07.02	02:07:55.019	1.37421	1.37424			6
2025.07.02	02:07:56.564	1.37420	1.37423			6
2025.07.02	02:07:57.187	1.37421	1.37424			6
2025.07.02	02:07:57.504	1.37420	1.37423			6
2025.07.02	02:08:00.296	1.37420				2
2025.07.02	02:08:27.016	1.37416	1.37419			6
2025.07.02	02:08:28.258	1.37417	1.37420			6
2025.07.02	02:08:35.080	1.37418				2
2025.07.02	02:08:45.281	1.37417				2
2025.07.02	02:09:00.035	1.37417				2
2025.07.02	02:09:04.348	1.37419	1.37422			6
2025.07.02	02:09:26.320	1.37420	1.37423			6
2025.07.02	02:09:26.633	1.37419	1.37422			6
2025.07.02	02:09:35.242	1.37420	1.37423			6
2025.07.02	02:09:37.097	1.37421	1.37424			6
2025.07.02	02:09:38.349	1.37420	1.37423			6
2025.07.02	02:09:42.367	1.37421	1.37424			6
2025.07.02	02:09:42.985	1.37420	1.37423			6
2025.07.02	02:09:43.902	1.37421	1.37424			6
2025.07.02	02:09:46.973	1.37424	1.37427			6
2025.07.02	02:09:47.279	1.37425	1.37428			6
2025.07.02	02:09:56.549	1.37426	1.37429			6
2025.07.02	02:10:00.262	1.37426				2
2025.07.02	02:10:03.332	1.37425	1.37428			6
2025.07.02	02:10:13.154	1.37423	1.37426			6
2025.07.02	02:10:15.312	1.37424	1.37427			6
2025.07.02	02:10:17.765	1.37420	1.37423			6
2025.07.02	02:10:19.000	1.37423	1.37426			6
2025.07.02	02:10:19.303	1.37425	1.37428			6
2025.07.02	02:10:20.232	1.37423	1.37429			6
2025.07.02	02:10:23.937	1.37424				2
2025.07.02	02:10:28.267		1.37428			4
2025.07.02	02:10:32.608	1.37421	1.37425			6
2025.07.02	02:10:33.237		1.37426			4
2025.07.02	02:10:34.163	1.37418	1.37424			6
2025.07.02	02:10:34.469	1.37415	1.37419			6
2025.07.02	02:10:35.093		1.37420			4
2025.07.02	02:10:44.003	1.37413	1.37419			6
2025.07.02	02:10:48.596		1.37420			4
2025.07.02	02:10:48.903	1.37415				2
2025.07.02	02:10:50.133	1.37416				2
2025.07.02	02:10:57.203	1.37415				2
2025.07.02	02:11:00.278	1.37415				2
2025.07.02	02:11:05.204	1.37414				2
2025.07.02	02:11:05.505	1.37413	1.37419			6
2025.07.02	02:11:05.820		1.37420			4
2025.07.02	02:11:06.132		1.37419			4
2025.07.02	02:11:10.726		1.37420			4
2025.07.02	02:11:14.096		1.37419			4
2025.07.02	02:11:15.639		1.37420			4
2025.07.02	02:11:25.165		1.37419			4
2025.07.02	02:11:25.474		1.37420			4
2025.07.02	02:11:27.316		1.37419			4
2025.07.02	02:11:30.385	1.37414				2
2025.07.02	02:11:32.520	1.37415	1.37417			6
2025.07.02	02:11:38.332		1.37418			4
2025.07.02	02:11:39.563		1.37419			4
2025.07.02	02:11:40.185	1.37416				2
2025.07.02	02:11:53.022	1.37417	1.37420			6
2025.07.02	02:11:58.549		1.37418			4
2025.07.02	02:11:58.853	1.37418	1.37421			6
2025.07.02	02:11:59.156		1.37419			4
2025.07.02	02:12:00.064	1.37417				2
2025.07.02	02:12:05.252	1.37421	1.37423			6
2025.07.02	02:12:05.557	1.37424	1.37425			6
2025.07.02	02:12:06.166	1.37421				2
2025.07.02	02:12:09.553		1.37426			4
2025.07.02	02:12:14.462		1.37424			4
2025.07.02	02:12:20.909	1.37422	1.37426			6
2025.07.02	02:12:21.214	1.37423				2
2025.07.02	02:12:27.666	1.37422				2
2025.07.02	02:12:28.583		1.37425			4
2025.07.02	02:12:29.809		1.37426			4
2025.07.02	02:12:31.350		1.37427			4
2025.07.02	02:12:32.579		1.37428			4
2025.07.02	02:12:35.336		1.37429			4
2025.07.02	02:12:35.657		1.37428			4
2025.07.02	02:12:35.959		1.37429			4
2025.07.02	02:12:36.565	1.37425	1.37430			6
2025.07.02	02:12:47.325		1.37429			4
2025.07.02	02:12:52.215	1.37426				2
2025.07.02	02:13:00.164	1.37426				2
2025.07.02	02:13:03.216	1.37429	1.37430			6
2025.07.02	02:13:22.429		1.37432			4
2025.07.02	02:13:56.540	1.37430	1.37433			6
2025.07.02	02:13:56.851	1.37431	1.37434			6
2025.07.02	02:13:58.065	1.37433	1.37436			6
2025.07.02	02:13:58.670	1.37434	1.37437			6
2025.07.02	02:14:00.193	1.37434				2
2025.07.02	02:14:01.100	1.37435	1.37438			6
2025.07.02	02:14:01.710	1.37436	1.37439			6
2025.07.02	02:14:34.086	1.37431	1.37434			6
2025.07.02	02:14:43.975	1.37430	1.37433			6
2025.07.02	02:15:00.074	1.37430				2
2025.07.02	02:15:08.448	1.37431	1.37434			6
2025.07.02	02:15:10.938	1.37430	1.37433			6
2025.07.02	02:15:12.478	1.37431	1.37434			6
2025.07.02	02:15:34.532	1.37434	1.37437			6
2025.07.02	02:15:35.155	1.37437	1.37440			6
2025.07.02	02:15:35.462	1.37439	1.37441			6
2025.07.02	02:15:35.778	1.37438				2
2025.07.02	02:15:36.394	1.37437	1.37440			6
2025.07.02	02:15:44.697	1.37436	1.37439			6
2025.07.02	02:15:45.001	1.37433	1.37436			6
2025.07.02	02:15:45.304	1.37434	1.37437			6
2025.07.02	02:15:45.613	1.37433	1.37436			6
2025.07.02	02:15:46.228	1.37432	1.37434			6
2025.07.02	02:15:46.533	1.37430	1.37433			6
2025.07.02	02:15:47.149	1.37429	1.37434			6
2025.07.02	02:15:51.195		1.37433			4
2025.07.02	02:15:56.146	1.37430				2
2025.07.02	02:16:00.152	1.37430				2
2025.07.02	02:16:00.762	1.37427	1.37430			6
2025.07.02	02:16:02.291	1.37426				2
2025.07.02	02:16:02.901	1.37424	1.37428			6
2025.07.02	02:16:04.121	1.37423	1.37429			6
2025.07.02	02:16:04.730	1.37424				2
2025.07.02	02:16:05.357	1.37425				2
2025.07.02	02:16:06.279	1.37424				2
2025.07.02	02:16:07.205	1.37425				2
2025.07.02	02:16:08.133	1.37426				2
2025.07.02	02:16:08.445	1.37425				2
2025.07.02	02:16:09.984	1.37427	1.37432			6
2025.07.02	02:16:10.293	1.37428	1.37433			6
2025.07.02	02:16:11.222	1.37427	1.37434			6
2025.07.02	02:16:12.153	1.37425	1.37431			6
2025.07.02	02:16:15.244	1.37423	1.37430			6
2025.07.02	02:16:17.393		1.37428			4
2025.07.02	02:16:28.132		1.37427			4
2025.07.02	02:16:33.338	1.37424				2
2025.07.02	02:16:42.178	1.37425	1.37428			6
2025.07.02	02:17:00.249	1.37425				2
2025.07.02	02:17:29.655	1.37423	1.37426			6
2025.07.02	02:17:38.841	1.37424	1.37427			6
2025.07.02	02:17:39.767	1.37425	1.37428			6
2025.07.02	02:18:00.036	1.37425				2
2025.07.02	02:18:02.495	1.37431	1.37434			6
2025.07.02	02:18:03.426	1.37432	1.37435			6
2025.07.02	02:18:04.042	1.37430	1.37433			6
2025.07.02	02:18:04.969	1.37429	1.37432			6
2025.07.02	02:18:05.580	1.37430	1.37433			6
2025.07.02	02:18:07.122	1.37423	1.37426			6
2025.07.02	02:18:07.424	1.37422	1.37425			6
2025.07.02	02:18:07.744	1.37421	1.37424			6
2025.07.02	02:18:08.348	1.37419	1.37426			6
2025.07.02	02:18:08.656	1.37418	1.37424			6
2025.07.02	02:18:41.638		1.37422			4
2025.07.02	02:19:00.073	1.37418				2
2025.07.02	02:19:00.375	1.37419	1.37423			6
2025.07.02	02:19:00.683	1.37418				2
2025.07.02	02:19:03.128	1.37419				2
2025.07.02	02:19:05.282	1.37420				2
2025.07.02	02:19:07.717	1.37419				2
2025.07.02	02:19:12.307	1.37420				2
2025.07.02	02:19:15.968	1.37421				2
2025.07.02	02:19:21.146	1.37420				2
2025.07.02	02:19:24.198	1.37421				2
2025.07.02	02:19:33.638	1.37424	1.37426			6
2025.07.02	02:19:33.947	1.37423	1.37425			6
2025.07.02	02:19:40.670	1.37416	1.37417			6
2025.07.02	02:19:40.974	1.37417	1.37418			6
2025.07.02	02:19:42.205	1.37415	1.37417			6
2025.07.02	02:19:42.823	1.37417	1.37418			6
2025.07.02	02:19:46.815	1.37414	1.37417			6
2025.07.02	02:19:47.423		1.37418			4
2025.07.02	02:19:58.777		1.37419			4
2025.07.02	02:20:00.004	1.37414				2
2025.07.02	02:20:04.302		1.37420			4
2025.07.02	02:20:07.373	1.37415				2
2025.07.02	02:20:10.448	1.37414				2
2025.07.02	02:20:12.278	1.37415				2
2025.07.02	02:20:16.254		1.37419			4
2025.07.02	02:20:20.224	1.37416				2
2025.07.02	02:20:23.267	1.37417	1.37420			6
2025.07.02	02:20:27.550	1.37419	1.37422			6
2025.07.02	02:20:28.763	1.37420	1.37423			6
2025.07.02	02:20:29.377	1.37419				2
2025.07.02	02:20:30.589	1.37420	1.37424			6
2025.07.02	02:20:31.197	1.37421				2
2025.07.02	02:20:33.016	1.37420	1.37423			6
2025.07.02	02:20:38.204	1.37421	1.37424			6
2025.07.02	02:20:41.245	1.37420	1.37423			6
2025.07.02	02:20:46.428	1.37421	1.37424			6
2025.07.02	02:20:48.567	1.37423	1.37426			6
2025.07.02	02:20:49.175	1.37424	1.37427			6
2025.07.02	02:20:50.709	1.37423	1.37426			6
2025.07.02	02:21:00.189	1.37423				2
2025.07.02	02:21:01.716	1.37424	1.37427			6
2025.07.02	02:21:02.626	1.37425	1.37428			6
2025.07.02	02:21:34.635	1.37423	1.37426			6
2025.07.02	02:21:35.862	1.37422	1.37425			6
2025.07.02	02:21:36.167	1.37421	1.37424			6
2025.07.02	02:22:00.229	1.37421				2
2025.07.02	02:22:00.534	1.37422	1.37425			6
2025.07.02	02:22:05.500	1.37420	1.37423			6
2025.07.02	02:22:13.853	1.37421	1.37424			6
2025.07.02	02:22:16.014	1.37420	1.37423			6
2025.07.02	02:22:20.956	1.37421	1.37424			6
2025.07.02	02:22:41.330	1.37423	1.37426			6
2025.07.02	02:22:42.576	1.37422	1.37425			6
2025.07.02	02:22:56.777	1.37423	1.37426			6
2025.07.02	02:22:57.092	1.37424	1.37427			6
2025.07.02	02:23:00.174	1.37424				2
2025.07.02	02:23:01.729	1.37425	1.37428			6
2025.07.02	02:23:07.899	1.37424	1.37427			6
2025.07.02	02:23:09.454	1.37423	1.37426			6
2025.07.02	02:23:11.635	1.37424	1.37427			6
2025.07.02	02:23:12.563	1.37425				2
2025.07.02	02:23:13.799	1.37424				2
2025.07.02	02:24:00.062	1.37424				2
2025.07.02	02:24:11.806		1.37427			4
2025.07.02	02:24:30.674	1.37423	1.37426			6
2025.07.02	02:24:31.300	1.37422	1.37425			6
2025.07.02	02:24:44.297	1.37421	1.37424			6
2025.07.02	02:24:45.229	1.37416	1.37419			6
2025.07.02	02:24:48.618	1.37415	1.37418			6
2025.07.02	02:25:00.026	1.37415				2
2025.07.02	02:25:00.328	1.37416	1.37419			6
2025.07.02	02:25:00.639	1.37417	1.37420			6
2025.07.02	02:25:03.411	1.37421	1.37424			6
2025.07.02	02:25:30.724	1.37420	1.37423			6
2025.07.02	02:25:41.539	1.37421	1.37424			6
2025.07.02	02:25:50.848	1.37424	1.37427			6
2025.07.02	02:26:00.141	1.37424				2
2025.07.02	02:26:01.684	1.37425				2
2025.07.02	02:26:01.987	1.37431	1.37434			6
2025.07.02	02:26:02.293	1.37427	1.37436			6
2025.07.02	02:26:02.899	1.37431	1.37438			6
2025.07.02	02:26:24.115	1.37432				2
2025.07.02	02:26:29.935	1.37433	1.37439			6
2025.07.02	02:26:32.409	1.37434				2
2025.07.02	02:26:37.365		1.37438			4
2025.07.02	02:26:44.379	1.37435				2
2025.07.02	02:27:00.236	1.37435				2
2025.07.02	02:27:02.070	1.37433	1.37436			6
2025.07.02	02:27:06.975		1.37435			4
2025.07.02	02:27:09.721		1.37436			4
2025.07.02	02:27:13.078		1.37435			4
2025.07.02	02:27:21.605		1.37436			4
2025.07.02	02:27:48.476	1.37430	1.37433			6
2025.07.02	02:27:50.628	1.37431	1.37434			6
2025.07.02	02:27:58.654	1.37430	1.37433			6
2025.07.02	02:28:00.204	1.37430				2
2025.07.02	02:28:04.218	1.37431	1.37434			6
2025.07.02	02:28:25.754	1.37433	1.37436			6
2025.07.02	02:28:26.986	1.37432	1.37435			6
2025.07.02	02:28:28.526	1.37431	1.37434			6
2025.07.02	02:28:31.278	1.37434	1.37437			6
2025.07.02	02:28:32.507	1.37433	1.37436			6
2025.07.02	02:28:33.435	1.37432	1.37435			6
2025.07.02	02:28:43.296	1.37434	1.37437			6
2025.07.02	02:28:44.532	1.37435	1.37438			6
2025.07.02	02:28:48.550	1.37436	1.37439			6
2025.07.02	02:29:00.274	1.37436				2
2025.07.02	02:29:03.352	1.37435	1.37438			6
2025.07.02	02:29:26.195	1.37434	1.37437			6
2025.07.02	02:29:27.736	1.37435	1.37438			6
2025.07.02	02:29:28.975	1.37436	1.37439			6
2025.07.02	02:29:34.835	1.37439	1.37442			6
2025.07.02	02:29:36.074	1.37438	1.37441			6
2025.07.02	02:29:37.005	1.37437	1.37440			6
2025.07.02	02:30:00.099	1.37437				2
2025.07.02	02:30:00.399	1.37441	1.37444			6
2025.07.02	02:30:01.331	1.37443	1.37446			6
2025.07.02	02:30:01.644	1.37444	1.37447			6
2025.07.02	02:30:02.258	1.37442				2
2025.07.02	02:30:05.657	1.37441	1.37446			6
2025.07.02	02:30:06.271		1.37445			4
2025.07.02	02:30:14.303	1.37439	1.37444			6
2025.07.02	02:30:14.606	1.37436	1.37441			6
2025.07.02	02:30:14.908	1.37435	1.37440			6
2025.07.02	02:30:15.209	1.37434	1.37441			6
2025.07.02	02:30:28.153		1.37440			4
2025.07.02	02:30:31.226	1.37435				2
2025.07.02	02:30:35.220		1.37439			4
2025.07.02	02:30:40.450	1.37436	1.37440			6
2025.07.02	02:30:41.375	1.37437				2
2025.07.02	02:30:53.553	1.37438	1.37441			6
2025.07.02	02:30:54.158	1.37439	1.37442			6
2025.07.02	02:31:00.293	1.37439				2
2025.07.02	02:31:04.570	1.37440	1.37443			6
2025.07.02	02:31:07.605	1.37441	1.37444			6
2025.07.02	02:31:31.836	1.37443	1.37446			6
2025.07.02	02:31:32.142	1.37446	1.37449			6
2025.07.02	02:31:33.381	1.37445	1.37450			6
2025.07.02	02:31:34.315		1.37449			4
2025.07.02	02:31:40.179	1.37446				2
2025.07.02	02:32:00.143	1.37446				2
2025.07.02	02:32:11.179	1.37447	1.37450			6
2025.07.02	02:32:12.100	1.37450	1.37453			6
2025.07.02	02:32:12.402	1.37452	1.37455			6
2025.07.02	02:32:13.328	1.37450	1.37457			6
2025.07.02	02:32:17.639	1.37448	1.37456			6
2025.07.02	02:32:19.480		1.37455			4
2025.07.02	02:32:19.784		1.37456			4
2025.07.02	02:32:23.162	1.37449				2
2025.07.02	02:32:25.310	1.37448	1.37454			6
2025.07.02	02:32:26.239		1.37455			4
2025.07.02	02:32:27.158		1.37454			4
2025.07.02	02:32:29.004	1.37449	1.37455			6
2025.07.02	02:32:30.223	1.37450				2
2025.07.02	02:32:34.208		1.37454			4
2025.07.02	02:32:39.133	1.37451				2
2025.07.02	02:32:49.847	1.37450	1.37453			6
2025.07.02	02:32:52.883	1.37451	1.37454			6
2025.07.02	02:32:54.705	1.37450	1.37453			6
2025.07.02	02:32:58.344	1.37451	1.37454			6
2025.07.02	02:33:00.162	1.37451				2
2025.07.02	02:33:00.468	1.37450	1.37453			6
2025.07.02	02:33:03.215	1.37451	1.37454			6
2025.07.02	02:33:14.185	1.37450	1.37453			6
2025.07.02	02:33:18.463	1.37451	1.37454			6
2025.07.02	02:33:19.076	1.37448	1.37451			6
2025.07.02	02:33:19.385	1.37447	1.37450			6
2025.07.02	02:33:25.528	1.37448	1.37451			6
2025.07.02	02:33:27.064	1.37447	1.37450			6
2025.07.02	02:33:27.989	1.37446	1.37449			6
2025.07.02	02:33:28.294	1.37445	1.37448			6
2025.07.02	02:33:28.907	1.37444	1.37447			6
2025.07.02	02:33:31.370	1.37445	1.37448			6
2025.07.02	02:33:31.673	1.37444	1.37447			6
2025.07.02	02:33:32.604	1.37443	1.37446			6
2025.07.02	02:33:35.370	1.37445	1.37448			6
2025.07.02	02:33:36.897	1.37450	1.37453			6
2025.07.02	02:33:38.131	1.37447	1.37455			6
2025.07.02	02:33:39.675		1.37454			4
2025.07.02	02:33:39.982		1.37455			4
2025.07.02	02:33:44.581		1.37453			4
2025.07.02	02:33:50.112		1.37454			4
2025.07.02	02:33:52.263		1.37455			4
2025.07.02	02:33:58.712		1.37454			4
2025.07.02	02:33:59.018		1.37455			4
2025.07.02	02:33:59.326		1.37454			4
2025.07.02	02:33:59.641		1.37453			4
2025.07.02	02:34:00.255	1.37447				2
2025.07.02	02:34:03.019		1.37454			4
2025.07.02	02:34:14.685		1.37453			4
2025.07.02	02:34:16.222		1.37452			4
2025.07.02	02:34:21.419	1.37448	1.37453			6
2025.07.02	02:34:22.339		1.37452			4
2025.07.02	02:34:23.864	1.37449	1.37453			6
2025.07.02	02:34:26.310	1.37448	1.37452			6
2025.07.02	02:34:28.145	1.37449	1.37453			6
2025.07.02	02:34:30.297	1.37450				2
2025.07.02	02:34:35.505	1.37447	1.37450			6
2025.07.02	02:34:36.108	1.37445	1.37451			6
2025.07.02	02:34:40.135	1.37446				2
2025.07.02	02:34:43.231		1.37450			4
2025.07.02	02:34:47.185	1.37447				2
2025.07.02	02:35:00.010	1.37447				2
2025.07.02	02:35:01.233	1.37449	1.37452			6
2025.07.02	02:35:01.844	1.37450	1.37453			6
2025.07.02	02:35:02.455	1.37454	1.37457			6
2025.07.02	02:35:02.766	1.37453	1.37456			6
2025.07.02	02:35:03.385	1.37452	1.37458			6
2025.07.02	02:35:06.174	1.37449	1.37456			6
2025.07.02	02:35:27.167		1.37455			4
2025.07.02	02:35:29.324	1.37450				2
2025.07.02	02:35:32.391		1.37454			4
2025.07.02	02:35:36.338	1.37451				2
2025.07.02	02:35:53.368	1.37452	1.37455			6
2025.07.02	02:36:00.097	1.37452				2
2025.07.02	02:36:00.398	1.37454	1.37457			6
2025.07.02	02:36:01.934	1.37455	1.37458			6
2025.07.02	02:36:10.481	1.37453	1.37455			6
2025.07.02	02:36:10.784	1.37451	1.37454			6
2025.07.02	02:36:12.934	1.37447	1.37450			6
2025.07.02	02:36:14.162	1.37445	1.37451			6
2025.07.02	02:36:20.037	1.37443	1.37450			6
2025.07.02	02:36:20.348		1.37448			4
2025.07.02	02:36:20.651		1.37446			4
2025.07.02	02:36:22.204		1.37447			4
2025.07.02	02:36:23.448		1.37446			4
2025.07.02	02:36:32.744		1.37448			4
2025.07.02	02:36:36.114		1.37449			4
2025.07.02	02:36:36.429		1.37448			4
2025.07.02	02:36:36.735		1.37449			4
2025.07.02	02:36:56.396	1.37444				2
2025.07.02	02:36:59.147		1.37448			4
2025.07.02	02:37:00.060	1.37444				2
2025.07.02	02:37:00.369	1.37443	1.37447			6
2025.07.02	02:37:00.674		1.37446			4
2025.07.02	02:37:01.288		1.37447			4
2025.07.02	02:37:01.598	1.37441	1.37446			6
2025.07.02	02:37:01.904	1.37439	1.37444			6
2025.07.02	02:37:03.114	1.37438	1.37445			6
2025.07.02	02:37:12.366		1.37444			4
2025.07.02	02:37:15.121	1.37439				2
2025.07.02	02:37:18.184		1.37443			4
2025.07.02	02:37:22.160	1.37440				2
2025.07.02	02:37:34.952	1.37441	1.37444			6
2025.07.02	02:37:40.420	1.37440	1.37443			6
2025.07.02	02:37:41.653	1.37441	1.37444			6
2025.07.02	02:37:43.191	1.37440	1.37443			6
2025.07.02	02:37:43.497	1.37437	1.37440			6
2025.07.02	02:37:44.110	1.37435	1.37441			6
2025.07.02	02:37:50.286	1.37436				2
2025.07.02	02:37:52.146		1.37440			4
2025.07.02	02:37:56.141	1.37437				2
2025.07.02	02:38:00.111	1.37437				2
2025.07.02	02:38:14.132	1.37438	1.37441			6
2025.07.02	02:38:14.749	1.37437	1.37440			6
2025.07.02	02:38:21.473	1.37440	1.37443			6
2025.07.02	02:38:22.999	1.37441	1.37444			6
2025.07.02	02:39:00.079	1.37441				2
2025.07.02	02:39:16.897	1.37439	1.37442			6
2025.07.02	02:39:17.507	1.37440	1.37443			6
2025.07.02	02:39:24.024	1.37441	1.37444			6
2025.07.02	02:39:27.131	1.37438	1.37441			6
2025.07.02	02:39:27.442	1.37437	1.37440			6
2025.07.02	02:39:30.529	1.37440	1.37443			6
2025.07.02	02:39:30.842	1.37439	1.37442			6
2025.07.02	02:39:31.147	1.37440	1.37443			6
2025.07.02	02:39:32.695	1.37439	1.37442			6
2025.07.02	02:39:34.559	1.37440	1.37443			6
2025.07.02	02:39:41.368	1.37441	1.37444			6
2025.07.02	02:39:41.675	1.37440	1.37443			6
2025.07.02	02:39:42.579	1.37441	1.37444			6
2025.07.02	02:39:55.304	1.37445	1.37448			6
2025.07.02	02:39:58.398	1.37442	1.37445			6
2025.07.02	02:39:59.325	1.37440	1.37447			6
2025.07.02	02:40:00.249	1.37440	1.37446			6
2025.07.02	02:40:01.493	1.37444	1.37449			6
2025.07.02	02:40:01.809		1.37450			4
2025.07.02	02:40:02.128		1.37451			4
2025.07.02	02:40:26.189	1.37445				2
2025.07.02	02:40:29.887	1.37448	1.37454			6
2025.07.02	02:40:30.190		1.37456			4
2025.07.02	02:40:35.733	1.37449				2
2025.07.02	02:40:40.662	1.37448				2
2025.07.02	02:40:41.274	1.37449				2
2025.07.02	02:40:43.131		1.37455			4
2025.07.02	02:40:45.310	1.37450				2
2025.07.02	02:40:47.122		1.37454			4
2025.07.02	02:40:49.880	1.37451				2
2025.07.02	02:40:50.186	1.37456	1.37459			6
2025.07.02	02:40:51.101	1.37454	1.37461			6
2025.07.02	02:40:59.765	1.37453	1.37460			6
2025.07.02	02:41:00.072	1.37453				2
2025.07.02	02:41:00.698	1.37454				2
2025.07.02	02:41:01.018	1.37453				2
2025.07.02	02:41:01.630	1.37454				2
2025.07.02	02:41:01.939	1.37453				2
2025.07.02	02:41:02.865	1.37449	1.37454			6
2025.07.02	02:41:03.473	1.37448				2
2025.07.02	02:41:05.334		1.37455			4
2025.07.02	02:41:25.321	1.37449				2
2025.07.02	02:41:25.626	1.37448	1.37454			6
2025.07.02	02:41:27.773		1.37455			4
2025.07.02	02:41:29.314	1.37445	1.37451			6
2025.07.02	02:41:29.618		1.37452			4
2025.07.02	02:41:30.236		1.37451			4
2025.07.02	02:41:38.672		1.37450			4
2025.07.02	02:41:54.096	1.37446				2
2025.07.02	02:42:00.189	1.37446				2
2025.07.02	02:42:01.098	1.37447				2
2025.07.02	02:42:21.170	1.37450	1.37453			6
2025.07.02	02:42:24.231	1.37451	1.37454			6
2025.07.02	02:42:26.069	1.37448	1.37451			6
2025.07.02	02:42:26.373	1.37447				2
2025.07.02	02:42:29.130	1.37448				2
2025.07.02	02:42:33.080		1.37450			4
2025.07.02	02:42:37.647	1.37449	1.37452			6
2025.07.02	02:42:38.561	1.37450	1.37453			6
2025.07.02	02:42:45.574	1.37451	1.37454			6
2025.07.02	02:42:58.354	1.37453	1.37456			6
2025.07.02	02:42:58.662	1.37454	1.37457			6
2025.07.02	02:43:00.198	1.37454				2
2025.07.02	02:43:01.412	1.37453	1.37456			6
2025.07.02	02:43:02.626	1.37452	1.37455			6
2025.07.02	02:43:14.178	1.37451	1.37454			6
2025.07.02	02:43:15.410	1.37453	1.37456			6
2025.07.02	02:43:19.691	1.37452	1.37455			6
2025.07.02	02:43:20.308	1.37453	1.37456			6
2025.07.02	02:43:21.224	1.37452	1.37455			6
2025.07.02	02:43:22.742	1.37454	1.37457			6
2025.07.02	02:43:23.656	1.37455	1.37458			6
2025.07.02	02:43:36.423	1.37456	1.37459			6
2025.07.02	02:43:36.733	1.37455	1.37458			6
2025.07.02	02:43:59.638	1.37456	1.37459			6
2025.07.02	02:44:00.247	1.37456				2
2025.07.02	02:44:05.754	1.37457	1.37460			6
2025.07.02	02:44:06.061	1.37456	1.37459			6
2025.07.02	02:44:12.275	1.37457	1.37460			6
2025.07.02	02:44:15.678	1.37456	1.37459			6
2025.07.02	02:44:16.289	1.37457	1.37460			6
2025.07.02	02:44:39.698	1.37460	1.37463			6
2025.07.02	02:44:40.009	1.37461	1.37464			6
2025.07.02	02:44:40.615	1.37462	1.37465			6
2025.07.02	02:44:42.157	1.37461	1.37464			6
2025.07.02	02:44:42.775	1.37462	1.37465			6
2025.07.02	02:44:47.378	1.37461	1.37464			6
2025.07.02	02:44:49.826	1.37459	1.37462			6
2025.07.02	02:44:50.145	1.37458	1.37461			6
2025.07.02	02:44:51.371	1.37456				2
2025.07.02	02:44:51.673	1.37459	1.37465			6
2025.07.02	02:44:51.991		1.37466			4
2025.07.02	02:44:53.230	1.37461	1.37467			6
2025.07.02	02:44:53.850	1.37460				2
2025.07.02	02:44:57.541		1.37466			4
2025.07.02	02:45:00.030	1.37460				2
2025.07.02	02:45:01.875	1.37458	1.37464			6
2025.07.02	02:45:02.478	1.37457	1.37462			6
2025.07.02	02:45:02.782		1.37464			4
2025.07.02	02:45:03.096	1.37458				2
2025.07.02	02:45:04.643	1.37457				2
2025.07.02	02:45:04.950	1.37456				2
2025.07.02	02:45:05.258	1.37460				2
2025.07.02	02:45:10.519	1.37461	1.37465			6
2025.07.02	02:45:17.018	1.37463	1.37467			6
2025.07.02	02:45:17.628	1.37462				2
2025.07.02	02:45:20.103	1.37463	1.37469			6
2025.07.02	02:45:21.032	1.37462	1.37467			6
2025.07.02	02:45:23.817	1.37463	1.37469			6
2025.07.02	02:45:24.122	1.37464	1.37470			6
2025.07.02	02:45:30.300	1.37462	1.37468			6
2025.07.02	02:45:31.230	1.37463	1.37469			6
2025.07.02	02:45:31.539		1.37468			4
2025.07.02	02:45:33.699	1.37464	1.37470			6
2025.07.02	02:45:37.710	1.37466				2
2025.07.02	02:45:42.041	1.37465				2
2025.07.02	02:45:57.384	1.37464	1.37469			6
2025.07.02	02:45:57.689	1.37465				2
2025.07.02	02:45:58.302	1.37464				2
2025.07.02	02:46:00.147	1.37464				2
2025.07.02	02:46:03.217	1.37465	1.37470			6
2025.07.02	02:46:03.520	1.37464				2
2025.07.02	02:46:05.351		1.37469			4
2025.07.02	02:46:05.656		1.37470			4
2025.07.02	02:46:07.174	1.37465				2
2025.07.02	02:46:09.299		1.37469			4
2025.07.02	02:46:12.638	1.37471	1.37475			6
2025.07.02	02:46:13.248	1.37469	1.37476			6
2025.07.02	02:46:16.015		1.37475			4
2025.07.02	02:46:16.936		1.37476			4
2025.07.02	02:46:17.864	1.37472	1.37478			6
2025.07.02	02:46:18.166	1.37469				2
2025.07.02	02:46:18.470		1.37476			4
2025.07.02	02:46:19.705	1.37470				2
2025.07.02	02:46:20.637	1.37471				2
2025.07.02	02:46:21.876	1.37470				2
2025.07.02	02:46:22.183	1.37466	1.37470			6
2025.07.02	02:46:22.488	1.37464	1.37469			6
2025.07.02	02:46:24.364	1.37463				2
2025.07.02	02:46:33.981		1.37470			4
2025.07.02	02:46:34.292		1.37469			4
2025.07.02	02:46:36.745		1.37470			4
2025.07.02	02:46:37.051	1.37461	1.37465			6
2025.07.02	02:46:37.358	1.37459				2
2025.07.02	02:46:37.665	1.37460				2
2025.07.02	02:46:42.269	1.37459				2
2025.07.02	02:46:46.264	1.37457	1.37462			6
2025.07.02	02:46:51.216	1.37455	1.37461			6
2025.07.02	02:46:51.525		1.37460			4
2025.07.02	02:46:53.385	1.37454	1.37459			6
2025.07.02	02:46:53.691	1.37456	1.37460			6
2025.07.02	02:46:53.997	1.37455				2
2025.07.02	02:46:55.857	1.37454				2
2025.07.02	02:46:56.165	1.37453	1.37459			6
2025.07.02	02:47:00.216	1.37453				2
2025.07.02	02:47:00.528	1.37450	1.37455			6
2025.07.02	02:47:00.837	1.37451	1.37458			6
2025.07.02	02:47:02.695	1.37453	1.37459			6
2025.07.02	02:47:03.003		1.37460			4
2025.07.02	02:47:18.968	1.37458	1.37465			6
2025.07.02	02:47:23.298	1.37460				2
2025.07.02	02:47:27.589	1.37462	1.37469			6
2025.07.02	02:47:29.112		1.37468			4
2025.07.02	02:47:29.424	1.37461				2
2025.07.02	02:47:29.737		1.37469			4
2025.07.02	02:47:30.044		1.37468			4
2025.07.02	02:47:32.814	1.37462	1.37469			6
2025.07.02	02:47:34.049	1.37463	1.37470			6
2025.07.02	02:47:34.355	1.37464				2
2025.07.02	02:47:40.809		1.37469			4
2025.07.02	02:47:41.113	1.37463				2
2025.07.02	02:47:41.728		1.37470			4
2025.07.02	02:47:42.351	1.37464				2
2025.07.02	02:47:47.984	1.37463	1.37469			6
2025.07.02	02:47:51.638	1.37461	1.37467			6
2025.07.02	02:47:51.948	1.37459	1.37465			6
2025.07.02	02:47:52.861	1.37457	1.37461			6
2025.07.02	02:47:53.470	1.37455	1.37460			6
2025.07.02	02:47:58.748	1.37454				2
2025.07.02	02:48:00.308	1.37454				2
2025.07.02	02:48:00.924		1.37459			4
2025.07.02	02:48:02.144	1.37452	1.37457			6
2025.07.02	02:48:02.452	1.37453	1.37458			6
2025.07.02	02:48:02.758	1.37452	1.37457			6
2025.07.02	02:48:07.961	1.37450				2
2025.07.02	02:48:08.263	1.37452				2
2025.07.02	02:48:08.572		1.37458			4
2025.07.02	02:48:14.356		1.37457			4
2025.07.02	02:48:22.286		1.37456			4
2025.07.02	02:48:22.895	1.37456	1.37460			6
2025.07.02	02:48:23.200	1.37455				2
2025.07.02	02:48:33.864	1.37453	1.37458			6
2025.07.02	02:48:35.116		1.37457			4
2025.07.02	02:48:36.943	1.37454				2
2025.07.02	02:48:37.246		1.37458			4
2025.07.02	02:48:37.850	1.37455	1.37459			6
2025.07.02	02:48:38.763		1.37460			4
2025.07.02	02:48:39.066		1.37459			4
2025.07.02	02:48:46.352	1.37456				2
2025.07.02	02:48:48.801	1.37459	1.37462			6
2025.07.02	02:48:49.102	1.37458				2
2025.07.02	02:48:50.016	1.37459	1.37463			6
2025.07.02	02:48:53.052	1.37457	1.37460			6
2025.07.02	02:49:00.115	1.37458				2
2025.07.02	02:49:12.591	1.37457				2
2025.07.02	02:49:18.119	1.37458				2
2025.07.02	02:49:38.853	1.37461	1.37464			6
2025.07.02	02:49:39.161	1.37460	1.37463			6
2025.07.02	02:49:39.764	1.37461	1.37464			6
2025.07.02	02:49:43.426	1.37462	1.37465			6
2025.07.02	02:49:43.730	1.37463	1.37466			6
2025.07.02	02:49:44.643	1.37462	1.37465			6
2025.07.02	02:49:47.089	1.37459	1.37460			6
2025.07.02	02:49:47.392	1.37456	1.37459			6
2025.07.02	02:49:47.716	1.37457				2
2025.07.02	02:49:48.321	1.37456				2
2025.07.02	02:49:48.635	1.37455				2
2025.07.02	02:49:49.563		1.37460			4
2025.07.02	02:49:50.486	1.37453	1.37457			6
2025.07.02	02:49:50.793	1.37452				2
2025.07.02	02:49:51.107	1.37451				2
2025.07.02	02:49:52.342	1.37450	1.37456			6
2025.07.02	02:49:52.662		1.37455			4
2025.07.02	02:49:53.281		1.37456			4
2025.07.02	02:49:53.589	1.37449				2
2025.07.02	02:49:54.216		1.37455			4
2025.07.02	02:49:55.153	1.37450	1.37456			6
2025.07.02	02:49:56.084	1.37449	1.37455			6
2025.07.02	02:49:58.248	1.37450				2
2025.07.02	02:50:00.090	1.37450				2
2025.07.02	02:50:00.396	1.37445	1.37450			6
2025.07.02	02:50:00.706	1.37446				2
2025.07.02	02:50:01.329	1.37444				2
2025.07.02	02:50:06.270	1.37448	1.37454			6
2025.07.02	02:50:06.573	1.37449	1.37455			6
2025.07.02	02:50:08.116	1.37448				2
2025.07.02	02:50:17.373	1.37449				2
2025.07.02	02:50:17.680	1.37446	1.37450			6
2025.07.02	02:50:18.598		1.37451			4
2025.07.02	02:50:22.609	1.37445				2
2025.07.02	02:50:26.326		1.37450			4
2025.07.02	02:50:26.633	1.37444				2
2025.07.02	02:50:26.945	1.37445				2
2025.07.02	02:50:30.040	1.37444	1.37449			6
2025.07.02	02:50:31.906	1.37443				2
2025.07.02	02:50:33.452	1.37446	1.37451			6
2025.07.02	02:50:33.760		1.37452			4
2025.07.02	02:50:34.371	1.37445				2
2025.07.02	02:50:40.273	1.37446				2
2025.07.02	02:50:46.141	1.37447				2
2025.07.02	02:50:50.386		1.37451			4
2025.07.02	02:50:51.297	1.37445	1.37449			6
2025.07.02	02:50:52.211		1.37450			4
2025.07.02	02:50:54.336		1.37449			4
2025.07.02	02:51:00.124	1.37446				2
2025.07.02	02:51:11.762	1.37447	1.37450			6
2025.07.02	02:51:14.201	1.37446	1.37449			6
2025.07.02	02:51:15.124	1.37447	1.37450			6
2025.07.02	02:51:18.203	1.37446	1.37449			6
2025.07.02	02:51:19.116	1.37447	1.37450			6
2025.07.02	02:51:21.560	1.37448	1.37451			6
2025.07.02	02:51:21.863	1.37449				2
2025.07.02	02:51:26.158		1.37452			4
2025.07.02	02:51:39.260	1.37448	1.37451			6
2025.07.02	02:51:40.180	1.37449	1.37452			6
2025.07.02	02:51:42.324	1.37447	1.37450			6
2025.07.02	02:51:44.145	1.37445	1.37448			6
2025.07.02	02:51:45.374	1.37446	1.37449			6
2025.07.02	02:51:52.715	1.37447				2
2025.07.02	02:51:53.943		1.37450			4
2025.07.02	02:52:00.050	1.37447				2
2025.07.02	02:52:00.354	1.37446	1.37449			6
2025.07.02	02:52:00.661	1.37445	1.37448			6
2025.07.02	02:52:15.317	1.37446	1.37449			6
2025.07.02	02:52:16.226	1.37447	1.37450			6
2025.07.02	02:52:33.352		1.37449			4
2025.07.02	02:52:33.659	1.37446				2
2025.07.02	02:52:43.204	1.37447	1.37450			6
2025.07.02	02:52:55.522	1.37446	1.37449			6
2025.07.02	02:52:57.061	1.37447	1.37450			6
2025.07.02	02:53:00.136	1.37447				2
2025.07.02	02:53:35.178	1.37446	1.37449			6
2025.07.02	02:53:35.483	1.37444	1.37447			6
2025.07.02	02:53:36.418	1.37445	1.37448			6
2025.07.02	02:53:46.335	1.37446	1.37449			6
2025.07.02	02:53:49.422	1.37444	1.37447			6
2025.07.02	02:53:54.685	1.37439	1.37441			6
2025.07.02	02:54:00.231	1.37439				2
2025.07.02	02:54:03.950		1.37442			4
2025.07.02	02:54:07.654		1.37441			4
2025.07.02	02:54:08.877	1.37440	1.37443			6
2025.07.02	02:54:09.498	1.37441	1.37444			6
2025.07.02	02:54:42.603	1.37443	1.37446			6
2025.07.02	02:54:43.848	1.37444	1.37447			6
2025.07.02	02:54:50.661	1.37449	1.37452			6
2025.07.02	02:54:50.975	1.37446	1.37449			6
2025.07.02	02:54:51.282	1.37447	1.37450			6
2025.07.02	02:54:51.903	1.37446	1.37449			6
2025.07.02	02:54:53.148	1.37447	1.37450			6
2025.07.02	02:55:00.267	1.37447				2
2025.07.02	02:55:09.256	1.37448	1.37451			6
2025.07.02	02:55:10.181	1.37449				2
2025.07.02	02:55:23.481	1.37450	1.37452			6
2025.07.02	02:55:26.261	1.37451	1.37454			6
2025.07.02	02:55:27.518	1.37452	1.37455			6
2025.07.02	02:55:31.870	1.37453	1.37456			6
2025.07.02	02:55:47.041	1.37454	1.37457			6
2025.07.02	02:55:48.595	1.37455	1.37458			6
2025.07.02	02:55:49.523	1.37454	1.37457			6
2025.07.02	02:55:54.472	1.37452	1.37455			6
2025.07.02	02:55:56.026	1.37455	1.37458			6
2025.07.02	02:56:00.041	1.37455				2
2025.07.02	02:56:15.210	1.37454	1.37457			6
2025.07.02	02:56:20.776	1.37452	1.37455			6
2025.07.02	02:56:22.298	1.37453	1.37456			6
2025.07.02	02:56:26.328	1.37452	1.37455			6
2025.07.02	02:56:27.256	1.37451	1.37454			6
2025.07.02	02:56:27.878	1.37452	1.37455			6
2025.07.02	02:56:39.691	1.37451	1.37454			6
2025.07.02	02:56:40.627	1.37452	1.37455			6
2025.07.02	02:56:49.294	1.37454	1.37457			6
2025.07.02	02:56:50.222	1.37455	1.37458			6
2025.07.02	02:57:00.158	1.37455				2
2025.07.02	02:57:01.087	1.37456	1.37459			6
2025.07.02	02:57:01.699	1.37455	1.37458			6
2025.07.02	02:57:06.636	1.37456	1.37459			6
2025.07.02	02:57:07.564	1.37457	1.37460			6
2025.07.02	02:57:08.799	1.37456	1.37459			6
2025.07.02	02:57:09.720	1.37457	1.37460			6
2025.07.02	02:57:15.602	1.37458	1.37461			6
2025.07.02	02:57:17.139	1.37459	1.37462			6
2025.07.02	02:57:25.419	1.37460	1.37463			6
2025.07.02	02:57:26.345	1.37461	1.37464			6
2025.07.02	02:57:28.494	1.37462	1.37465			6
2025.07.02	02:57:34.960	1.37463	1.37466			6
2025.07.02	02:57:35.275	1.37462	1.37465			6
2025.07.02	02:57:36.210	1.37463	1.37466			6
2025.07.02	02:57:37.460	1.37462	1.37465			6
2025.07.02	02:57:39.003	1.37463	1.37466			6
2025.07.02	02:57:39.310	1.37462	1.37465			6
2025.07.02	02:57:41.450	1.37463	1.37466			6
2025.07.02	02:57:44.849	1.37462	1.37465			6
2025.07.02	02:57:46.387	1.37461	1.37464			6
2025.07.02	02:57:51.287	1.37462	1.37465			6
2025.07.02	02:57:52.216	1.37461	1.37464			6
2025.07.02	02:57:52.530	1.37458	1.37460			6
2025.07.02	02:57:53.755	1.37457				2
2025.07.02	02:57:54.073	1.37458	1.37461			6
2025.07.02	02:57:54.378	1.37456	1.37459			6
2025.07.02	02:57:59.944	1.37455	1.37458			6
2025.07.02	02:58:00.256	1.37455				2
2025.07.02	02:58:01.493	1.37454	1.37457			6
2025.07.02	02:58:05.204	1.37455	1.37458			6
2025.07.02	02:58:19.061	1.37456	1.37459			6
2025.07.02	02:58:20.303	1.37455	1.37458			6
2025.07.02	02:58:32.680		1.37457			4
2025.07.02	02:58:32.982	1.37453	1.37456			6
2025.07.02	02:58:33.284	1.37454	1.37457			6
2025.07.02	02:58:38.532	1.37455	1.37458			6
2025.07.02	02:58:39.461	1.37456	1.37459			6
2025.07.02	02:58:40.402	1.37457	1.37460			6
2025.07.02	02:58:42.256	1.37458				2
2025.07.02	02:58:46.277	1.37463	1.37466			6
2025.07.02	02:58:47.200	1.37462	1.37467			6
2025.07.02	02:58:47.826	1.37463	1.37468			6
2025.07.02	02:58:48.141	1.37465	1.37470			6
2025.07.02	02:58:50.611		1.37471			4
2025.07.02	02:58:52.446	1.37466				2
2025.07.02	02:58:56.445		1.37470			4
2025.07.02	02:58:56.758		1.37471			4
2025.07.02	02:58:57.679		1.37470			4
2025.07.02	02:58:57.984		1.37471			4
2025.07.02	02:58:59.214	1.37467				2
2025.07.02	02:59:00.137	1.37467				2
2025.07.02	02:59:07.536	1.37468				2
2025.07.02	02:59:09.078	1.37467				2
2025.07.02	02:59:10.005	1.37468				2
2025.07.02	02:59:11.553	1.37467				2
2025.07.02	02:59:14.322	1.37469				2
2025.07.02	02:59:14.625	1.37468				2
2025.07.02	02:59:15.237	1.37469				2
2025.07.02	02:59:15.545	1.37468				2
2025.07.02	02:59:18.021	1.37469				2
2025.07.02	02:59:25.446		1.37472			4
2025.07.02	02:59:29.478	1.37468	1.37471			6
2025.07.02	02:59:34.458		1.37469			4
2025.07.02	02:59:34.758		1.37471			4
2025.07.02	02:59:41.565	1.37466	1.37469			6
2025.07.02	02:59:43.731	1.37465	1.37468			6
2025.07.02	02:59:47.778	1.37466	1.37469			6
2025.07.02	02:59:48.392	1.37465	1.37468			6
2025.07.02	02:59:53.657	1.37464	1.37467			6
2025.07.02	02:59:53.960	1.37463	1.37466			6
2025.07.02	02:59:56.147	1.37458	1.37461			6
2025.07.02	02:59:57.379	1.37456				2
2025.07.02	03:00:00.165	1.37454	1.37460			6
2025.07.02	03:00:00.476	1.37456				2
2025.07.02	03:00:02.025	1.37458	1.37461			6
2025.07.02	03:00:02.326	1.37456	1.37460			6
2025.07.02	03:00:04.790	1.37453	1.37459			6
2025.07.02	03:00:05.099		1.37458			4
2025.07.02	03:00:05.406	1.37443	1.37449			6
2025.07.02	03:00:05.721	1.37444				2
2025.07.02	03:00:06.021		1.37450			4
2025.07.02	03:00:06.324	1.37447	1.37452			6
2025.07.02	03:00:06.635	1.37446	1.37451			6
2025.07.02	03:00:07.576		1.37450			4
2025.07.02	03:00:09.422	1.37445				2
2025.07.02	03:00:09.740	1.37444	1.37449			6
2025.07.02	03:00:10.047	1.37443	1.37448			6
2025.07.02	03:00:10.668	1.37444				2
2025.07.02	03:00:10.974	1.37443				2
2025.07.02	03:00:11.902	1.37444				2
2025.07.02	03:00:12.207	1.37447	1.37451			6
2025.07.02	03:00:12.813	1.37446	1.37449			6
2025.07.02	03:00:13.130		1.37451			4
2025.07.02	03:00:14.362	1.37447				2
2025.07.02	03:00:15.290	1.37452	1.37457			6
2025.07.02	03:00:16.218	1.37450	1.37455			6
2025.07.02	03:00:18.064	1.37449				2
2025.07.02	03:00:19.942	1.37450				2
2025.07.02	03:00:21.789	1.37454	1.37460			6
2025.07.02	03:00:22.098		1.37459			4
2025.07.02	03:00:24.561	1.37457	1.37460			6
2025.07.02	03:00:24.864		1.37461			4
2025.07.02	03:00:29.817	1.37461	1.37466			6
2025.07.02	03:00:30.120	1.37464	1.37467			6
2025.07.02	03:00:30.423		1.37468			4
2025.07.02	03:00:31.357	1.37465	1.37470			6
2025.07.02	03:00:31.986	1.37464				2
2025.07.02	03:00:32.907	1.37466				2
2025.07.02	03:00:33.210	1.37467	1.37471			6
2025.07.02	03:00:34.447	1.37465	1.37470			6
2025.07.02	03:00:35.371	1.37466	1.37471			6
2025.07.02	03:00:36.286	1.37457	1.37461			6
2025.07.02	03:00:36.589	1.37461	1.37466			6
2025.07.02	03:00:36.900	1.37466	1.37469			6
2025.07.02	03:00:37.204	1.37473	1.37474			6
2025.07.02	03:00:37.509	1.37476	1.37477			6
2025.07.02	03:00:37.828	1.37469	1.37470			6
2025.07.02	03:00:38.143	1.37468				2
2025.07.02	03:00:41.384	1.37467	1.37469			6
2025.07.02	03:00:41.964		1.37468			4
2025.07.02	03:00:44.137	1.37468	1.37469			6
2025.07.02	03:00:45.059		1.37470			4
2025.07.02	03:00:46.907	1.37467				2
2025.07.02	03:00:47.832	1.37468				2
2025.07.02	03:00:51.521	1.37469	1.37472			6
2025.07.02	03:00:51.826		1.37471			4
2025.07.02	03:00:52.134	1.37468	1.37470			6
2025.07.02	03:00:53.057	1.37469				2
2025.07.02	03:00:53.362	1.37468	1.37469			6
2025.07.02	03:00:53.665		1.37470			4
2025.07.02	03:00:54.605	1.37472	1.37473			6
2025.07.02	03:00:54.910	1.37473	1.37474			6
2025.07.02	03:00:55.217	1.37474	1.37475			6
2025.07.02	03:00:55.840	1.37473	1.37474			6
2025.07.02	03:00:56.760	1.37472	1.37473			6
2025.07.02	03:00:57.068	1.37469	1.37471			6
2025.07.02	03:00:57.372	1.37467	1.37470			6
2025.07.02	03:00:57.680	1.37468				2
2025.07.02	03:00:58.916	1.37469				2
2025.07.02	03:00:59.539	1.37468	1.37471			6
2025.07.02	03:00:59.841		1.37470			4
2025.07.02	03:01:00.161	1.37468				2
2025.07.02	03:01:00.782	1.37467	1.37469			6
2025.07.02	03:01:01.702		1.37470			4
2025.07.02	03:01:02.014	1.37468				2
2025.07.02	03:01:02.631	1.37469				2
2025.07.02	03:01:03.235		1.37471			4
2025.07.02	03:01:05.089	1.37468	1.37470			6
2025.07.02	03:01:05.396		1.37469			4
2025.07.02	03:01:06.007	1.37467	1.37468			6
2025.07.02	03:01:06.615	1.37469	1.37470			6
2025.07.02	03:01:07.846		1.37471			4
2025.07.02	03:01:08.775	1.37468	1.37470			6
2025.07.02	03:01:10.331	1.37469				2
2025.07.02	03:01:11.254	1.37470	1.37471			6
2025.07.02	03:01:14.022	1.37467	1.37468			6
2025.07.02	03:01:17.096	1.37468	1.37469			6
2025.07.02	03:01:17.402		1.37470			4
2025.07.02	03:01:20.794	1.37469	1.37471			6
2025.07.02	03:01:21.108		1.37470			4
2025.07.02	03:01:22.025	1.37467	1.37469			6
2025.07.02	03:01:22.327	1.37449	1.37451			6
2025.07.02	03:01:22.632	1.37450	1.37452			6
2025.07.02	03:01:22.944		1.37451			4
2025.07.02	03:01:23.253	1.37449	1.37450			6
2025.07.02	03:01:23.559	1.37450	1.37451			6
2025.07.02	03:01:23.880	1.37449	1.37450			6
2025.07.02	03:01:24.191		1.37451			4
2025.07.02	03:01:24.503	1.37448				2
2025.07.02	03:01:25.433	1.37446				2
2025.07.02	03:01:26.063	1.37445	1.37449			6
2025.07.02	03:01:26.366	1.37444	1.37446			6
2025.07.02	03:01:28.202		1.37447			4
2025.07.02	03:01:28.510	1.37446	1.37450			6
