<DATE>	<TIME>	<BID>	<ASK>	<LAST>	<VOLUME>	<FLAGS>
2025.02.19	00:00:00.294	1.26091	1.26181			6
2025.02.19	00:00:00.921	1.26020	1.26204			6
2025.02.19	00:00:08.433	1.26045	1.26196			6
2025.02.19	00:00:09.660	1.26096				2
2025.02.19	00:00:15.520	1.26092	1.26182			6
2025.02.19	00:00:20.762	1.26101	1.26196			6
2025.02.19	00:00:31.540	1.26136				2
2025.02.19	00:00:33.386	1.26132				2
2025.02.19	00:00:35.854		1.26183			4
2025.02.19	00:00:37.715	1.26039	1.26186			6
2025.02.19	00:00:39.247		1.26188			4
2025.02.19	00:00:39.554		1.26218			4
2025.02.19	00:00:43.557	1.26073	1.26188			6
2025.02.19	00:00:43.871	1.26117	1.26220			6
2025.02.19	00:00:44.888		1.26209			4
2025.02.19	00:00:45.820		1.26206			4
2025.02.19	00:00:51.661	1.26122	1.26192			6
2025.02.19	00:00:51.968	1.26121	1.26205			6
2025.02.19	00:00:52.891	1.26122				2
2025.02.19	00:00:53.813	1.26117	1.26187			6
2025.02.19	00:00:54.282	1.26122	1.26197			6
2025.02.19	00:00:55.210	1.26123				2
2025.02.19	00:00:55.515		1.26187			4
2025.02.19	00:00:55.827	1.26124	1.26194			6
2025.02.19	00:00:56.133		1.26197			4
2025.02.19	00:00:57.056		1.26183			4
2025.02.19	00:00:58.289	1.26125				2
2025.02.19	00:00:59.209	1.26118				2
2025.02.19	00:00:59.513		1.26184			4
2025.02.19	00:00:59.817	1.26127	1.26183			6
2025.02.19	00:01:00.130	1.26127				2
2025.02.19	00:01:01.054		1.26184			4
2025.02.19	00:01:01.360	1.26123				2
2025.02.19	00:01:02.283		1.26199			4
2025.02.19	00:01:03.202	1.26124				2
2025.02.19	00:01:04.133	1.26123				2
2025.02.19	00:01:04.440	1.26124				2
2025.02.19	00:01:05.362	1.26123				2
2025.02.19	00:01:05.979	1.26125				2
2025.02.19	00:01:07.207	1.26126				2
2025.02.19	00:01:08.743	1.26123				2
2025.02.19	00:01:09.047	1.26126				2
2025.02.19	00:01:10.588	1.26124				2
2025.02.19	00:01:10.895	1.26126				2
2025.02.19	00:01:11.509	1.26127				2
2025.02.19	00:01:11.814	1.26124				2
2025.02.19	00:01:12.121	1.26127				2
2025.02.19	00:01:13.042	1.26125				2
2025.02.19	00:01:13.343	1.26127				2
2025.02.19	00:01:14.582	1.26125				2
2025.02.19	00:01:14.891	1.26127				2
2025.02.19	00:01:16.431	1.26125				2
2025.02.19	00:01:17.046	1.26128				2
2025.02.19	00:01:17.971		1.26203			4
2025.02.19	00:01:18.316	1.26125	1.26200			6
2025.02.19	00:01:18.882	1.26128	1.26203			6
2025.02.19	00:01:20.104	1.26126	1.26200			6
2025.02.19	00:01:20.406	1.26125	1.26201			6
2025.02.19	00:01:23.116	1.26123	1.26199			6
2025.02.19	00:01:23.676	1.26126	1.26198			6
2025.02.19	00:01:24.620	1.26123				2
2025.02.19	00:01:24.927	1.26126				2
2025.02.19	00:01:26.466	1.26123				2
2025.02.19	00:01:26.981	1.26126				2
2025.02.19	00:01:29.443	1.26124				2
2025.02.19	00:01:29.857	1.26126				2
2025.02.19	00:01:30.779	1.26124				2
2025.02.19	00:01:31.179	1.26126				2
2025.02.19	00:01:33.349	1.26124				2
2025.02.19	00:01:34.189	1.26127				2
2025.02.19	00:01:36.660	1.26124				2
2025.02.19	00:01:37.193	1.26127				2
2025.02.19	00:01:38.422	1.26124				2
2025.02.19	00:01:38.982	1.26127				2
2025.02.19	00:01:40.202		1.26201			4
2025.02.19	00:01:45.574		1.26198			4
2025.02.19	00:01:45.882	1.26134				2
2025.02.19	00:01:46.188	1.26138	1.26207			6
2025.02.19	00:01:48.314	1.26139	1.26202			6
2025.02.19	00:01:48.876		1.26207			4
2025.02.19	00:01:50.103		1.26202			4
2025.02.19	00:01:50.686	1.26140	1.26207			6
2025.02.19	00:01:52.210	1.26141				2
2025.02.19	00:01:53.701		1.26204			4
2025.02.19	00:01:54.015	1.26142	1.26201			6
2025.02.19	00:01:54.585		1.26204			4
2025.02.19	00:02:03.277	1.26142				2
2025.02.19	00:02:18.492		1.26201			4
2025.02.19	00:02:19.500		1.26203			4
2025.02.19	00:02:34.040		1.26201			4
2025.02.19	00:03:00.660	1.26142				2
2025.02.19	00:03:07.131	1.26128	1.26192			6
2025.02.19	00:03:07.750	1.26089	1.26170			6
2025.02.19	00:03:12.071	1.26155	1.26201			6
2025.02.19	00:03:12.993		1.26209			4
2025.02.19	00:03:13.294		1.26201			4
2025.02.19	00:03:13.905	1.26089	1.26171			6
2025.02.19	00:03:14.211	1.26088	1.26170			6
2025.02.19	00:03:14.829	1.26089	1.26171			6
2025.02.19	00:03:16.350	1.26088	1.26170			6
2025.02.19	00:03:16.959	1.26089	1.26171			6
2025.02.19	00:03:17.572	1.26146	1.26194			6
2025.02.19	00:03:18.190	1.26147	1.26207			6
2025.02.19	00:03:19.111	1.26148	1.26201			6
2025.02.19	00:03:45.974		1.26209			4
2025.02.19	00:03:47.209		1.26208			4
2025.02.19	00:03:49.493		1.26206			4
2025.02.19	00:03:50.494		1.26204			4
2025.02.19	00:03:56.895		1.26206			4
2025.02.19	00:04:00.422	1.26148				2
2025.02.19	00:04:57.119	1.26149	1.26199			6
2025.02.19	00:04:59.976	1.26130	1.26183			6
2025.02.19	00:05:05.501	1.26130				2
2025.02.19	00:05:12.267		1.26188			4
2025.02.19	00:05:15.036	1.26129				2
2025.02.19	00:05:16.067	1.26131				2
2025.02.19	00:05:18.323	1.26152	1.26197			6
2025.02.19	00:05:19.959	1.26141				2
2025.02.19	00:05:22.969	1.26153	1.26221			6
2025.02.19	00:05:23.652	1.26152				2
2025.02.19	00:05:26.371	1.26153	1.26217			6
2025.02.19	00:05:26.917	1.26152				2
2025.02.19	00:05:27.414	1.26153				2
2025.02.19	00:05:30.181	1.26154				2
2025.02.19	00:05:30.530	1.26152				2
2025.02.19	00:05:30.908	1.26154				2
2025.02.19	00:05:31.563	1.26153	1.26218			6
2025.02.19	00:05:33.636	1.26156				2
2025.02.19	00:05:35.714	1.26162				2
2025.02.19	00:05:36.073	1.26156				2
2025.02.19	00:05:42.319	1.26158				2
2025.02.19	00:06:00.420	1.26158				2
2025.02.19	00:06:04.586	1.26156				2
2025.02.19	00:06:08.123	1.26162				2
2025.02.19	00:06:08.460	1.26159				2
2025.02.19	00:06:22.516	1.26160				2
2025.02.19	00:06:40.668		1.26218			4
2025.02.19	00:06:41.635	1.26158				2
2025.02.19	00:07:00.657	1.26158				2
2025.02.19	00:07:17.058	1.26160				2
2025.02.19	00:07:29.015	1.26161				2
2025.02.19	00:07:34.942	1.26169				2
2025.02.19	00:07:37.603	1.26159	1.26210			6
2025.02.19	00:07:40.376	1.26148				2
2025.02.19	00:07:42.271	1.26139				2
2025.02.19	00:07:59.063	1.26156	1.26215			6
2025.02.19	00:07:59.397	1.26157				2
2025.02.19	00:08:00.004	1.26162				2
2025.02.19	00:08:09.120	1.26163				2
2025.02.19	00:08:15.556	1.26165				2
2025.02.19	00:08:16.557	1.26163				2
2025.02.19	00:08:21.252	1.26162				2
2025.02.19	00:08:21.623	1.26164				2
2025.02.19	00:08:35.968	1.26162	1.26212			6
2025.02.19	00:08:41.364	1.26134	1.26193			6
2025.02.19	00:08:41.751		1.26191			4
2025.02.19	00:08:44.826	1.26157	1.26227			6
2025.02.19	00:08:45.131	1.26181				2
2025.02.19	00:08:45.887		1.26222			4
2025.02.19	00:09:03.598	1.26181				2
2025.02.19	00:09:32.355	1.26182	1.26225			6
2025.02.19	00:09:45.532	1.26158	1.26209			6
2025.02.19	00:09:52.397	1.26163	1.26214			6
2025.02.19	00:09:57.042	1.26185	1.26227			6
2025.02.19	00:10:00.310	1.26185				2
2025.02.19	00:10:02.186		1.26223			4
2025.02.19	00:10:03.426	1.26168	1.26217			6
2025.02.19	00:10:06.356	1.26192	1.26225			6
2025.02.19	00:10:07.510	1.26168	1.26217			6
2025.02.19	00:10:12.483	1.26142	1.26232			6
2025.02.19	00:10:14.014	1.26145	1.26235			6
2025.02.19	00:10:34.583	1.26142	1.26232			6
2025.02.19	00:10:34.884	1.26145	1.26235			6
2025.02.19	00:10:35.191	1.26161	1.26251			6
2025.02.19	00:10:35.497	1.26168	1.26258			6
2025.02.19	00:10:57.041	1.26178	1.26268			6
2025.02.19	00:10:57.968	1.26173	1.26263			6
2025.02.19	00:10:59.512	1.26178	1.26268			6
2025.02.19	00:10:59.821	1.26174	1.26264			6
2025.02.19	00:11:00.130	1.26174				2
2025.02.19	00:11:01.660	1.26188	1.26278			6
2025.02.19	00:11:02.882	1.26221	1.26256			6
2025.02.19	00:11:04.263	1.26204	1.26246			6
2025.02.19	00:11:06.821	1.26178	1.26268			6
2025.02.19	00:11:07.755	1.26204	1.26246			6
2025.02.19	00:11:10.036	1.26209				2
2025.02.19	00:11:11.779	1.26178	1.26268			6
2025.02.19	00:11:12.715	1.26209	1.26246			6
2025.02.19	00:11:15.129		1.26254			4
2025.02.19	00:11:29.419	1.26213	1.26257			6
2025.02.19	00:11:32.182	1.26222	1.26264			6
2025.02.19	00:11:33.083		1.26266			4
2025.02.19	00:11:34.325	1.26214	1.26263			6
2025.02.19	00:11:35.386		1.26266			4
2025.02.19	00:11:38.417	1.26209				2
2025.02.19	00:11:41.384		1.26264			4
2025.02.19	00:11:41.761		1.26266			4
2025.02.19	00:11:42.496		1.26262			4
2025.02.19	00:11:47.524		1.26265			4
2025.02.19	00:11:48.060		1.26266			4
2025.02.19	00:11:54.679		1.26264			4
2025.02.19	00:11:55.064		1.26266			4
2025.02.19	00:11:59.781		1.26264			4
2025.02.19	00:12:00.387	1.26209	1.26261			6
2025.02.19	00:12:01.929		1.26246			4
2025.02.19	00:12:31.284	1.26213	1.26251			6
2025.02.19	00:12:38.082	1.26227	1.26261			6
2025.02.19	00:12:38.456	1.26231	1.26265			6
2025.02.19	00:12:39.978	1.26218	1.26261			6
2025.02.19	00:12:44.238	1.26223	1.26263			6
2025.02.19	00:12:45.809		1.26261			4
2025.02.19	00:12:51.452		1.26263			4
2025.02.19	00:13:00.080	1.26223				2
2025.02.19	00:13:02.370		1.26256			4
2025.02.19	00:13:30.899		1.26257			4
2025.02.19	00:13:33.236	1.26235	1.26267			6
2025.02.19	00:13:33.546	1.26242	1.26287			6
2025.02.19	00:13:34.304	1.26245				2
2025.02.19	00:13:34.651	1.26247				2
2025.02.19	00:13:39.380	1.26248	1.26293			6
2025.02.19	00:13:40.055		1.26297			4
2025.02.19	00:13:49.419		1.26292			4
2025.02.19	00:13:50.179	1.26252	1.26296			6
2025.02.19	00:14:00.158	1.26252				2
2025.02.19	00:14:01.881	1.26248				2
2025.02.19	00:14:02.370		1.26285			4
2025.02.19	00:14:07.069		1.26297			4
2025.02.19	00:14:07.447	1.26249	1.26304			6
2025.02.19	00:14:07.749	1.26250	1.26311			6
2025.02.19	00:14:08.062	1.26249				2
2025.02.19	00:14:10.789	1.26254				2
2025.02.19	00:14:11.238		1.26309			4
2025.02.19	00:14:16.879		1.26311			4
2025.02.19	00:14:32.825		1.26309			4
2025.02.19	00:14:38.024		1.26311			4
2025.02.19	00:14:40.024	1.26259				2
2025.02.19	00:14:50.319	1.26264				2
2025.02.19	00:14:54.290	1.26259				2
2025.02.19	00:14:54.683	1.26254				2
2025.02.19	00:14:55.071		1.26309			4
2025.02.19	00:14:56.220	1.26256				2
2025.02.19	00:14:59.226		1.26311			4
2025.02.19	00:15:00.306	1.26263	1.26321			6
2025.02.19	00:15:01.220		1.26324			4
2025.02.19	00:15:01.801		1.26326			4
2025.02.19	00:15:02.355	1.26262				2
2025.02.19	00:15:02.896	1.26259				2
2025.02.19	00:15:04.121	1.26288	1.26350			6
2025.02.19	00:15:04.788	1.26289				2
2025.02.19	00:15:05.501	1.26287				2
2025.02.19	00:15:11.144		1.26353			4
2025.02.19	00:15:11.863	1.26288	1.26354			6
2025.02.19	00:15:13.194		1.26355			4
2025.02.19	00:15:16.579		1.26345			4
2025.02.19	00:15:17.231		1.26341			4
2025.02.19	00:15:18.787		1.26332			4
2025.02.19	00:16:22.938	1.26263	1.26320			6
2025.02.19	00:16:24.208	1.26258	1.26315			6
2025.02.19	00:16:24.747		1.26317			4
2025.02.19	00:16:28.497	1.26253	1.26310			6
2025.02.19	00:16:29.303		1.26311			4
2025.02.19	00:16:32.225	1.26274	1.26327			6
2025.02.19	00:16:37.322		1.26330			4
2025.02.19	00:16:39.165		1.26329			4
2025.02.19	00:16:50.638		1.26328			4
2025.02.19	00:17:00.343	1.26274				2
2025.02.19	00:17:02.145		1.26323			4
2025.02.19	00:17:05.445		1.26324			4
2025.02.19	00:17:12.909	1.26258	1.26320			6
2025.02.19	00:17:16.549	1.26269	1.26319			6
2025.02.19	00:17:51.224		1.26318			4
2025.02.19	00:18:00.360	1.26269				2
2025.02.19	00:18:47.236		1.26317			4
2025.02.19	00:18:54.647		1.26316			4
2025.02.19	00:19:00.724	1.26269				2
2025.02.19	00:19:09.433	1.26270	1.26313			6
2025.02.19	00:19:26.007	1.26285	1.26326			6
2025.02.19	00:19:27.122	1.26276	1.26318			6
2025.02.19	00:19:30.724		1.26317			4
2025.02.19	00:19:33.722	1.26281	1.26322			6
2025.02.19	00:19:41.053	1.26274	1.26312			6
2025.02.19	00:19:42.123		1.26313			4
2025.02.19	00:19:48.329	1.26276	1.26314			6
2025.02.19	00:19:58.552	1.26277				2
2025.02.19	00:20:00.123	1.26277				2
2025.02.19	00:20:01.593		1.26315			4
2025.02.19	00:20:04.151	1.26276				2
2025.02.19	00:20:06.122	1.26277				2
2025.02.19	00:20:15.410	1.26274	1.26311			6
2025.02.19	00:20:17.547	1.26272				2
2025.02.19	00:20:25.959	1.26286	1.26325			6
2025.02.19	00:20:27.093	1.26277	1.26316			6
2025.02.19	00:20:38.307	1.26276				2
2025.02.19	00:20:50.396	1.26275	1.26313			6
2025.02.19	00:20:54.323	1.26273				2
2025.02.19	00:20:56.357	1.26275				2
2025.02.19	00:21:02.347	1.26275				2
2025.02.19	00:21:11.519	1.26273				2
2025.02.19	00:21:28.391	1.26272				2
2025.02.19	00:21:37.463	1.26269	1.26308			6
2025.02.19	00:21:46.309	1.26273	1.26313			6
2025.02.19	00:21:49.210	1.26288	1.26326			6
2025.02.19	00:21:50.204	1.26275	1.26318			6
2025.02.19	00:21:52.487	1.26274	1.26313			6
2025.02.19	00:22:00.368	1.26274				2
2025.02.19	00:22:17.224	1.26252	1.26304			6
2025.02.19	00:22:22.951	1.26251	1.26303			6
2025.02.19	00:22:25.797	1.26252				2
2025.02.19	00:22:27.298		1.26299			4
2025.02.19	00:22:38.444	1.26268	1.26308			6
2025.02.19	00:22:59.829	1.26267	1.26304			6
2025.02.19	00:23:00.663	1.26267				2
2025.02.19	00:23:05.366	1.26262	1.26295			6
2025.02.19	00:23:08.221	1.26252				2
2025.02.19	00:23:09.595		1.26297			4
2025.02.19	00:23:17.841	1.26233	1.26285			6
2025.02.19	00:23:20.827	1.26220				2
2025.02.19	00:23:21.200	1.26217	1.26286			6
2025.02.19	00:23:23.357	1.26216				2
2025.02.19	00:23:26.452	1.26233	1.26289			6
2025.02.19	00:23:59.421	1.26232	1.26284			6
2025.02.19	00:24:01.324	1.26232				2
2025.02.19	00:24:02.471	1.26233	1.26280			6
2025.02.19	00:24:07.038		1.26287			4
2025.02.19	00:24:11.228		1.26289			4
2025.02.19	00:24:12.878		1.26287			4
2025.02.19	00:24:28.358		1.26290			4
2025.02.19	00:24:29.675		1.26288			4
2025.02.19	00:24:31.709		1.26290			4
2025.02.19	00:24:41.601		1.26288			4
2025.02.19	00:24:46.845		1.26290			4
2025.02.19	00:25:01.431	1.26233				2
2025.02.19	00:25:01.999		1.26288			4
2025.02.19	00:25:06.111		1.26287			4
2025.02.19	00:25:07.270		1.26289			4
2025.02.19	00:25:23.412		1.26288			4
2025.02.19	00:25:29.162		1.26291			4
2025.02.19	00:25:36.080		1.26283			4
2025.02.19	00:25:40.512		1.26291			4
2025.02.19	00:25:43.925	1.26248	1.26305			6
2025.02.19	00:25:45.125		1.26304			4
2025.02.19	00:25:46.676	1.26264	1.26314			6
2025.02.19	00:25:55.280	1.26285	1.26333			6
2025.02.19	00:25:56.401	1.26273	1.26330			6
2025.02.19	00:25:59.491		1.26326			4
2025.02.19	00:26:00.126	1.26273				2
2025.02.19	00:26:00.498		1.26325			4
2025.02.19	00:26:04.530	1.26275				2
2025.02.19	00:26:06.357		1.26324			4
2025.02.19	00:26:12.023		1.26325			4
2025.02.19	00:26:14.988	1.26278				2
2025.02.19	00:26:15.424	1.26277				2
2025.02.19	00:26:19.682	1.26280	1.26329			6
2025.02.19	00:26:55.285		1.26327			4
2025.02.19	00:27:00.124	1.26280				2
2025.02.19	00:27:01.942		1.26326			4
2025.02.19	00:27:18.850	1.26295	1.26340			6
2025.02.19	00:28:01.924	1.26295				2
2025.02.19	00:28:04.934		1.26336			4
2025.02.19	00:28:10.257	1.26278	1.26323			6
2025.02.19	00:28:12.088		1.26322			4
2025.02.19	00:28:13.322	1.26283	1.26328			6
2025.02.19	00:28:14.840		1.26333			4
2025.02.19	00:28:15.774	1.26281	1.26334			6
2025.02.19	00:28:25.171	1.26278	1.26330			6
2025.02.19	00:28:30.136	1.26277	1.26325			6
2025.02.19	00:28:33.188	1.26272	1.26329			6
2025.02.19	00:29:01.581	1.26272				2
2025.02.19	00:29:29.760	1.26285	1.26332			6
2025.02.19	00:29:34.811		1.26337			4
2025.02.19	00:29:41.188	1.26302	1.26356			6
2025.02.19	00:29:41.493	1.26306	1.26352			6
2025.02.19	00:29:42.714	1.26292	1.26348			6
2025.02.19	00:29:43.305		1.26349			4
2025.02.19	00:29:49.166	1.26295				2
2025.02.19	00:29:57.194	1.26297	1.26351			6
2025.02.19	00:30:00.587	1.26297				2
2025.02.19	00:30:09.039	1.26289	1.26348			6
2025.02.19	00:30:19.081	1.26293				2
2025.02.19	00:30:33.256		1.26350			4
2025.02.19	00:30:34.196		1.26348			4
2025.02.19	00:30:35.095		1.26350			4
2025.02.19	00:31:01.023	1.26293				2
2025.02.19	00:31:26.114		1.26348			4
2025.02.19	00:31:27.305		1.26350			4
2025.02.19	00:31:29.708	1.26294				2
2025.02.19	00:31:35.309		1.26348			4
2025.02.19	00:31:36.310		1.26350			4
2025.02.19	00:31:39.302		1.26348			4
2025.02.19	00:31:39.893		1.26349			4
2025.02.19	00:31:40.307		1.26350			4
2025.02.19	00:31:42.334	1.26295				2
2025.02.19	00:31:58.141	1.26298	1.26354			6
2025.02.19	00:31:58.928	1.26297				2
2025.02.19	00:32:00.685	1.26298				2
2025.02.19	00:32:01.362		1.26350			4
2025.02.19	00:32:06.402	1.26302	1.26352			6
2025.02.19	00:32:25.257	1.26305	1.26355			6
2025.02.19	00:32:36.442	1.26317	1.26362			6
2025.02.19	00:32:37.551	1.26308	1.26357			6
2025.02.19	00:32:38.377	1.26307				2
2025.02.19	00:32:38.715	1.26304	1.26355			6
2025.02.19	00:32:43.116	1.26319	1.26367			6
2025.02.19	00:32:44.060	1.26303	1.26359			6
2025.02.19	00:32:45.558	1.26307				2
2025.02.19	00:32:46.838	1.26311				2
2025.02.19	00:32:48.716	1.26313	1.26362			6
2025.02.19	00:32:52.341	1.26301	1.26347			6
2025.02.19	00:32:56.100	1.26298				2
2025.02.19	00:32:59.815	1.26294	1.26342			6
2025.02.19	00:33:00.308	1.26294				2
2025.02.19	00:33:01.800	1.26310	1.26362			6
2025.02.19	00:33:03.925	1.26298	1.26352			6
2025.02.19	00:33:04.254		1.26355			4
2025.02.19	00:33:05.291		1.26356			4
2025.02.19	00:33:07.332	1.26281	1.26352			6
2025.02.19	00:33:07.630	1.26282				2
2025.02.19	00:33:09.477	1.26281	1.26348			6
2025.02.19	00:33:09.784	1.26280				2
2025.02.19	00:33:10.090	1.26286	1.26354			6
2025.02.19	00:33:24.466		1.26357			4
2025.02.19	00:33:24.770		1.26359			4
2025.02.19	00:33:27.517	1.26287	1.26361			6
2025.02.19	00:33:28.460	1.26289				2
2025.02.19	00:33:29.394	1.26287				2
2025.02.19	00:33:34.165	1.26290				2
2025.02.19	00:33:34.781	1.26287				2
2025.02.19	00:33:45.293	1.26308	1.26366			6
2025.02.19	00:33:49.623	1.26310				2
2025.02.19	00:33:59.580	1.26292				2
2025.02.19	00:34:00.125	1.26292				2
2025.02.19	00:34:05.613	1.26321	1.26367			6
2025.02.19	00:34:06.651	1.26296	1.26365			6
2025.02.19	00:34:09.321	1.26321	1.26367			6
2025.02.19	00:34:13.869	1.26317				2
2025.02.19	00:34:15.381	1.26291	1.26355			6
2025.02.19	00:34:20.242	1.26299				2
2025.02.19	00:34:20.707	1.26295	1.26358			6
2025.02.19	00:36:09.243	1.26309	1.26360			6
2025.02.19	00:36:34.023		1.26361			4
2025.02.19	00:36:46.620		1.26360			4
2025.02.19	00:36:48.302		1.26359			4
2025.02.19	00:36:55.867		1.26360			4
2025.02.19	00:36:56.801		1.26358			4
2025.02.19	00:37:00.660	1.26309				2
2025.02.19	00:37:07.927		1.26357			4
2025.02.19	00:37:13.367		1.26361			4
2025.02.19	00:37:14.223		1.26360			4
2025.02.19	00:37:14.651		1.26359			4
2025.02.19	00:37:15.365		1.26358			4
2025.02.19	00:37:31.026		1.26357			4
2025.02.19	00:37:33.724		1.26358			4
2025.02.19	00:37:35.523		1.26357			4
2025.02.19	00:37:39.970		1.26359			4
2025.02.19	00:37:41.216		1.26358			4
2025.02.19	00:37:49.630		1.26357			4
2025.02.19	00:37:51.429		1.26358			4
2025.02.19	00:37:54.123	1.26292	1.26348			6
2025.02.19	00:38:00.722	1.26292				2
2025.02.19	00:38:07.840	1.26290				2
2025.02.19	00:38:34.289		1.26350			4
2025.02.19	00:38:53.450	1.26309	1.26356			6
2025.02.19	00:38:55.624		1.26357			4
2025.02.19	00:39:02.692	1.26313	1.26358			6
2025.02.19	00:39:11.559		1.26356			4
2025.02.19	00:39:12.123		1.26358			4
2025.02.19	00:39:34.627	1.26317	1.26362			6
2025.02.19	00:39:50.823		1.26363			4
2025.02.19	00:40:00.177	1.26339	1.26394			6
2025.02.19	00:40:00.489		1.26392			4
2025.02.19	00:40:01.358	1.26324	1.26385			6
2025.02.19	00:40:07.886		1.26388			4
2025.02.19	00:40:17.453		1.26385			4
2025.02.19	00:40:18.882	1.26326	1.26384			6
2025.02.19	00:40:19.928		1.26382			4
2025.02.19	00:40:20.245		1.26384			4
2025.02.19	00:40:24.557	1.26321	1.26385			6
2025.02.19	00:40:27.557	1.26325				2
2025.02.19	00:40:30.341	1.26353	1.26402			6
2025.02.19	00:40:30.642		1.26401			4
2025.02.19	00:40:31.323	1.26336	1.26394			6
2025.02.19	00:40:33.387	1.26335	1.26395			6
2025.02.19	00:40:36.124	1.26336	1.26394			6
2025.02.19	00:40:36.772	1.26335	1.26393			6
2025.02.19	00:40:40.348	1.26338	1.26394			6
2025.02.19	00:40:44.223		1.26395			4
2025.02.19	00:40:45.574		1.26392			4
2025.02.19	00:40:47.790	1.26363	1.26411			6
2025.02.19	00:40:48.890	1.26347	1.26405			6
2025.02.19	00:40:52.862	1.26351	1.26406			6
2025.02.19	00:40:55.350	1.26354	1.26412			6
2025.02.19	00:41:00.206	1.26353				2
2025.02.19	00:41:19.755	1.26361	1.26422			6
2025.02.19	00:41:20.129	1.26373				2
2025.02.19	00:41:23.701	1.26359	1.26417			6
2025.02.19	00:41:25.924		1.26410			4
2025.02.19	00:41:28.011	1.26383	1.26415			6
2025.02.19	00:41:28.384		1.26418			4
2025.02.19	00:41:28.791		1.26422			4
2025.02.19	00:41:29.106	1.26323	1.26411			6
2025.02.19	00:41:29.412		1.26410			4
2025.02.19	00:41:29.713		1.26411			4
2025.02.19	00:41:30.032		1.26409			4
2025.02.19	00:41:31.255		1.26406			4
2025.02.19	00:41:31.566		1.26399			4
2025.02.19	00:41:33.107		1.26398			4
2025.02.19	00:41:34.022		1.26397			4
2025.02.19	00:41:35.269		1.26400			4
2025.02.19	00:41:35.571	1.26362	1.26423			6
2025.02.19	00:41:39.303	1.26365				2
2025.02.19	00:42:00.658	1.26365				2
2025.02.19	00:42:02.188	1.26381	1.26429			6
2025.02.19	00:42:03.347	1.26373				2
2025.02.19	00:42:03.668	1.26369				2
2025.02.19	00:42:04.925	1.26367				2
2025.02.19	00:42:06.331	1.26365	1.26428			6
2025.02.19	00:42:11.438	1.26362	1.26419			6
2025.02.19	00:42:20.103	1.26375	1.26429			6
2025.02.19	00:42:21.584	1.26364				2
2025.02.19	00:42:22.246	1.26319	1.26409			6
2025.02.19	00:42:22.557	1.26320	1.26410			6
2025.02.19	00:42:27.177	1.26319	1.26409			6
2025.02.19	00:42:28.410	1.26318	1.26405			6
2025.02.19	00:42:29.333		1.26404			4
2025.02.19	00:42:30.563		1.26405			4
2025.02.19	00:42:31.484		1.26404			4
2025.02.19	00:42:34.570		1.26403			4
2025.02.19	00:42:34.882		1.26404			4
2025.02.19	00:42:35.185		1.26403			4
2025.02.19	00:42:35.493		1.26404			4
2025.02.19	00:42:37.031		1.26403			4
2025.02.19	00:42:37.642		1.26402			4
2025.02.19	00:42:38.881		1.26400			4
2025.02.19	00:42:40.112		1.26399			4
2025.02.19	00:42:42.272		1.26398			4
2025.02.19	00:42:45.348		1.26397			4
2025.02.19	00:42:46.885		1.26396			4
2025.02.19	00:42:49.962		1.26397			4
2025.02.19	00:42:50.573		1.26395			4
2025.02.19	00:42:51.189		1.26396			4
2025.02.19	00:42:53.035		1.26397			4
2025.02.19	00:42:55.492		1.26396			4
2025.02.19	00:43:00.112	1.26318	1.26395			6
2025.02.19	00:43:00.718		1.26397			4
2025.02.19	00:43:02.255		1.26396			4
2025.02.19	00:43:05.023		1.26394			4
2025.02.19	00:43:05.325	1.26312	1.26372			6
2025.02.19	00:43:05.825	1.26313				2
2025.02.19	00:43:06.140	1.26312				2
2025.02.19	00:43:07.179	1.26311				2
2025.02.19	00:43:40.659		1.26371			4
2025.02.19	00:43:47.629	1.26312				2
2025.02.19	00:43:48.711	1.26311				2
2025.02.19	00:43:53.710		1.26370			4
2025.02.19	00:44:00.658	1.26311				2
2025.02.19	00:44:02.354	1.26312				2
2025.02.19	00:44:05.986	1.26332	1.26393			6
2025.02.19	00:44:06.303		1.26392			4
2025.02.19	00:44:07.159	1.26313	1.26376			6
2025.02.19	00:44:08.078		1.26375			4
2025.02.19	00:44:13.578		1.26376			4
2025.02.19	00:44:14.090	1.26323	1.26385			6
2025.02.19	00:44:34.225		1.26381			4
2025.02.19	00:45:00.430	1.26323				2
2025.02.19	00:45:02.135	1.26293	1.26383			6
2025.02.19	00:45:03.980	1.26323	1.26381			6
2025.02.19	00:45:08.769	1.26339	1.26365			6
2025.02.19	00:45:10.281		1.26366			4
2025.02.19	00:45:12.741	1.26338	1.26358			6
2025.02.19	00:45:14.895		1.26357			4
2025.02.19	00:45:15.204		1.26356			4
2025.02.19	00:45:16.128		1.26357			4
2025.02.19	00:45:17.663		1.26356			4
2025.02.19	00:45:20.436	1.26329	1.26353			6
2025.02.19	00:45:35.211		1.26348			4
2025.02.19	00:45:36.747		1.26350			4
2025.02.19	00:45:37.978		1.26349			4
2025.02.19	00:45:39.206		1.26350			4
2025.02.19	00:45:41.052		1.26349			4
2025.02.19	00:45:41.975		1.26350			4
2025.02.19	00:45:43.208		1.26349			4
2025.02.19	00:45:43.820		1.26351			4
2025.02.19	00:45:44.131		1.26350			4
2025.02.19	00:45:44.439		1.26345			4
2025.02.19	00:45:46.594		1.26344			4
2025.02.19	00:45:47.208		1.26343			4
2025.02.19	00:45:47.821		1.26348			4
2025.02.19	00:45:48.132		1.26344			4
2025.02.19	00:45:49.663	1.26328	1.26342			6
2025.02.19	00:45:53.357	1.26327				2
2025.02.19	00:45:54.591		1.26341			4
2025.02.19	00:45:55.521		1.26342			4
2025.02.19	00:45:56.754		1.26341			4
2025.02.19	00:46:00.131	1.26327				2
2025.02.19	00:46:09.055		1.26340			4
2025.02.19	00:46:14.274		1.26338			4
2025.02.19	00:46:25.053		1.26339			4
2025.02.19	00:46:31.512		1.26341			4
2025.02.19	00:46:50.287		1.26337			4
2025.02.19	00:46:51.215		1.26335			4
2025.02.19	00:47:00.154	1.26327				2
2025.02.19	00:47:02.000	1.26294	1.26352			6
2025.02.19	00:47:03.846	1.26327	1.26335			6
2025.02.19	00:47:10.316		1.26337			4
2025.02.19	00:47:34.312		1.26336			4
2025.02.19	00:47:34.615	1.26313	1.26334			6
2025.02.19	00:47:35.845		1.26333			4
2025.02.19	00:47:42.932	1.26311				2
2025.02.19	00:47:49.705		1.26332			4
2025.02.19	00:47:53.712	1.26303				2
2025.02.19	00:47:59.872	1.26313	1.26335			6
2025.02.19	00:48:00.177	1.26313	1.26333			6
2025.02.19	00:48:02.633		1.26339			4
2025.02.19	00:48:04.171		1.26338			4
2025.02.19	00:48:08.777	1.26314				2
2025.02.19	00:48:10.926		1.26339			4
2025.02.19	00:48:13.394		1.26338			4
2025.02.19	00:48:16.469		1.26335			4
2025.02.19	00:48:20.480	1.26310				2
2025.02.19	00:48:25.413	1.26313	1.26344			6
2025.02.19	00:48:29.732		1.26342			4
2025.02.19	00:48:34.664	1.26314	1.26344			6
2025.02.19	00:48:36.202		1.26343			4
2025.02.19	00:48:38.667	1.26315	1.26342			6
2025.02.19	00:48:41.740	1.26326	1.26341			6
2025.02.19	00:48:47.906		1.26342			4
2025.02.19	00:49:00.213	1.26326				2
2025.02.19	00:49:03.286		1.26343			4
2025.02.19	00:49:13.446		1.26344			4
2025.02.19	00:49:26.372		1.26343			4
2025.02.19	00:49:32.525		1.26340			4
2025.02.19	00:49:32.840		1.26344			4
2025.02.19	00:49:33.143		1.26340			4
2025.02.19	00:49:51.627	1.26325				2
2025.02.19	00:49:52.543	1.26326				2
2025.02.19	00:49:56.544		1.26339			4
2025.02.19	00:49:57.160		1.26347			4
2025.02.19	00:49:57.472	1.26328				2
2025.02.19	00:49:58.396	1.26327	1.26342			6
2025.02.19	00:49:59.621		1.26341			4
2025.02.19	00:49:59.928		1.26340			4
2025.02.19	00:50:00.240	1.26327				2
2025.02.19	00:50:04.854		1.26341			4
2025.02.19	00:50:06.081		1.26340			4
2025.02.19	00:50:09.162		1.26341			4
2025.02.19	00:50:09.470		1.26349			4
2025.02.19	00:50:14.713		1.26343			4
2025.02.19	00:50:17.480		1.26340			4
2025.02.19	00:50:20.255		1.26341			4
2025.02.19	00:50:24.875		1.26342			4
2025.02.19	00:50:27.028	1.26326				2
2025.02.19	00:50:27.337		1.26341			4
2025.02.19	00:50:27.954		1.26340			4
2025.02.19	00:50:31.058		1.26347			4
2025.02.19	00:50:35.063	1.26327				2
2025.02.19	00:50:53.232		1.26350			4
2025.02.19	00:50:57.522		1.26340			4
2025.02.19	00:51:00.295	1.26327				2
2025.02.19	00:51:20.278	1.26332	1.26350			6
2025.02.19	00:51:22.431	1.26333				2
2025.02.19	00:51:39.985	1.26332				2
2025.02.19	00:51:58.176	1.26330				2
2025.02.19	00:52:00.022	1.26330				2
2025.02.19	00:52:15.432	1.26334				2
2025.02.19	00:52:20.359		1.26350			4
2025.02.19	00:53:00.045	1.26334				2
2025.02.19	00:53:15.440		1.26351			4
2025.02.19	00:53:26.510	1.26330				2
2025.02.19	00:53:29.895		1.26350			4
2025.02.19	00:53:30.202		1.26349			4
2025.02.19	00:53:32.658	1.26328	1.26347			6
2025.02.19	00:53:52.662	1.26330	1.26351			6
2025.02.19	00:53:55.432	1.26328	1.26342			6
2025.02.19	00:54:00.050	1.26328				2
2025.02.19	00:54:01.897		1.26344			4
2025.02.19	00:54:06.822		1.26342			4
2025.02.19	00:54:42.858		1.26341			4
2025.02.19	00:54:57.322	1.26327	1.26338			6
2025.02.19	00:54:59.781		1.26339			4
2025.02.19	00:55:00.084	1.26327	1.26343			6
2025.02.19	00:55:03.470		1.26341			4
2025.02.19	00:55:04.708		1.26339			4
2025.02.19	00:55:05.631		1.26337			4
2025.02.19	00:55:29.317		1.26336			4
2025.02.19	00:55:45.664		1.26337			4
2025.02.19	00:56:00.150	1.26327				2
2025.02.19	00:56:05.395		1.26338			4
2025.02.19	00:56:35.536	1.26328	1.26347			6
2025.02.19	00:56:36.460	1.26327	1.26337			6
2025.02.19	00:56:47.823	1.26330	1.26363			6
2025.02.19	00:56:48.125	1.26341	1.26376			6
2025.02.19	00:56:48.744		1.26379			4
2025.02.19	00:56:49.057		1.26380			4
2025.02.19	00:56:49.367	1.26339				2
2025.02.19	00:56:49.982	1.26338				2
2025.02.19	00:56:55.215	1.26345				2
2025.02.19	00:56:57.055	1.26348	1.26382			6
2025.02.19	00:56:58.594	1.26352				2
2025.02.19	00:57:00.131	1.26352				2
2025.02.19	00:57:07.208	1.26351				2
2025.02.19	00:57:11.512		1.26376			4
2025.02.19	00:57:14.583		1.26372			4
2025.02.19	00:57:14.899	1.26331	1.26362			6
2025.02.19	00:58:00.132	1.26331				2
2025.02.19	00:58:01.981		1.26369			4
2025.02.19	00:58:02.282		1.26370			4
2025.02.19	00:58:05.674		1.26364			4
2025.02.19	00:58:05.980	1.26330	1.26362			6
2025.02.19	00:58:26.606	1.26336				2
2025.02.19	00:58:27.833	1.26334				2
2025.02.19	00:58:29.062	1.26330				2
2025.02.19	00:58:29.984	1.26335				2
2025.02.19	00:58:30.295	1.26332				2
2025.02.19	00:58:31.215	1.26331				2
2025.02.19	00:58:32.442	1.26330				2
2025.02.19	00:58:33.669		1.26359			4
2025.02.19	00:58:33.976		1.26362			4
2025.02.19	00:58:34.903		1.26361			4
2025.02.19	00:58:35.513		1.26362			4
2025.02.19	00:58:36.429		1.26361			4
2025.02.19	00:58:36.735		1.26362			4
2025.02.19	00:58:40.121		1.26359			4
2025.02.19	00:58:40.431		1.26362			4
2025.02.19	00:58:42.581		1.26361			4
2025.02.19	00:58:42.886		1.26360			4
2025.02.19	00:58:45.043		1.26362			4
2025.02.19	00:58:45.960		1.26360			4
2025.02.19	00:58:48.723		1.26361			4
2025.02.19	00:58:49.337		1.26362			4
2025.02.19	00:58:53.639		1.26361			4
2025.02.19	00:58:53.943		1.26360			4
2025.02.19	00:58:54.255		1.26361			4
2025.02.19	00:58:55.483		1.26362			4
2025.02.19	00:59:00.101	1.26330				2
2025.02.19	00:59:09.016	1.26331				2
2025.02.19	00:59:12.402	1.26330				2
2025.02.19	00:59:15.168		1.26361			4
2025.02.19	00:59:15.472		1.26360			4
2025.02.19	00:59:18.548		1.26361			4
2025.02.19	00:59:18.849		1.26362			4
2025.02.19	00:59:19.156		1.26360			4
2025.02.19	00:59:21.005		1.26361			4
2025.02.19	00:59:21.615		1.26362			4
2025.02.19	00:59:38.209		1.26359			4
2025.02.19	00:59:58.477	1.26325	1.26357			6
2025.02.19	00:59:58.783	1.26331	1.26359			6
2025.02.19	01:00:00.010	1.26331				2
2025.02.19	01:00:00.315	1.26337	1.26345			6
2025.02.19	01:00:00.621	1.26339	1.26347			6
2025.02.19	01:00:01.227		1.26350			4
2025.02.19	01:00:01.531	1.26336	1.26347			6
2025.02.19	01:00:01.833	1.26332	1.26342			6
2025.02.19	01:00:02.134	1.26334	1.26345			6
2025.02.19	01:00:02.437	1.26331	1.26342			6
2025.02.19	01:00:02.746	1.26330	1.26341			6
2025.02.19	01:00:03.055	1.26334	1.26345			6
2025.02.19	01:00:03.669	1.26304	1.26347			6
2025.02.19	01:00:04.592	1.26320	1.26341			6
2025.02.19	01:00:05.825		1.26340			4
2025.02.19	01:00:06.128		1.26342			4
2025.02.19	01:00:06.439		1.26340			4
2025.02.19	01:00:06.746	1.26324	1.26334			6
2025.02.19	01:00:08.280	1.26325				2
2025.02.19	01:00:08.586	1.26306	1.26326			6
2025.02.19	01:00:08.890	1.26310				2
2025.02.19	01:00:09.193	1.26311	1.26328			6
2025.02.19	01:00:09.502	1.26309	1.26327			6
2025.02.19	01:00:09.809	1.26308	1.26328			6
2025.02.19	01:00:10.111	1.26310	1.26331			6
2025.02.19	01:00:10.419	1.26315				2
2025.02.19	01:00:10.723	1.26313				2
2025.02.19	01:00:11.028	1.26307	1.26334			6
2025.02.19	01:00:11.331		1.26335			4
2025.02.19	01:00:11.633		1.26334			4
2025.02.19	01:00:12.237		1.26335			4
2025.02.19	01:00:13.448	1.26295	1.26324			6
2025.02.19	01:00:13.750	1.26294	1.26323			6
2025.02.19	01:00:14.363		1.26324			4
2025.02.19	01:00:15.283		1.26322			4
2025.02.19	01:00:15.585	1.26297	1.26329			6
2025.02.19	01:00:15.889	1.26296	1.26328			6
2025.02.19	01:00:16.192	1.26299	1.26329			6
2025.02.19	01:00:16.509		1.26327			4
2025.02.19	01:00:17.117	1.26310	1.26319			6
2025.02.19	01:00:17.421	1.26300	1.26326			6
2025.02.19	01:00:18.045	1.26311	1.26320			6
2025.02.19	01:00:18.351	1.26301				2
2025.02.19	01:00:18.973		1.26321			4
2025.02.19	01:00:19.280	1.26312	1.26320			6
2025.02.19	01:00:19.582	1.26298				2
2025.02.19	01:00:19.885	1.26310	1.26319			6
2025.02.19	01:00:20.200	1.26309	1.26318			6
2025.02.19	01:00:22.344	1.26310				2
2025.02.19	01:00:23.555	1.26309				2
2025.02.19	01:00:25.703	1.26308	1.26317			6
2025.02.19	01:00:26.004	1.26309	1.26318			6
2025.02.19	01:00:26.310	1.26308	1.26317			6
2025.02.19	01:00:30.283	1.26307	1.26316			6
2025.02.19	01:00:31.822	1.26308	1.26317			6
2025.02.19	01:00:32.130	1.26307	1.26316			6
2025.02.19	01:00:32.436	1.26306	1.26315			6
2025.02.19	01:00:32.742	1.26307	1.26316			6
2025.02.19	01:00:33.656	1.26304	1.26313			6
2025.02.19	01:00:33.960	1.26294	1.26319			6
2025.02.19	01:00:34.262	1.26306	1.26315			6
2025.02.19	01:00:34.570	1.26305	1.26314			6
2025.02.19	01:00:35.181	1.26292	1.26318			6
2025.02.19	01:00:35.805	1.26294	1.26316			6
2025.02.19	01:00:36.112	1.26306	1.26315			6
2025.02.19	01:00:39.183	1.26305	1.26314			6
2025.02.19	01:00:39.488	1.26304	1.26313			6
2025.02.19	01:00:39.794	1.26306	1.26315			6
2025.02.19	01:00:40.095	1.26302	1.26307			6
2025.02.19	01:00:49.264	1.26301	1.26306			6
2025.02.19	01:00:57.225	1.26302	1.26307			6
2025.02.19	01:01:00.275	1.26302				2
2025.02.19	01:01:03.026	1.26301	1.26306			6
2025.02.19	01:01:03.330	1.26300	1.26305			6
2025.02.19	01:01:04.249	1.26301	1.26306			6
2025.02.19	01:01:04.861	1.26300	1.26305			6
2025.02.19	01:01:09.161	1.26296	1.26301			6
2025.02.19	01:01:15.579	1.26291	1.26296			6
2025.02.19	01:01:15.880	1.26293	1.26298			6
2025.02.19	01:01:18.933	1.26298	1.26300			6
2025.02.19	01:01:19.243	1.26299	1.26302			6
2025.02.19	01:01:19.858		1.26301			4
2025.02.19	01:01:20.163	1.26293	1.26298			6
2025.02.19	01:01:20.468	1.26294				2
2025.02.19	01:01:21.074	1.26298	1.26299			6
2025.02.19	01:01:21.375	1.26294				2
2025.02.19	01:01:23.801		1.26298			4
2025.02.19	01:01:24.104	1.26297	1.26300			6
2025.02.19	01:01:26.249	1.26296	1.26301			6
2025.02.19	01:01:26.552	1.26295	1.26300			6
2025.02.19	01:01:27.162	1.26296	1.26301			6
2025.02.19	01:01:28.089	1.26295	1.26300			6
2025.02.19	01:01:29.923	1.26294	1.26299			6
2025.02.19	01:01:32.069	1.26295	1.26300			6
2025.02.19	01:01:32.381	1.26293	1.26298			6
2025.02.19	01:01:33.309	1.26294	1.26299			6
2025.02.19	01:01:33.620	1.26293	1.26298			6
2025.02.19	01:01:34.530	1.26294	1.26299			6
2025.02.19	01:01:35.143		1.26298			4
2025.02.19	01:01:39.759		1.26297			4
2025.02.19	01:01:40.069	1.26293				2
2025.02.19	01:01:42.512		1.26296			4
2025.02.19	01:01:44.353		1.26298			4
2025.02.19	01:01:44.655		1.26297			4
2025.02.19	01:01:44.971		1.26296			4
2025.02.19	01:01:46.191		1.26298			4
2025.02.19	01:01:46.498	1.26294	1.26299			6
2025.02.19	01:01:47.705	1.26293	1.26298			6
2025.02.19	01:01:48.934	1.26294				2
2025.02.19	01:01:51.711	1.26296	1.26301			6
2025.02.19	01:01:52.324	1.26295	1.26300			6
2025.02.19	01:01:57.530	1.26296	1.26301			6
2025.02.19	01:02:00.289	1.26296				2
2025.02.19	01:02:05.168	1.26294	1.26299			6
2025.02.19	01:02:09.751	1.26292	1.26297			6
2025.02.19	01:02:10.052	1.26293	1.26298			6
2025.02.19	01:02:10.354	1.26291	1.26296			6
2025.02.19	01:02:12.491	1.26292				2
2025.02.19	01:02:14.024		1.26297			4
2025.02.19	01:02:15.556		1.26296			4
2025.02.19	01:02:17.084	1.26290	1.26295			6
2025.02.19	01:02:17.697	1.26289	1.26294			6
2025.02.19	01:02:19.218	1.26290	1.26295			6
2025.02.19	01:02:19.527	1.26289	1.26294			6
2025.02.19	01:02:21.653	1.26288	1.26293			6
2025.02.19	01:02:24.701	1.26287	1.26292			6
2025.02.19	01:02:25.920	1.26288	1.26293			6
2025.02.19	01:02:26.829	1.26287	1.26292			6
2025.02.19	01:02:27.132	1.26286	1.26291			6
2025.02.19	01:02:28.652	1.26290				2
2025.02.19	01:02:28.958	1.26287	1.26292			6
2025.02.19	01:02:30.175		1.26291			4
2025.02.19	01:02:31.090		1.26292			4
2025.02.19	01:02:31.401		1.26291			4
2025.02.19	01:02:46.664		1.26290			4
2025.02.19	01:02:47.271	1.26288	1.26293			6
2025.02.19	01:02:52.479	1.26285	1.26290			6
2025.02.19	01:02:54.014	1.26289	1.26294			6
2025.02.19	01:02:54.316	1.26288	1.26293			6
2025.02.19	01:02:55.565	1.26287	1.26292			6
2025.02.19	01:02:56.481	1.26288	1.26293			6
2025.02.19	01:03:00.145	1.26288				2
2025.02.19	01:03:00.754	1.26289	1.26292			6
2025.02.19	01:03:01.981	1.26287				2
2025.02.19	01:03:03.514	1.26288	1.26293			6
2025.02.19	01:03:07.766	1.26304	1.26309			6
2025.02.19	01:03:08.072	1.26305				2
2025.02.19	01:03:08.683	1.26306				2
2025.02.19	01:03:08.990	1.26307				2
2025.02.19	01:03:09.306	1.26308				2
2025.02.19	01:03:10.840	1.26306				2
2025.02.19	01:03:11.146		1.26308			4
2025.02.19	01:03:14.529	1.26305				2
2025.02.19	01:03:14.834	1.26304	1.26307			6
2025.02.19	01:03:15.144	1.26303				2
2025.02.19	01:03:19.137	1.26304				2
2025.02.19	01:03:27.729	1.26303				2
2025.02.19	01:03:28.344		1.26306			4
2025.02.19	01:03:31.105	1.26304				2
2025.02.19	01:03:33.556		1.26307			4
2025.02.19	01:03:34.163	1.26303	1.26306			6
2025.02.19	01:03:39.930	1.26302				2
2025.02.19	01:03:47.543		1.26305			4
2025.02.19	01:03:52.442		1.26307			4
2025.02.19	01:03:56.414	1.26299	1.26302			6
2025.02.19	01:03:56.716	1.26297	1.26301			6
2025.02.19	01:04:00.104	1.26297				2
2025.02.19	01:04:02.841	1.26303	1.26307			6
2025.02.19	01:04:03.151	1.26304				2
2025.02.19	01:04:04.078	1.26305				2
2025.02.19	01:04:05.600		1.26308			4
2025.02.19	01:04:06.208	1.26303	1.26305			6
2025.02.19	01:04:06.524	1.26302				2
2025.02.19	01:04:06.826		1.26304			4
2025.02.19	01:04:07.449		1.26305			4
2025.02.19	01:04:07.758	1.26301	1.26306			6
2025.02.19	01:04:08.372		1.26305			4
2025.02.19	01:04:08.681		1.26306			4
2025.02.19	01:04:09.299	1.26300	1.26305			6
2025.02.19	01:04:09.610	1.26301	1.26306			6
2025.02.19	01:04:10.224	1.26302				2
2025.02.19	01:04:11.148		1.26305			4
2025.02.19	01:04:11.765		1.26306			4
2025.02.19	01:04:13.615	1.26304	1.26307			6
2025.02.19	01:04:14.231	1.26305				2
2025.02.19	01:04:15.160	1.26304				2
2025.02.19	01:04:17.943		1.26309			4
2025.02.19	01:04:18.251	1.26303	1.26308			6
2025.02.19	01:04:20.097		1.26306			4
2025.02.19	01:04:25.348	1.26302				2
2025.02.19	01:04:29.045	1.26301				2
2025.02.19	01:04:32.133	1.26295	1.26300			6
2025.02.19	01:04:35.220		1.26299			4
2025.02.19	01:04:35.528	1.26292	1.26297			6
2025.02.19	01:04:35.841	1.26293	1.26298			6
2025.02.19	01:04:36.760		1.26297			4
2025.02.19	01:04:37.376		1.26298			4
2025.02.19	01:04:40.752	1.26291	1.26296			6
2025.02.19	01:04:42.285	1.26290	1.26295			6
2025.02.19	01:05:00.078	1.26290				2
2025.02.19	01:05:08.346	1.26289	1.26294			6
2025.02.19	01:05:08.957	1.26290	1.26295			6
2025.02.19	01:05:10.482	1.26289	1.26294			6
2025.02.19	01:05:11.710	1.26291	1.26296			6
2025.02.19	01:05:17.237	1.26290	1.26295			6
2025.02.19	01:05:17.540	1.26289	1.26294			6
2025.02.19	01:05:21.538	1.26290	1.26295			6
2025.02.19	01:05:25.542	1.26289	1.26294			6
2025.02.19	01:05:25.853	1.26290	1.26295			6
2025.02.19	01:05:30.782	1.26287	1.26291			6
2025.02.19	01:05:32.012	1.26285	1.26289			6
2025.02.19	01:05:32.940	1.26282	1.26287			6
2025.02.19	01:05:42.499		1.26286			4
2025.02.19	01:05:43.117	1.26279	1.26283			6
2025.02.19	01:05:43.427	1.26280	1.26282			6
2025.02.19	01:05:44.045	1.26281				2
2025.02.19	01:05:44.969		1.26283			4
2025.02.19	01:05:45.895	1.26280				2
2025.02.19	01:05:48.368	1.26279	1.26284			6
2025.02.19	01:05:49.289	1.26280	1.26285			6
2025.02.19	01:05:49.598	1.26279	1.26284			6
2025.02.19	01:05:54.541		1.26283			4
2025.02.19	01:05:54.850	1.26276	1.26279			6
2025.02.19	01:05:59.161		1.26278			4
2025.02.19	01:06:00.086	1.26276				2
2025.02.19	01:06:00.705	1.26272	1.26277			6
2025.02.19	01:06:07.793	1.26271	1.26276			6
2025.02.19	01:06:08.714	1.26272	1.26277			6
2025.02.19	01:06:09.024	1.26271	1.26276			6
2025.02.19	01:06:11.802	1.26270	1.26274			6
2025.02.19	01:06:15.812	1.26269				2
2025.02.19	01:06:16.741	1.26270				2
2025.02.19	01:06:17.363	1.26268	1.26271			6
2025.02.19	01:06:17.668	1.26272	1.26276			6
2025.02.19	01:06:18.289		1.26277			4
2025.02.19	01:06:21.361	1.26271	1.26276			6
2025.02.19	01:06:21.978	1.26273	1.26278			6
2025.02.19	01:06:23.518	1.26274	1.26279			6
2025.02.19	01:06:23.824	1.26275	1.26280			6
2025.02.19	01:06:24.139	1.26274	1.26279			6
2025.02.19	01:06:24.447	1.26275	1.26280			6
2025.02.19	01:06:25.370	1.26274	1.26279			6
2025.02.19	01:06:29.068	1.26275				2
2025.02.19	01:06:29.378	1.26274				2
2025.02.19	01:06:30.300	1.26275				2
2025.02.19	01:06:31.231	1.26274				2
2025.02.19	01:06:32.773	1.26275				2
2025.02.19	01:06:34.008	1.26274				2
2025.02.19	01:06:42.324		1.26278			4
2025.02.19	01:06:47.824	1.26275	1.26279			6
2025.02.19	01:06:48.126	1.26276				2
2025.02.19	01:06:52.739	1.26275				2
2025.02.19	01:06:54.275	1.26276				2
2025.02.19	01:06:54.585	1.26275				2
2025.02.19	01:06:57.665	1.26276				2
2025.02.19	01:06:57.970	1.26275				2
2025.02.19	01:07:00.122	1.26276				2
2025.02.19	01:07:04.108	1.26275				2
2025.02.19	01:07:06.260	1.26276				2
2025.02.19	01:07:07.487	1.26275				2
2025.02.19	01:07:08.727	1.26276				2
2025.02.19	01:07:10.268	1.26275				2
2025.02.19	01:07:11.189	1.26276				2
2025.02.19	01:07:31.531	1.26274	1.26278			6
2025.02.19	01:07:31.843	1.26275	1.26279			6
2025.02.19	01:07:40.474	1.26274	1.26278			6
2025.02.19	01:07:41.707	1.26273	1.26277			6
2025.02.19	01:07:42.327	1.26270	1.26274			6
2025.02.19	01:07:43.868	1.26269	1.26273			6
2025.02.19	01:07:51.247	1.26270	1.26274			6
2025.02.19	01:07:52.778	1.26271	1.26275			6
2025.02.19	01:07:54.622	1.26269	1.26273			6
2025.02.19	01:07:59.539	1.26272	1.26276			6
2025.02.19	01:08:00.153	1.26272	1.26277			6
2025.02.19	01:08:00.467	1.26270	1.26275			6
2025.02.19	01:08:00.770	1.26268	1.26273			6
2025.02.19	01:08:01.079	1.26269	1.26274			6
2025.02.19	01:08:06.326	1.26272	1.26277			6
2025.02.19	01:08:18.631	1.26270	1.26275			6
2025.02.19	01:08:19.246	1.26269	1.26274			6
2025.02.19	01:08:24.161	1.26270	1.26275			6
2025.02.19	01:08:26.624	1.26269	1.26274			6
2025.02.19	01:08:28.162	1.26270	1.26273			6
2025.02.19	01:08:28.469	1.26269				2
2025.02.19	01:08:37.083	1.26268				2
2025.02.19	01:08:40.467	1.26269	1.26274			6
2025.02.19	01:08:40.774	1.26268	1.26273			6
2025.02.19	01:08:45.695	1.26269	1.26274			6
2025.02.19	01:08:46.002	1.26268	1.26273			6
2025.02.19	01:08:50.304		1.26272			4
2025.02.19	01:08:50.609	1.26272	1.26276			6
2025.02.19	01:08:51.225		1.26277			4
2025.02.19	01:08:51.533	1.26273	1.26278			6
2025.02.19	01:08:53.681	1.26272	1.26277			6
2025.02.19	01:08:54.909	1.26269	1.26274			6
2025.02.19	01:08:55.223	1.26270	1.26275			6
2025.02.19	01:08:55.834	1.26269	1.26274			6
2025.02.19	01:09:00.139	1.26269				2
2025.02.19	01:09:01.370	1.26268	1.26273			6
2025.02.19	01:09:03.831	1.26269	1.26274			6
2025.02.19	01:09:04.749	1.26268	1.26273			6
2025.02.19	01:09:08.749	1.26269	1.26274			6
2025.02.19	01:09:10.286	1.26268	1.26273			6
2025.02.19	01:09:10.901	1.26267	1.26272			6
2025.02.19	01:09:12.138		1.26274			4
2025.02.19	01:09:12.445	1.26268				2
2025.02.19	01:09:12.750	1.26267				2
2025.02.19	01:09:13.056	1.26266	1.26270			6
2025.02.19	01:09:13.365		1.26269			4
2025.02.19	01:09:17.032	1.26263	1.26267			6
2025.02.19	01:09:17.338	1.26262				2
2025.02.19	01:09:17.948	1.26263				2
2025.02.19	01:09:18.252	1.26262				2
2025.02.19	01:09:18.864	1.26263				2
2025.02.19	01:09:19.174	1.26262				2
2025.02.19	01:09:21.936		1.26264			4
2025.02.19	01:09:22.241	1.26261				2
2025.02.19	01:09:26.244	1.26260				2
2025.02.19	01:09:29.008	1.26261				2
2025.02.19	01:09:29.314	1.26260				2
2025.02.19	01:09:29.928	1.26254	1.26256			6
2025.02.19	01:09:30.240	1.26250	1.26255			6
2025.02.19	01:09:30.857	1.26251				2
2025.02.19	01:09:31.169	1.26250				2
2025.02.19	01:09:38.539	1.26247	1.26253			6
2025.02.19	01:09:40.071	1.26246	1.26250			6
2025.02.19	01:09:40.381		1.26252			4
2025.02.19	01:09:41.307	1.26247				2
2025.02.19	01:09:49.307	1.26248				2
2025.02.19	01:09:52.998		1.26251			4
2025.02.19	01:09:55.462		1.26252			4
2025.02.19	01:09:55.773	1.26247				2
2025.02.19	01:09:57.615	1.26246	1.26250			6
2025.02.19	01:09:57.921	1.26244	1.26248			6
2025.02.19	01:09:58.228		1.26247			4
2025.02.19	01:09:58.528	1.26241	1.26244			6
2025.02.19	01:09:58.840	1.26240				2
2025.02.19	01:10:00.064	1.26239				2
2025.02.19	01:10:00.373	1.26237	1.26243			6
2025.02.19	01:10:00.982	1.26238				2
2025.02.19	01:10:01.286	1.26237				2
2025.02.19	01:10:02.206	1.26238				2
2025.02.19	01:10:02.513	1.26239	1.26244			6
2025.02.19	01:10:06.507		1.26242			4
2025.02.19	01:10:06.813	1.26238				2
2025.02.19	01:10:07.121		1.26243			4
2025.02.19	01:10:07.734	1.26239	1.26244			6
2025.02.19	01:10:08.951	1.26240				2
2025.02.19	01:10:11.102	1.26238	1.26241			6
2025.02.19	01:10:11.413		1.26242			4
2025.02.19	01:10:12.022	1.26237				2
2025.02.19	01:10:16.336	1.26239	1.26243			6
2025.02.19	01:10:17.258		1.26242			4
2025.02.19	01:10:18.785	1.26238				2
2025.02.19	01:10:21.845	1.26239				2
2025.02.19	01:10:22.151	1.26243	1.26244			6
2025.02.19	01:10:25.532	1.26242	1.26243			6
2025.02.19	01:10:28.909	1.26250	1.26251			6
2025.02.19	01:10:29.216	1.26248	1.26249			6
2025.02.19	01:10:29.525	1.26256	1.26257			6
2025.02.19	01:10:30.756	1.26257	1.26258			6
2025.02.19	01:10:31.060	1.26256	1.26257			6
2025.02.19	01:10:31.367	1.26252	1.26256			6
2025.02.19	01:10:36.912		1.26257			4
2025.02.19	01:10:40.299	1.26247	1.26253			6
2025.02.19	01:10:40.611	1.26251	1.26254			6
2025.02.19	01:10:41.222		1.26255			4
2025.02.19	01:10:42.145	1.26247	1.26253			6
2025.02.19	01:10:42.452	1.26245	1.26251			6
2025.02.19	01:10:42.764	1.26246	1.26252			6
2025.02.19	01:10:43.068	1.26245	1.26251			6
2025.02.19	01:10:44.298	1.26246	1.26252			6
2025.02.19	01:10:44.608	1.26245	1.26251			6
2025.02.19	01:10:46.451	1.26247	1.26252			6
2025.02.19	01:10:47.382	1.26253	1.26254			6
2025.02.19	01:10:47.686	1.26252	1.26255			6
2025.02.19	01:10:48.002		1.26256			4
2025.02.19	01:10:48.304		1.26255			4
2025.02.19	01:10:48.620		1.26256			4
2025.02.19	01:10:51.389	1.26251	1.26255			6
2025.02.19	01:10:51.699		1.26254			4
2025.02.19	01:10:52.316		1.26255			4
2025.02.19	01:10:52.929	1.26246	1.26252			6
2025.02.19	01:10:53.245	1.26242	1.26247			6
2025.02.19	01:10:53.546		1.26248			4
2025.02.19	01:10:53.855	1.26241	1.26247			6
2025.02.19	01:10:59.401	1.26240	1.26246			6
2025.02.19	01:11:00.017	1.26240	1.26245			6
2025.02.19	01:11:01.247		1.26246			4
2025.02.19	01:11:05.230		1.26245			4
2025.02.19	01:11:07.373	1.26241				2
2025.02.19	01:11:10.134		1.26246			4
2025.02.19	01:11:14.123		1.26245			4
2025.02.19	01:11:15.349		1.26246			4
2025.02.19	01:11:19.328		1.26245			4
2025.02.19	01:11:21.471		1.26246			4
2025.02.19	01:11:24.563	1.26238	1.26243			6
2025.02.19	01:11:25.178	1.26237				2
2025.02.19	01:11:25.487	1.26236	1.26242			6
2025.02.19	01:11:27.642	1.26237	1.26243			6
2025.02.19	01:11:28.258	1.26238				2
2025.02.19	01:11:28.564	1.26233	1.26238			6
2025.02.19	01:11:29.180	1.26232				2
2025.02.19	01:11:29.793	1.26233	1.26239			6
2025.02.19	01:11:33.494		1.26238			4
2025.02.19	01:11:38.417	1.26232				2
2025.02.19	01:11:40.279	1.26233				2
2025.02.19	01:11:45.517		1.26237			4
2025.02.19	01:11:47.057	1.26232	1.26236			6
2025.02.19	01:11:48.599		1.26237			4
2025.02.19	01:11:49.211	1.26231	1.26236			6
2025.02.19	01:11:50.128	1.26232	1.26237			6
2025.02.19	01:11:53.222	1.26233				2
2025.02.19	01:11:53.526	1.26232				2
2025.02.19	01:11:53.832	1.26233				2
2025.02.19	01:11:56.296	1.26232				2
2025.02.19	01:12:00.290	1.26232				2
2025.02.19	01:12:01.209		1.26236			4
2025.02.19	01:12:02.122		1.26237			4
2025.02.19	01:12:04.580		1.26236			4
2025.02.19	01:12:04.889		1.26237			4
2025.02.19	01:12:05.502	1.26231	1.26236			6
2025.02.19	01:12:05.807		1.26235			4
2025.02.19	01:12:06.108		1.26236			4
2025.02.19	01:12:14.998	1.26232	1.26237			6
2025.02.19	01:12:15.613	1.26231	1.26236			6
2025.02.19	01:12:21.159		1.26235			4
2025.02.19	01:12:22.397		1.26236			4
2025.02.19	01:12:23.006	1.26235	1.26238			6
2025.02.19	01:12:23.308	1.26239	1.26244			6
2025.02.19	01:12:24.237	1.26238				2
2025.02.19	01:12:24.850	1.26239	1.26245			6
2025.02.19	01:12:25.156	1.26240	1.26246			6
2025.02.19	01:12:25.462	1.26239	1.26245			6
2025.02.19	01:12:28.237	1.26241	1.26247			6
2025.02.19	01:12:28.545	1.26240	1.26246			6
2025.02.19	01:12:28.852	1.26239	1.26245			6
2025.02.19	01:12:30.690	1.26241	1.26246			6
2025.02.19	01:12:32.237		1.26247			4
2025.02.19	01:12:32.547		1.26246			4
2025.02.19	01:12:33.471	1.26243	1.26248			6
2025.02.19	01:12:33.774	1.26254	1.26257			6
2025.02.19	01:12:36.856		1.26258			4
2025.02.19	01:12:37.479	1.26253				2
2025.02.19	01:12:38.711		1.26257			4
2025.02.19	01:12:42.397		1.26256			4
2025.02.19	01:12:42.702		1.26255			4
2025.02.19	01:12:43.620		1.26257			4
2025.02.19	01:12:44.234		1.26258			4
2025.02.19	01:12:47.594		1.26257			4
2025.02.19	01:12:47.901		1.26258			4
2025.02.19	01:12:49.735	1.26252	1.26257			6
2025.02.19	01:12:50.346	1.26253				2
2025.02.19	01:12:51.571	1.26252				2
2025.02.19	01:12:51.879	1.26251	1.26256			6
2025.02.19	01:12:54.332	1.26252				2
2025.02.19	01:12:56.791		1.26257			4
2025.02.19	01:12:57.407		1.26256			4
2025.02.19	01:13:00.170	1.26252				2
2025.02.19	01:13:02.017	1.26251				2
2025.02.19	01:13:06.025	1.26252				2
2025.02.19	01:13:06.645		1.26255			4
2025.02.19	01:13:06.953	1.26251				2
2025.02.19	01:13:07.874	1.26253	1.26256			6
2025.02.19	01:13:08.185		1.26257			4
2025.02.19	01:13:12.809	1.26252				2
2025.02.19	01:13:14.348	1.26243	1.26247			6
2025.02.19	01:13:14.657	1.26242				2
2025.02.19	01:13:19.278	1.26243	1.26249			6
2025.02.19	01:13:19.895	1.26241	1.26247			6
2025.02.19	01:13:21.434	1.26242	1.26248			6
2025.02.19	01:13:22.977	1.26243	1.26249			6
2025.02.19	01:13:26.986	1.26245	1.26250			6
2025.02.19	01:13:32.218	1.26244				2
2025.02.19	01:13:35.607	1.26243	1.26249			6
2025.02.19	01:13:37.763	1.26242	1.26248			6
2025.02.19	01:13:38.072	1.26243	1.26249			6
2025.02.19	01:13:39.616	1.26245	1.26250			6
2025.02.19	01:13:40.542	1.26243	1.26249			6
2025.02.19	01:13:43.011	1.26245	1.26251			6
2025.02.19	01:13:44.857	1.26239	1.26245			6
2025.02.19	01:13:45.168	1.26241				2
2025.02.19	01:13:54.722	1.26240				2
2025.02.19	01:13:55.647	1.26242				2
2025.02.19	01:13:55.952		1.26246			4
2025.02.19	01:13:56.570	1.26240				2
2025.02.19	01:13:59.341		1.26245			4
2025.02.19	01:13:59.644		1.26246			4
2025.02.19	01:14:00.264	1.26240				2
2025.02.19	01:14:00.575	1.26239	1.26245			6
2025.02.19	01:14:02.118	1.26240				2
2025.02.19	01:14:02.423	1.26241	1.26246			6
2025.02.19	01:14:03.353	1.26242	1.26245			6
2025.02.19	01:14:03.659	1.26241				2
2025.02.19	01:14:04.273	1.26239	1.26241			6
2025.02.19	01:14:04.586	1.26236	1.26240			6
2025.02.19	01:14:06.122	1.26235				2
2025.02.19	01:14:07.355	1.26234	1.26239			6
2025.02.19	01:14:07.664	1.26237	1.26240			6
2025.02.19	01:14:09.212	1.26236				2
2025.02.19	01:14:09.518	1.26235				2
2025.02.19	01:14:10.136	1.26236				2
2025.02.19	01:14:10.443	1.26237				2
2025.02.19	01:14:10.758	1.26234	1.26239			6
2025.02.19	01:14:12.603	1.26235	1.26240			6
2025.02.19	01:14:15.680	1.26237				2
2025.02.19	01:14:16.918	1.26235				2
2025.02.19	01:14:17.229	1.26237				2
2025.02.19	01:14:18.152	1.26234	1.26239			6
2025.02.19	01:14:18.462	1.26235				2
2025.02.19	01:14:21.236	1.26234				2
2025.02.19	01:14:22.154	1.26235				2
2025.02.19	01:14:30.798	1.26238	1.26242			6
2025.02.19	01:14:31.102	1.26240	1.26245			6
2025.02.19	01:14:32.033	1.26241				2
2025.02.19	01:14:33.266	1.26240				2
2025.02.19	01:14:33.573	1.26241				2
2025.02.19	01:14:42.510	1.26240				2
2025.02.19	01:14:43.427	1.26239	1.26244			6
2025.02.19	01:14:45.589		1.26243			4
2025.02.19	01:14:48.981	1.26238				2
2025.02.19	01:14:49.283	1.26239				2
2025.02.19	01:14:59.146	1.26238				2
2025.02.19	01:14:59.458	1.26239				2
2025.02.19	01:15:00.070	1.26239				2
2025.02.19	01:15:00.378	1.26242	1.26247			6
2025.02.19	01:15:03.471	1.26243	1.26248			6
2025.02.19	01:15:08.086	1.26244				2
2025.02.19	01:15:29.329		1.26247			4
2025.02.19	01:15:29.630		1.26248			4
2025.02.19	01:15:33.913	1.26242	1.26246			6
2025.02.19	01:15:34.217	1.26243				2
2025.02.19	01:15:39.413	1.26239	1.26242			6
2025.02.19	01:15:40.021		1.26243			4
2025.02.19	01:15:40.330	1.26241	1.26245			6
2025.02.19	01:15:40.638	1.26240				2
2025.02.19	01:15:41.559	1.26242	1.26247			6
2025.02.19	01:15:41.867	1.26241	1.26246			6
2025.02.19	01:15:42.173	1.26243	1.26247			6
2025.02.19	01:15:42.484	1.26242				2
2025.02.19	01:15:50.796	1.26243				2
2025.02.19	01:15:51.721	1.26242				2
2025.02.19	01:15:52.337	1.26243				2
2025.02.19	01:15:54.200	1.26242				2
2025.02.19	01:15:57.278		1.26246			4
2025.02.19	01:15:59.119	1.26245				2
2025.02.19	01:15:59.430		1.26247			4
2025.02.19	01:16:00.042	1.26245				2
2025.02.19	01:16:00.962	1.26243				2
2025.02.19	01:16:02.798	1.26244				2
2025.02.19	01:16:06.174		1.26248			4
2025.02.19	01:16:10.771	1.26243	1.26247			6
2025.02.19	01:16:11.698	1.26244	1.26248			6
2025.02.19	01:16:12.006	1.26243	1.26247			6
2025.02.19	01:16:12.925	1.26244	1.26248			6
2025.02.19	01:16:14.161	1.26243	1.26247			6
2025.02.19	01:16:15.086	1.26244				2
2025.02.19	01:16:15.388	1.26243				2
2025.02.19	01:16:16.308	1.26244				2
2025.02.19	01:16:33.879	1.26241	1.26244			6
2025.02.19	01:16:34.494		1.26245			4
2025.02.19	01:16:34.802	1.26242	1.26246			6
2025.02.19	01:16:35.109	1.26243				2
2025.02.19	01:16:35.419	1.26242				2
2025.02.19	01:16:38.186	1.26241	1.26245			6
2025.02.19	01:16:38.495	1.26242	1.26246			6
2025.02.19	01:16:39.420	1.26241	1.26245			6
2025.02.19	01:16:40.345	1.26242	1.26246			6
2025.02.19	01:16:44.034	1.26241	1.26245			6
2025.02.19	01:16:50.190	1.26242				2
2025.02.19	01:16:50.797	1.26241				2
2025.02.19	01:16:55.711	1.26232	1.26236			6
2025.02.19	01:16:56.013	1.26234				2
2025.02.19	01:16:56.333	1.26233				2
2025.02.19	01:16:56.639	1.26232				2
2025.02.19	01:16:56.948	1.26233				2
2025.02.19	01:16:57.252	1.26230	1.26233			6
2025.02.19	01:17:00.031	1.26230				2
2025.02.19	01:17:00.651	1.26229	1.26232			6
2025.02.19	01:17:00.956	1.26233	1.26236			6
2025.02.19	01:17:03.725	1.26232				2
2025.02.19	01:17:04.342	1.26233				2
2025.02.19	01:17:05.877		1.26237			4
2025.02.19	01:17:10.188	1.26234				2
2025.02.19	01:17:13.570	1.26232				2
2025.02.19	01:17:13.877	1.26234				2
2025.02.19	01:17:14.185	1.26233				2
2025.02.19	01:17:15.713	1.26234				2
2025.02.19	01:17:21.539	1.26233				2
2025.02.19	01:17:24.600	1.26234				2
2025.02.19	01:17:26.138	1.26233				2
2025.02.19	01:17:27.062	1.26234				2
2025.02.19	01:17:35.396	1.26235				2
2025.02.19	01:17:40.949		1.26236			4
2025.02.19	01:18:00.046	1.26235				2
2025.02.19	01:18:00.967	1.26234				2
2025.02.19	01:18:06.215	1.26235				2
2025.02.19	01:18:27.452	1.26233	1.26235			6
2025.02.19	01:18:28.069		1.26234			4
2025.02.19	01:18:29.605		1.26235			4
2025.02.19	01:18:31.453	1.26235	1.26236			6
2025.02.19	01:18:50.560	1.26231	1.26232			6
2025.02.19	01:18:55.501	1.26222	1.26224			6
2025.02.19	01:18:56.729	1.26224	1.26225			6
2025.02.19	01:18:57.038		1.26226			4
2025.02.19	01:18:57.347		1.26227			4
2025.02.19	01:18:57.962		1.26226			4
2025.02.19	01:18:58.571		1.26227			4
2025.02.19	01:18:59.805	1.26223	1.26225			6
2025.02.19	01:19:00.115	1.26223				2
2025.02.19	01:19:02.269		1.26224			4
2025.02.19	01:19:02.579	1.26222				2
2025.02.19	01:19:03.503		1.26225			4
2025.02.19	01:19:07.203		1.26226			4
2025.02.19	01:19:11.515		1.26225			4
2025.02.19	01:19:13.962		1.26226			4
2025.02.19	01:19:15.185	1.26224	1.26227			6
2025.02.19	01:19:22.569	1.26225	1.26228			6
2025.02.19	01:19:22.876		1.26227			4
2025.02.19	01:19:29.617		1.26228			4
2025.02.19	01:19:37.295	1.26226				2
2025.02.19	01:19:54.835	1.26234	1.26235			6
2025.02.19	01:19:55.144	1.26231	1.26232			6
2025.02.19	01:19:55.453	1.26232	1.26233			6
2025.02.19	01:19:56.372		1.26235			4
2025.02.19	01:20:00.058	1.26232				2
2025.02.19	01:20:01.906	1.26235	1.26237			6
2025.02.19	01:20:02.207	1.26236	1.26239			6
2025.02.19	01:20:09.607		1.26238			4
2025.02.19	01:20:12.998		1.26237			4
2025.02.19	01:20:15.455		1.26238			4
2025.02.19	01:20:16.997		1.26237			4
2025.02.19	01:20:17.923		1.26238			4
2025.02.19	01:20:24.076		1.26239			4
2025.02.19	01:20:24.388		1.26238			4
2025.02.19	01:20:26.848		1.26237			4
2025.02.19	01:20:28.077		1.26238			4
2025.02.19	01:20:36.392		1.26237			4
2025.02.19	01:20:36.700	1.26235	1.26236			6
2025.02.19	01:20:37.322		1.26237			4
2025.02.19	01:20:38.242		1.26236			4
2025.02.19	01:20:41.940	1.26232				2
2025.02.19	01:20:48.973		1.26235			4
2025.02.19	01:20:49.579		1.26236			4
2025.02.19	01:20:57.219	1.26233	1.26237			6
2025.02.19	01:21:00.271	1.26233				2
2025.02.19	01:21:21.498	1.26231	1.26235			6
2025.02.19	01:21:23.655	1.26224	1.26228			6
2025.02.19	01:21:24.276		1.26229			4
2025.02.19	01:21:25.197	1.26225	1.26230			6
2025.02.19	01:21:30.743	1.26227	1.26232			6
2025.02.19	01:21:31.046	1.26228	1.26233			6
2025.02.19	01:21:31.969	1.26229	1.26234			6
2025.02.19	01:21:33.517	1.26228	1.26233			6
2025.02.19	01:21:36.597	1.26229	1.26234			6
2025.02.19	01:21:42.773	1.26228	1.26233			6
2025.02.19	01:21:44.317	1.26229	1.26234			6
2025.02.19	01:21:48.340	1.26228	1.26231			6
2025.02.19	01:21:48.959	1.26229				2
2025.02.19	01:21:50.190	1.26234	1.26235			6
2025.02.19	01:21:59.431		1.26236			4
2025.02.19	01:22:00.051	1.26234				2
2025.02.19	01:22:01.599	1.26235				2
2025.02.19	01:22:08.366		1.26237			4
2025.02.19	01:22:11.127		1.26238			4
2025.02.19	01:22:23.449	1.26236	1.26239			6
2025.02.19	01:22:25.607		1.26241			4
2025.02.19	01:22:26.229	1.26239				2
2025.02.19	01:22:27.765		1.26242			4
2025.02.19	01:22:28.076		1.26241			4
2025.02.19	01:22:29.620		1.26242			4
2025.02.19	01:22:29.922		1.26241			4
2025.02.19	01:22:31.163		1.26242			4
2025.02.19	01:22:31.475		1.26241			4
2025.02.19	01:22:32.703	1.26238				2
2025.02.19	01:22:34.251		1.26240			4
2025.02.19	01:22:35.483	1.26239				2
2025.02.19	01:22:35.789	1.26240	1.26241			6
2025.02.19	01:22:36.098	1.26239	1.26240			6
2025.02.19	01:22:37.018	1.26238	1.26239			6
2025.02.19	01:22:37.640		1.26240			4
2025.02.19	01:22:39.184		1.26239			4
2025.02.19	01:22:40.112		1.26240			4
2025.02.19	01:22:43.508	1.26240	1.26241			6
2025.02.19	01:22:57.712	1.26236	1.26240			6
2025.02.19	01:23:00.179	1.26236				2
2025.02.19	01:23:19.557	1.26242	1.26243			6
2025.02.19	01:23:19.868	1.26241	1.26244			6
2025.02.19	01:23:21.096		1.26245			4
2025.02.19	01:23:39.888	1.26235	1.26239			6
2025.02.19	01:23:40.190	1.26231	1.26234			6
2025.02.19	01:23:40.502		1.26233			4
2025.02.19	01:23:40.810	1.26230	1.26232			6
2025.02.19	01:23:41.118	1.26231	1.26233			6
2025.02.19	01:23:42.036	1.26230				2
2025.02.19	01:23:43.880		1.26234			4
2025.02.19	01:23:45.117		1.26233			4
2025.02.19	01:23:48.201		1.26235			4
2025.02.19	01:23:48.811		1.26234			4
2025.02.19	01:23:49.121		1.26235			4
2025.02.19	01:23:50.664	1.26231				2
2025.02.19	01:23:54.676		1.26234			4
2025.02.19	01:23:55.909		1.26233			4
2025.02.19	01:23:58.067		1.26234			4
2025.02.19	01:24:00.222	1.26231				2
2025.02.19	01:24:03.301		1.26233			4
2025.02.19	01:24:03.608		1.26234			4
2025.02.19	01:24:05.458		1.26235			4
2025.02.19	01:24:19.266		1.26234			4
2025.02.19	01:24:19.569	1.26229	1.26233			6
2025.02.19	01:24:26.648	1.26228	1.26231			6
2025.02.19	01:24:34.336		1.26230			4
2025.02.19	01:24:36.187		1.26231			4
2025.02.19	01:24:51.614		1.26230			4
2025.02.19	01:24:55.936	1.26222	1.26225			6
2025.02.19	01:24:58.401	1.26228	1.26231			6
2025.02.19	01:24:58.718		1.26232			4
2025.02.19	01:24:59.020		1.26231			4
2025.02.19	01:24:59.329		1.26232			4
2025.02.19	01:25:00.256	1.26228				2
2025.02.19	01:25:59.494		1.26232			4
2025.02.19	01:26:00.114	1.26228				2
2025.02.19	01:26:01.345		1.26231			4
2025.02.19	01:26:13.868	1.26229				2
2025.02.19	01:26:46.254		1.26230			4
2025.02.19	01:26:53.334	1.26240	1.26244			6
2025.02.19	01:26:53.646	1.26239	1.26240			6
2025.02.19	01:26:54.259	1.26238				2
2025.02.19	01:26:55.491	1.26239				2
2025.02.19	01:26:56.417		1.26241			4
2025.02.19	01:26:56.726		1.26240			4
2025.02.19	01:26:59.188		1.26241			4
2025.02.19	01:26:59.492		1.26240			4
2025.02.19	01:27:00.117	1.26239				2
2025.02.19	01:27:01.659	1.26240	1.26241			6
2025.02.19	01:27:02.275	1.26239				2
2025.02.19	01:27:02.884	1.26245	1.26250			6
2025.02.19	01:27:03.809	1.26243				2
2025.02.19	01:27:04.426	1.26244				2
2025.02.19	01:27:05.041		1.26248			4
2025.02.19	01:27:05.352	1.26243				2
2025.02.19	01:27:08.435	1.26244				2
2025.02.19	01:27:10.281	1.26245	1.26249			6
2025.02.19	01:27:21.050	1.26244	1.26248			6
2025.02.19	01:27:21.981	1.26245				2
2025.02.19	01:27:24.746	1.26244				2
2025.02.19	01:27:25.363	1.26246				2
2025.02.19	01:27:41.639	1.26256	1.26260			6
2025.02.19	01:27:41.946	1.26257				2
2025.02.19	01:27:42.555	1.26259	1.26262			6
2025.02.19	01:27:44.106	1.26257	1.26263			6
2025.02.19	01:27:45.647		1.26259			4
2025.02.19	01:27:45.960	1.26256	1.26258			6
2025.02.19	01:27:46.263		1.26259			4
2025.02.19	01:27:47.502		1.26258			4
2025.02.19	01:27:51.201	1.26255				2
2025.02.19	01:27:52.123		1.26257			4
2025.02.19	01:27:58.283	1.26256				2
2025.02.19	01:27:58.590	1.26255				2
2025.02.19	01:28:00.132	1.26255				2
2025.02.19	01:28:03.825		1.26256			4
2025.02.19	01:28:04.139	1.26248	1.26251			6
2025.02.19	01:28:04.442		1.26250			4
2025.02.19	01:28:04.762	1.26247				2
2025.02.19	01:28:05.071	1.26248				2
2025.02.19	01:28:09.079	1.26256	1.26257			6
2025.02.19	01:28:10.305	1.26255	1.26256			6
2025.02.19	01:28:25.956	1.26253				2
2025.02.19	01:28:26.257	1.26255				2
2025.02.19	01:28:43.480	1.26254	1.26255			6
2025.02.19	01:28:53.027		1.26256			4
2025.02.19	01:28:58.575	1.26256	1.26259			6
2025.02.19	01:29:00.120	1.26255				2
2025.02.19	01:29:00.428		1.26258			4
2025.02.19	01:29:03.201		1.26257			4
2025.02.19	01:29:03.820	1.26254	1.26255			6
2025.02.19	01:29:05.052	1.26252	1.26254			6
2025.02.19	01:29:05.364		1.26253			4
2025.02.19	01:29:09.065		1.26254			4
2025.02.19	01:29:10.301	1.26254	1.26256			6
2025.02.19	01:29:12.455		1.26257			4
2025.02.19	01:29:13.687		1.26256			4
2025.02.19	01:29:14.607		1.26257			4
2025.02.19	01:29:14.917		1.26256			4
2025.02.19	01:29:18.932		1.26257			4
2025.02.19	01:29:24.190		1.26256			4
2025.02.19	01:29:29.745	1.26253	1.26257			6
2025.02.19	01:29:42.661	1.26252				2
2025.02.19	01:29:45.121		1.26256			4
2025.02.19	01:29:48.510	1.26253	1.26257			6
2025.02.19	01:29:50.049		1.26258			4
2025.02.19	01:29:50.666	1.26254				2
2025.02.19	01:29:52.207	1.26255				2
2025.02.19	01:29:52.517	1.26254				2
2025.02.19	01:29:55.288	1.26255	1.26260			6
2025.02.19	01:29:55.599	1.26256				2
2025.02.19	01:29:56.210	1.26255				2
2025.02.19	01:29:56.519	1.26252	1.26256			6
2025.02.19	01:29:57.753	1.26251				2
2025.02.19	01:30:00.224	1.26249	1.26252			6
2025.02.19	01:30:00.531	1.26245	1.26248			6
2025.02.19	01:30:00.833	1.26244				2
2025.02.19	01:30:01.437		1.26249			4
2025.02.19	01:30:02.053		1.26250			4
2025.02.19	01:30:04.215		1.26249			4
2025.02.19	01:30:06.687		1.26248			4
2025.02.19	01:30:15.025		1.26249			4
2025.02.19	01:30:15.642		1.26248			4
2025.02.19	01:30:16.256		1.26249			4
2025.02.19	01:30:17.487		1.26248			4
2025.02.19	01:30:18.414		1.26249			4
2025.02.19	01:30:20.275		1.26248			4
2025.02.19	01:30:20.886		1.26247			4
2025.02.19	01:30:21.812		1.26248			4
2025.02.19	01:30:27.639		1.26247			4
2025.02.19	01:30:27.943		1.26248			4
2025.02.19	01:30:34.360		1.26247			4
2025.02.19	01:30:39.565	1.26243				2
2025.02.19	01:30:45.081		1.26246			4
2025.02.19	01:30:54.861	1.26244				2
2025.02.19	01:30:55.162	1.26243				2
2025.02.19	01:30:56.376		1.26247			4
2025.02.19	01:31:00.069	1.26243				2
2025.02.19	01:31:00.377	1.26244	1.26248			6
2025.02.19	01:31:08.316	1.26245				2
2025.02.19	01:31:08.922	1.26244				2
2025.02.19	01:31:09.225	1.26245				2
2025.02.19	01:31:09.528	1.26244				2
2025.02.19	01:31:09.831		1.26247			4
2025.02.19	01:31:13.839	1.26245	1.26248			6
2025.02.19	01:31:14.142		1.26247			4
2025.02.19	01:31:14.454	1.26244				2
2025.02.19	01:31:15.069	1.26245				2
2025.02.19	01:31:15.382	1.26244				2
2025.02.19	01:31:16.924	1.26245				2
2025.02.19	01:31:17.230	1.26244				2
2025.02.19	01:31:17.848	1.26245				2
2025.02.19	01:31:18.154	1.26244				2
2025.02.19	01:31:24.007	1.26245				2
2025.02.19	01:31:24.322	1.26244				2
2025.02.19	01:31:25.241		1.26246			4
2025.02.19	01:31:28.019	1.26243				2
2025.02.19	01:31:28.325	1.26244				2
2025.02.19	01:31:32.330		1.26247			4
2025.02.19	01:31:34.181		1.26248			4
2025.02.19	01:31:35.115	1.26245				2
2025.02.19	01:31:39.093	1.26246	1.26249			6
2025.02.19	01:31:44.276	1.26245	1.26248			6
2025.02.19	01:31:51.560	1.26246				2
2025.02.19	01:31:53.378		1.26249			4
2025.02.19	01:31:53.687		1.26248			4
2025.02.19	01:31:55.819		1.26249			4
2025.02.19	01:32:00.114	1.26246				2
2025.02.19	01:32:01.325	1.26245	1.26248			6
2025.02.19	01:32:02.229	1.26246	1.26249			6
2025.02.19	01:32:08.921	1.26249	1.26250			6
2025.02.19	01:32:09.228	1.26258	1.26262			6
2025.02.19	01:32:10.148	1.26259				2
2025.02.19	01:32:10.452	1.26257				2
2025.02.19	01:32:11.067	1.26259				2
2025.02.19	01:32:11.375	1.26258				2
2025.02.19	01:32:12.909	1.26259	1.26263			6
2025.02.19	01:32:13.220	1.26265	1.26268			6
2025.02.19	01:32:13.832	1.26264				2
2025.02.19	01:32:14.145		1.26269			4
2025.02.19	01:32:16.295		1.26268			4
2025.02.19	01:32:26.774		1.26269			4
2025.02.19	01:32:27.081	1.26265				2
2025.02.19	01:32:28.007	1.26264				2
2025.02.19	01:32:31.713	1.26265				2
2025.02.19	01:32:35.091	1.26266				2
2025.02.19	01:32:35.398	1.26265				2
2025.02.19	01:32:35.698	1.26264				2
2025.02.19	01:32:40.292	1.26265				2
2025.02.19	01:32:40.602	1.26264	1.26265			6
2025.02.19	01:32:40.907	1.26263	1.26266			6
2025.02.19	01:32:41.518		1.26268			4
2025.02.19	01:32:41.825	1.26264	1.26269			6
2025.02.19	01:32:44.887	1.26265				2
2025.02.19	01:32:55.987	1.26264				2
2025.02.19	01:32:57.217	1.26265				2
2025.02.19	01:32:58.138	1.26264				2
2025.02.19	01:33:00.282	1.26264				2
2025.02.19	01:33:03.641	1.26263	1.26267			6
2025.02.19	01:33:03.952	1.26264				2
2025.02.19	01:33:04.562		1.26268			4
2025.02.19	01:33:08.130	1.26265				2
2025.02.19	01:33:10.906	1.26264				2
2025.02.19	01:33:11.218	1.26265				2
2025.02.19	01:33:18.276	1.26264				2
2025.02.19	01:33:20.725	1.26265	1.26267			6
2025.02.19	01:33:21.030	1.26263				2
2025.02.19	01:33:25.321	1.26262				2
2025.02.19	01:33:25.628	1.26259	1.26264			6
2025.02.19	01:33:27.164	1.26260				2
2025.02.19	01:33:41.302		1.26263			4
2025.02.19	01:33:42.518	1.26259				2
2025.02.19	01:33:42.820	1.26258	1.26262			6
2025.02.19	01:33:43.436	1.26254	1.26258			6
2025.02.19	01:33:44.355	1.26255	1.26259			6
2025.02.19	01:33:44.657	1.26254				2
2025.02.19	01:33:46.204	1.26253				2
2025.02.19	01:33:46.520	1.26254				2
2025.02.19	01:34:00.058	1.26254				2
2025.02.19	01:34:07.133		1.26258			4
2025.02.19	01:34:31.686		1.26257			4
2025.02.19	01:34:35.675	1.26253				2
2025.02.19	01:34:39.375	1.26254				2
2025.02.19	01:35:00.114	1.26254				2
2025.02.19	01:35:06.851	1.26256	1.26259			6
2025.02.19	01:35:07.156	1.26255	1.26258			6
2025.02.19	01:35:16.279	1.26256	1.26259			6
2025.02.19	01:35:16.584	1.26255	1.26258			6
2025.02.19	01:35:19.318	1.26264	1.26267			6
2025.02.19	01:35:20.228	1.26262				2
2025.02.19	01:35:21.459	1.26261	1.26266			6
2025.02.19	01:35:21.769	1.26262	1.26267			6
2025.02.19	01:35:23.613	1.26261				2
2025.02.19	01:35:24.853	1.26262				2
2025.02.19	01:35:25.157	1.26263				2
2025.02.19	01:35:26.086		1.26268			4
2025.02.19	01:35:30.081	1.26264				2
2025.02.19	01:35:36.856	1.26263				2
2025.02.19	01:35:58.381		1.26267			4
2025.02.19	01:36:00.239	1.26263				2
2025.02.19	01:36:05.456	1.26264	1.26268			6
2025.02.19	01:36:06.074	1.26263	1.26267			6
2025.02.19	01:36:20.501	1.26264	1.26268			6
2025.02.19	01:36:22.963	1.26269	1.26273			6
2025.02.19	01:36:23.267	1.26270	1.26275			6
2025.02.19	01:36:23.886	1.26269	1.26274			6
2025.02.19	01:36:24.197	1.26272	1.26277			6
2025.02.19	01:36:25.123	1.26271	1.26276			6
2025.02.19	01:36:25.432	1.26269	1.26274			6
2025.02.19	01:36:26.048	1.26274	1.26279			6
2025.02.19	01:36:43.278		1.26278			4
2025.02.19	01:36:47.278	1.26278	1.26279			6
2025.02.19	01:36:47.588	1.26274	1.26278			6
2025.02.19	01:36:53.709	1.26273	1.26277			6
2025.02.19	01:37:00.132	1.26273				2
2025.02.19	01:37:00.435	1.26269	1.26273			6
2025.02.19	01:37:01.353		1.26274			4
2025.02.19	01:37:02.270	1.26268	1.26273			6
2025.02.19	01:37:07.182		1.26272			4
2025.02.19	01:37:08.112	1.26270	1.26273			6
2025.02.19	01:37:09.036	1.26271	1.26274			6
2025.02.19	01:37:09.957	1.26264	1.26268			6
2025.02.19	01:37:10.265		1.26269			4
2025.02.19	01:37:10.884		1.26270			4
2025.02.19	01:37:11.189	1.26265	1.26271			6
2025.02.19	01:37:11.503		1.26270			4
2025.02.19	01:37:13.661		1.26271			4
2025.02.19	01:37:15.198		1.26270			4
2025.02.19	01:37:16.431		1.26268			4
2025.02.19	01:37:17.038		1.26267			4
2025.02.19	01:37:19.817		1.26268			4
2025.02.19	01:37:25.682	1.26264	1.26267			6
2025.02.19	01:37:25.989		1.26266			4
2025.02.19	01:37:26.297		1.26267			4
2025.02.19	01:37:26.604	1.26265	1.26268			6
2025.02.19	01:37:28.453		1.26267			4
2025.02.19	01:37:32.471		1.26268			4
2025.02.19	01:37:44.122	1.26264	1.26267			6
2025.02.19	01:37:44.427	1.26266				2
2025.02.19	01:37:48.438	1.26264				2
2025.02.19	01:37:48.742	1.26279	1.26280			6
2025.02.19	01:37:49.048	1.26281	1.26284			6
2025.02.19	01:37:49.367		1.26283			4
2025.02.19	01:37:49.979	1.26283	1.26286			6
2025.02.19	01:37:50.285		1.26287			4
2025.02.19	01:37:51.216		1.26288			4
2025.02.19	01:37:53.366	1.26284				2
2025.02.19	01:37:53.674		1.26287			4
2025.02.19	01:37:53.985	1.26285	1.26288			6
2025.02.19	01:37:55.214	1.26292	1.26293			6
2025.02.19	01:37:55.524	1.26297	1.26298			6
2025.02.19	01:37:56.143	1.26296	1.26297			6
2025.02.19	01:37:56.760	1.26292	1.26295			6
2025.02.19	01:37:57.371		1.26294			4
2025.02.19	01:37:57.688		1.26295			4
2025.02.19	01:37:59.536		1.26294			4
2025.02.19	01:38:00.145	1.26292				2
2025.02.19	01:38:01.376		1.26295			4
2025.02.19	01:38:02.920		1.26294			4
2025.02.19	01:38:04.769		1.26295			4
2025.02.19	01:38:05.696	1.26291	1.26294			6
2025.02.19	01:38:06.310	1.26288	1.26292			6
2025.02.19	01:38:06.620	1.26287	1.26290			6
2025.02.19	01:38:07.239	1.26289	1.26292			6
2025.02.19	01:38:07.543		1.26293			4
2025.02.19	01:38:12.778	1.26290				2
2025.02.19	01:38:13.097	1.26285	1.26287			6
2025.02.19	01:38:13.405	1.26284	1.26286			6
2025.02.19	01:38:14.333	1.26283				2
2025.02.19	01:38:14.643		1.26285			4
2025.02.19	01:38:14.956		1.26286			4
2025.02.19	01:38:15.565	1.26279	1.26283			6
2025.02.19	01:38:15.873		1.26282			4
2025.02.19	01:38:16.185	1.26280	1.26283			6
2025.02.19	01:38:17.113	1.26279				2
2025.02.19	01:38:17.416		1.26282			4
2025.02.19	01:38:17.721		1.26281			4
2025.02.19	01:38:18.022	1.26280	1.26282			6
2025.02.19	01:38:20.188	1.26278	1.26281			6
2025.02.19	01:38:21.126	1.26279	1.26282			6
2025.02.19	01:38:21.428	1.26280				2
2025.02.19	01:38:22.351	1.26279				2
2025.02.19	01:38:22.661	1.26274	1.26276			6
2025.02.19	01:38:23.281	1.26275				2
2025.02.19	01:38:25.434	1.26273				2
2025.02.19	01:38:25.744	1.26275				2
2025.02.19	01:38:26.361	1.26274				2
2025.02.19	01:38:26.679	1.26275				2
2025.02.19	01:38:27.292	1.26274				2
2025.02.19	01:38:31.616		1.26275			4
2025.02.19	01:38:32.853	1.26275	1.26276			6
2025.02.19	01:38:33.474	1.26274				2
2025.02.19	01:38:34.395	1.26275				2
2025.02.19	01:38:34.703	1.26274				2
2025.02.19	01:38:37.475		1.26275			4
2025.02.19	01:38:38.399		1.26276			4
2025.02.19	01:38:41.169		1.26275			4
2025.02.19	01:38:41.785	1.26271	1.26273			6
2025.02.19	01:38:43.329		1.26274			4
2025.02.19	01:38:44.563	1.26264	1.26266			6
2025.02.19	01:38:54.425		1.26265			4
2025.02.19	01:38:55.354		1.26266			4
2025.02.19	01:38:56.889	1.26261	1.26264			6
2025.02.19	01:38:57.191	1.26262				2
2025.02.19	01:39:00.273	1.26262				2
2025.02.19	01:39:16.925	1.26263	1.26265			6
2025.02.19	01:39:17.236	1.26262				2
2025.02.19	01:39:23.398		1.26264			4
2025.02.19	01:39:40.039	1.26260	1.26263			6
2025.02.19	01:39:40.344	1.26258	1.26260			6
2025.02.19	01:39:43.095		1.26259			4
2025.02.19	01:39:44.023		1.26260			4
2025.02.19	01:39:51.373		1.26262			4
2025.02.19	01:39:51.677		1.26261			4
2025.02.19	01:39:52.928		1.26262			4
2025.02.19	01:39:54.781		1.26261			4
2025.02.19	01:39:55.087		1.26262			4
2025.02.19	01:39:59.700		1.26261			4
2025.02.19	01:40:00.006	1.26258				2
2025.02.19	01:40:02.155		1.26262			4
2025.02.19	01:40:04.301		1.26261			4
2025.02.19	01:40:16.877	1.26257				2
2025.02.19	01:40:23.569	1.26254	1.26255			6
2025.02.19	01:40:23.879	1.26255	1.26256			6
2025.02.19	01:40:24.190		1.26257			4
2025.02.19	01:40:25.109	1.26256				2
2025.02.19	01:40:25.418	1.26254				2
2025.02.19	01:40:25.727		1.26256			4
2025.02.19	01:40:26.650		1.26257			4
2025.02.19	01:40:29.114		1.26256			4
2025.02.19	01:40:33.695	1.26253	1.26254			6
2025.02.19	01:40:41.614	1.26251	1.26253			6
2025.02.19	01:40:43.753	1.26250				2
2025.02.19	01:40:44.367	1.26252	1.26254			6
2025.02.19	01:40:44.669		1.26253			4
2025.02.19	01:40:44.972	1.26250				2
2025.02.19	01:40:47.411	1.26252				2
2025.02.19	01:40:47.717	1.26250				2
2025.02.19	01:40:48.021	1.26252				2
2025.02.19	01:40:48.328	1.26251				2
2025.02.19	01:40:48.629	1.26252				2
2025.02.19	01:40:48.943		1.26254			4
2025.02.19	01:40:49.870	1.26251				2
2025.02.19	01:40:52.938	1.26252				2
2025.02.19	01:40:53.245	1.26251				2
2025.02.19	01:40:54.170	1.26252				2
2025.02.19	01:40:54.481	1.26251				2
2025.02.19	01:40:55.400	1.26250	1.26253			6
2025.02.19	01:40:59.375	1.26252				2
2025.02.19	01:40:59.679	1.26250				2
2025.02.19	01:41:00.293	1.26252				2
2025.02.19	01:41:06.113		1.26254			4
2025.02.19	01:41:17.368		1.26253			4
2025.02.19	01:41:18.284		1.26254			4
2025.02.19	01:41:25.334		1.26253			4
2025.02.19	01:41:25.635	1.26251	1.26252			6
2025.02.19	01:41:26.244	1.26252	1.26253			6
2025.02.19	01:41:26.546	1.26251	1.26252			6
2025.02.19	01:41:28.683	1.26252	1.26253			6
2025.02.19	01:41:28.986	1.26251	1.26252			6
2025.02.19	01:41:30.498	1.26252	1.26253			6
2025.02.19	01:41:36.289	1.26251	1.26252			6
2025.02.19	01:41:39.962	1.26247	1.26248			6
2025.02.19	01:41:40.273		1.26249			4
2025.02.19	01:41:41.190		1.26248			4
2025.02.19	01:41:41.491	1.26245	1.26247			6
2025.02.19	01:41:41.798	1.26247	1.26248			6
2025.02.19	01:41:42.722	1.26248	1.26249			6
2025.02.19	01:41:43.026	1.26247	1.26248			6
2025.02.19	01:41:45.771	1.26248	1.26249			6
2025.02.19	01:41:46.997	1.26247	1.26248			6
2025.02.19	01:42:00.127	1.26247				2
2025.02.19	01:42:04.714	1.26244	1.26246			6
2025.02.19	01:42:05.021	1.26242	1.26243			6
2025.02.19	01:42:05.940		1.26244			4
2025.02.19	01:42:08.717	1.26241	1.26243			6
2025.02.19	01:42:09.021		1.26244			4
2025.02.19	01:42:09.638		1.26243			4
2025.02.19	01:42:09.946		1.26244			4
2025.02.19	01:42:10.873		1.26243			4
2025.02.19	01:42:11.180		1.26244			4
2025.02.19	01:42:12.100	1.26238	1.26239			6
2025.02.19	01:42:12.402		1.26240			4
2025.02.19	01:42:16.420	1.26233	1.26236			6
2025.02.19	01:42:16.726	1.26234	1.26235			6
2025.02.19	01:42:17.037	1.26233				2
2025.02.19	01:42:20.737	1.26232	1.26234			6
2025.02.19	01:42:21.043	1.26226	1.26229			6
2025.02.19	01:42:21.660		1.26228			4
2025.02.19	01:42:22.277		1.26229			4
2025.02.19	01:42:22.583	1.26227	1.26230			6
2025.02.19	01:42:25.663		1.26229			4
2025.02.19	01:42:25.973		1.26230			4
2025.02.19	01:42:26.590		1.26229			4
2025.02.19	01:42:29.984	1.26232	1.26235			6
2025.02.19	01:42:30.287		1.26234			4
2025.02.19	01:42:30.911		1.26235			4
2025.02.19	01:42:45.397	1.26237	1.26239			6
2025.02.19	01:42:45.699		1.26240			4
2025.02.19	01:42:49.095	1.26239				2
2025.02.19	01:42:49.403	1.26241	1.26244			6
2025.02.19	01:42:54.956	1.26242	1.26245			6
2025.02.19	01:42:56.488	1.26243				2
2025.02.19	01:42:57.417	1.26241	1.26244			6
2025.02.19	01:42:57.720	1.26237	1.26240			6
2025.02.19	01:42:58.030		1.26241			4
2025.02.19	01:42:59.569	1.26240	1.26244			6
2025.02.19	01:42:59.877	1.26242	1.26245			6
2025.02.19	01:43:00.190	1.26242				2
2025.02.19	01:43:05.738		1.26246			4
2025.02.19	01:43:12.210		1.26245			4
2025.02.19	01:43:12.830		1.26246			4
2025.02.19	01:43:13.746	1.26244	1.26247			6
2025.02.19	01:43:14.060	1.26247	1.26250			6
2025.02.19	01:43:23.293		1.26252			4
2025.02.19	01:43:23.600		1.26251			4
2025.02.19	01:43:45.385		1.26250			4
2025.02.19	01:43:46.306		1.26249			4
2025.02.19	01:43:49.363	1.26244	1.26246			6
2025.02.19	01:43:50.283		1.26247			4
2025.02.19	01:43:50.589		1.26248			4
2025.02.19	01:43:52.126		1.26247			4
2025.02.19	01:44:00.061	1.26244				2
2025.02.19	01:44:01.288	1.26243	1.26246			6
2025.02.19	01:44:03.438	1.26245				2
2025.02.19	01:44:04.980	1.26244				2
2025.02.19	01:44:06.211		1.26247			4
2025.02.19	01:44:13.596		1.26246			4
2025.02.19	01:44:14.203	1.26245				2
2025.02.19	01:44:15.129	1.26244	1.26245			6
2025.02.19	01:44:16.346		1.26246			4
2025.02.19	01:44:16.662	1.26245				2
2025.02.19	01:44:17.272	1.26244				2
2025.02.19	01:44:17.577		1.26245			4
2025.02.19	01:44:17.887	1.26242				2
2025.02.19	01:44:18.192	1.26243				2
2025.02.19	01:44:19.116	1.26240	1.26242			6
2025.02.19	01:44:24.624	1.26239				2
2025.02.19	01:44:24.925	1.26241	1.26243			6
2025.02.19	01:44:29.188	1.26238	1.26241			6
2025.02.19	01:44:30.101	1.26239	1.26242			6
2025.02.19	01:44:32.229	1.26238	1.26241			6
2025.02.19	01:44:34.680	1.26239	1.26242			6
2025.02.19	01:44:34.982		1.26241			4
2025.02.19	01:44:36.509	1.26236	1.26239			6
2025.02.19	01:44:36.812	1.26237	1.26240			6
2025.02.19	01:44:38.629	1.26233	1.26236			6
2025.02.19	01:44:41.699	1.26234				2
2025.02.19	01:44:42.620		1.26237			4
2025.02.19	01:44:45.369	1.26235	1.26238			6
2025.02.19	01:44:46.285		1.26239			4
2025.02.19	01:44:46.592	1.26233	1.26235			6
2025.02.19	01:44:46.899		1.26236			4
2025.02.19	01:45:00.079	1.26233				2
2025.02.19	01:45:01.611	1.26232	1.26235			6
2025.02.19	01:45:02.842	1.26233	1.26236			6
2025.02.19	01:45:04.365	1.26235	1.26238			6
2025.02.19	01:45:04.980	1.26236				2
2025.02.19	01:45:05.285	1.26234	1.26237			6
2025.02.19	01:45:06.515		1.26236			4
2025.02.19	01:45:06.816		1.26237			4
2025.02.19	01:45:11.398	1.26233	1.26235			6
2025.02.19	01:45:12.630		1.26236			4
2025.02.19	01:45:13.238	1.26232	1.26235			6
2025.02.19	01:45:16.582	1.26231	1.26234			6
2025.02.19	01:45:16.885	1.26232	1.26235			6
2025.02.19	01:45:29.542	1.26231	1.26234			6
2025.02.19	01:45:30.767	1.26232	1.26235			6
2025.02.19	01:45:31.998	1.26231	1.26234			6
2025.02.19	01:45:34.766	1.26232	1.26235			6
2025.02.19	01:45:35.379	1.26233	1.26236			6
2025.02.19	01:45:37.229	1.26232	1.26235			6
2025.02.19	01:45:38.764	1.26233	1.26236			6
2025.02.19	01:45:59.403	1.26228	1.26231			6
2025.02.19	01:45:59.709	1.26225	1.26227			6
2025.02.19	01:46:00.021	1.26226				2
2025.02.19	01:46:00.324	1.26224	1.26226			6
2025.02.19	01:46:02.786	1.26225	1.26227			6
2025.02.19	01:46:04.951		1.26228			4
2025.02.19	01:46:05.877		1.26227			4
2025.02.19	01:46:06.793		1.26228			4
2025.02.19	01:46:07.106		1.26227			4
2025.02.19	01:46:08.029	1.26224				2
2025.02.19	01:46:09.575	1.26225	1.26228			6
2025.02.19	01:46:10.193	1.26224	1.26227			6
2025.02.19	01:46:12.964	1.26233	1.26235			6
2025.02.19	01:46:13.271	1.26232				2
2025.02.19	01:46:13.577		1.26236			4
2025.02.19	01:46:14.499		1.26235			4
2025.02.19	01:46:15.115		1.26236			4
2025.02.19	01:46:15.416	1.26231	1.26235			6
2025.02.19	01:46:15.727	1.26232	1.26236			6
2025.02.19	01:46:16.041	1.26231	1.26235			6
2025.02.19	01:46:16.344	1.26232	1.26236			6
2025.02.19	01:46:16.962	1.26231	1.26235			6
2025.02.19	01:46:17.271		1.26236			4
2025.02.19	01:46:21.890		1.26235			4
2025.02.19	01:46:22.820	1.26233	1.26236			6
2025.02.19	01:46:24.350	1.26232				2
2025.02.19	01:46:29.245	1.26233				2
2025.02.19	01:46:32.008		1.26237			4
2025.02.19	01:46:32.313	1.26232				2
2025.02.19	01:46:33.233	1.26231				2
2025.02.19	01:46:39.056	1.26232				2
2025.02.19	01:46:40.283		1.26236			4
2025.02.19	01:46:43.343	1.26231				2
2025.02.19	01:46:44.569	1.26229	1.26234			6
2025.02.19	01:46:46.411		1.26235			4
2025.02.19	01:46:48.859	1.26230				2
2025.02.19	01:46:51.316	1.26231				2
2025.02.19	01:46:51.620	1.26229	1.26232			6
2025.02.19	01:46:53.778	1.26225	1.26229			6
2025.02.19	01:46:54.085	1.26229	1.26234			6
2025.02.19	01:46:54.395		1.26233			4
2025.02.19	01:46:55.319		1.26234			4
2025.02.19	01:46:57.477	1.26234	1.26237			6
2025.02.19	01:46:59.327	1.26232				2
2025.02.19	01:47:00.255	1.26232				2
2025.02.19	01:47:06.729	1.26231				2
2025.02.19	01:47:10.116	1.26232				2
2025.02.19	01:47:20.266		1.26236			4
2025.02.19	01:47:35.293	1.26233				2
2025.02.19	01:47:42.319	1.26232	1.26235			6
2025.02.19	01:47:46.917		1.26234			4
2025.02.19	01:47:57.306	1.26231				2
2025.02.19	01:48:00.051	1.26231				2
2025.02.19	01:48:07.028	1.26232				2
2025.02.19	01:48:14.924	1.26234	1.26235			6
2025.02.19	01:48:15.232	1.26235	1.26236			6
2025.02.19	01:48:15.533		1.26238			4
2025.02.19	01:48:18.885	1.26234	1.26237			6
2025.02.19	01:48:22.255	1.26235	1.26238			6
2025.02.19	01:48:32.958	1.26234	1.26237			6
2025.02.19	01:48:42.824	1.26233	1.26236			6
2025.02.19	01:49:00.062	1.26233				2
2025.02.19	01:49:02.218	1.26235				2
2025.02.19	01:49:04.372		1.26237			4
2025.02.19	01:49:04.675	1.26234				2
2025.02.19	01:49:05.603	1.26235				2
2025.02.19	01:49:13.620	1.26234				2
2025.02.19	01:49:18.234	1.26235				2
2025.02.19	01:49:20.387	1.26243	1.26246			6
2025.02.19	01:49:20.701	1.26242	1.26245			6
2025.02.19	01:49:21.318	1.26241	1.26246			6
2025.02.19	01:49:22.554	1.26237	1.26242			6
2025.02.19	01:49:29.940	1.26236				2
2025.02.19	01:49:32.402	1.26237	1.26243			6
2025.02.19	01:49:33.326	1.26238				2
2025.02.19	01:49:36.100	1.26234	1.26239			6
2025.02.19	01:49:37.640		1.26238			4
2025.02.19	01:49:40.417	1.26233				2
2025.02.19	01:49:56.396		1.26237			4
2025.02.19	01:50:00.063	1.26233				2
2025.02.19	01:50:11.137	1.26234				2
2025.02.19	01:50:49.352	1.26244	1.26247			6
2025.02.19	01:50:50.278	1.26243	1.26248			6
2025.02.19	01:50:58.284	1.26244				2
2025.02.19	01:50:58.594	1.26243				2
2025.02.19	01:50:59.513	1.26233	1.26238			6
2025.02.19	01:51:00.127	1.26233				2
2025.02.19	01:51:02.591	1.26235	1.26239			6
2025.02.19	01:51:03.205	1.26242	1.26245			6
2025.02.19	01:51:03.518	1.26237	1.26242			6
2025.02.19	01:51:04.446	1.26241	1.26246			6
2025.02.19	01:51:06.289	1.26245	1.26247			6
2025.02.19	01:51:06.597		1.26248			4
2025.02.19	01:51:09.682	1.26244				2
2025.02.19	01:51:16.762	1.26241	1.26246			6
2025.02.19	01:51:19.840	1.26243	1.26247			6
2025.02.19	01:51:20.458	1.26246	1.26251			6
2025.02.19	01:51:21.379	1.26247				2
2025.02.19	01:51:36.767	1.26246				2
2025.02.19	01:51:41.682	1.26247				2
2025.02.19	01:51:42.919	1.26246				2
2025.02.19	01:51:46.921	1.26247				2
2025.02.19	01:51:47.225	1.26246				2
2025.02.19	01:51:51.524		1.26250			4
2025.02.19	01:51:58.589	1.26244	1.26249			6
2025.02.19	01:52:00.119	1.26244				2
2025.02.19	01:52:08.431		1.26248			4
2025.02.19	01:52:29.908		1.26247			4
2025.02.19	01:52:30.209		1.26248			4
2025.02.19	01:52:31.738	1.26246	1.26250			6
2025.02.19	01:52:32.040		1.26249			4
2025.02.19	01:52:36.312	1.26247				2
2025.02.19	01:52:37.223	1.26246				2
2025.02.19	01:52:37.528	1.26247				2
2025.02.19	01:52:42.395	1.26246				2
2025.02.19	01:52:48.204	1.26244	1.26247			6
2025.02.19	01:52:49.743		1.26246			4
2025.02.19	01:52:52.194		1.26247			4
2025.02.19	01:52:52.499		1.26246			4
2025.02.19	01:52:52.808		1.26247			4
2025.02.19	01:52:55.873	1.26243	1.26246			6
2025.02.19	01:52:56.180	1.26242	1.26245			6
2025.02.19	01:53:00.141	1.26242				2
2025.02.19	01:53:01.678	1.26239	1.26241			6
2025.02.19	01:53:01.986	1.26237	1.26240			6
2025.02.19	01:53:02.289	1.26236	1.26239			6
2025.02.19	01:53:02.606	1.26238	1.26240			6
2025.02.19	01:53:02.910		1.26241			4
2025.02.19	01:53:03.215	1.26237	1.26240			6
2025.02.19	01:53:04.132	1.26236				2
2025.02.19	01:53:05.363	1.26237				2
2025.02.19	01:53:07.213		1.26241			4
2025.02.19	01:53:15.539	1.26238				2
2025.02.19	01:53:17.688	1.26237				2
2025.02.19	01:53:28.481	1.26236	1.26240			6
2025.02.19	01:53:28.787	1.26237	1.26241			6
2025.02.19	01:53:29.389	1.26238				2
2025.02.19	01:53:39.159	1.26239				2
2025.02.19	01:53:40.700	1.26238				2
2025.02.19	01:53:46.185	1.26239				2
2025.02.19	01:53:53.845	1.26238				2
2025.02.19	01:53:55.057	1.26237	1.26240			6
2025.02.19	01:54:00.251	1.26237				2
2025.02.19	01:54:01.485		1.26239			4
2025.02.19	01:54:04.826	1.26238	1.26240			6
2025.02.19	01:54:12.178	1.26234	1.26237			6
2025.02.19	01:54:22.050	1.26233	1.26236			6
2025.02.19	01:54:33.757	1.26234	1.26237			6
2025.02.19	01:54:39.919	1.26233	1.26236			6
2025.02.19	01:54:53.171	1.26231	1.26232			6
2025.02.19	01:54:54.088	1.26230	1.26231			6
2025.02.19	01:54:54.404	1.26231	1.26233			6
2025.02.19	01:54:55.025	1.26230	1.26232			6
2025.02.19	01:54:55.328	1.26231				2
2025.02.19	01:54:55.639		1.26233			4
2025.02.19	01:54:55.949	1.26230				2
2025.02.19	01:54:56.566	1.26231	1.26234			6
2025.02.19	01:54:57.189		1.26233			4
2025.02.19	01:55:00.267	1.26231				2
2025.02.19	01:55:00.577	1.26232	1.26235			6
2025.02.19	01:55:00.883	1.26234				2
2025.02.19	01:55:02.423	1.26233				2
2025.02.19	01:55:03.352	1.26234				2
2025.02.19	01:55:03.661	1.26233				2
2025.02.19	01:55:03.962	1.26234				2
2025.02.19	01:55:05.509	1.26237	1.26238			6
2025.02.19	01:55:06.126	1.26236	1.26239			6
2025.02.19	01:55:09.205	1.26233	1.26235			6
2025.02.19	01:55:10.439		1.26236			4
2025.02.19	01:55:21.849	1.26235	1.26238			6
2025.02.19	01:55:22.151	1.26237				2
2025.02.19	01:55:23.385		1.26239			4
2025.02.19	01:55:27.368		1.26240			4
2025.02.19	01:55:28.595	1.26238				2
2025.02.19	01:55:29.515		1.26241			4
2025.02.19	01:55:30.745	1.26239	1.26242			6
2025.02.19	01:55:36.860		1.26241			4
2025.02.19	01:55:40.529	1.26234	1.26236			6
2025.02.19	01:55:41.145		1.26237			4
2025.02.19	01:55:41.758	1.26236	1.26240			6
2025.02.19	01:55:42.678		1.26241			4
2025.02.19	01:55:42.982	1.26237				2
2025.02.19	01:55:43.900	1.26239				2
2025.02.19	01:55:44.210		1.26242			4
2025.02.19	01:55:55.278		1.26241			4
2025.02.19	01:55:56.209		1.26240			4
2025.02.19	01:55:56.818		1.26241			4
2025.02.19	01:56:00.203	1.26239				2
2025.02.19	01:56:00.808	1.26236	1.26240			6
2025.02.19	01:56:01.123	1.26238	1.26242			6
2025.02.19	01:56:02.054	1.26239				2
2025.02.19	01:56:24.214		1.26240			4
2025.02.19	01:56:24.824		1.26241			4
2025.02.19	01:56:38.086	1.26238	1.26239			6
2025.02.19	01:56:40.238		1.26240			4
2025.02.19	01:56:43.942	1.26239				2
2025.02.19	01:56:44.252		1.26241			4
2025.02.19	01:56:50.102		1.26240			4
2025.02.19	01:56:50.719		1.26241			4
2025.02.19	01:57:00.292	1.26239				2
2025.02.19	01:57:04.303		1.26240			4
2025.02.19	01:57:04.615		1.26241			4
2025.02.19	01:57:05.532		1.26240			4
2025.02.19	01:57:08.309		1.26241			4
2025.02.19	01:57:16.015	1.26237	1.26239			6
2025.02.19	01:57:16.322		1.26240			4
2025.02.19	01:57:19.099	1.26238				2
2025.02.19	01:57:25.576		1.26241			4
2025.02.19	01:57:30.196	1.26242	1.26244			6
2025.02.19	01:57:30.503		1.26245			4
2025.02.19	01:57:30.811		1.26244			4
2025.02.19	01:57:31.121		1.26245			4
2025.02.19	01:57:32.661	1.26243				2
2025.02.19	01:57:34.824	1.26245	1.26246			6
2025.02.19	01:57:40.683	1.26244				2
2025.02.19	01:57:59.188	1.26245	1.26247			6
2025.02.19	01:57:59.806		1.26248			4
2025.02.19	01:58:00.113	1.26247	1.26249			6
2025.02.19	01:58:00.421		1.26250			4
2025.02.19	01:58:04.104	1.26250	1.26251			6
2025.02.19	01:58:04.410	1.26251	1.26252			6
2025.02.19	01:58:04.724	1.26248	1.26251			6
2025.02.19	01:58:06.266	1.26252	1.26254			6
2025.02.19	01:58:06.573	1.26248	1.26251			6
2025.02.19	01:58:27.540		1.26250			4
2025.02.19	01:58:29.386		1.26251			4
2025.02.19	01:58:31.845		1.26250			4
2025.02.19	01:58:32.153		1.26251			4
2025.02.19	01:58:33.077		1.26250			4
2025.02.19	01:58:41.376	1.26247				2
2025.02.19	01:58:45.372	1.26248	1.26251			6
2025.02.19	01:58:46.593	1.26244	1.26246			6
2025.02.19	01:58:46.901	1.26245	1.26247			6
2025.02.19	01:58:48.759	1.26244				2
2025.02.19	01:58:49.680		1.26246			4
2025.02.19	01:58:52.142		1.26247			4
2025.02.19	01:58:52.760	1.26245				2
2025.02.19	01:58:53.376	1.26244				2
2025.02.19	01:58:53.685		1.26246			4
2025.02.19	01:59:00.161	1.26244				2
2025.02.19	01:59:07.518		1.26245			4
2025.02.19	01:59:07.821	1.26245	1.26246			6
2025.02.19	01:59:26.843	1.26242	1.26244			6
2025.02.19	01:59:29.617	1.26243				2
2025.02.19	01:59:30.235		1.26245			4
2025.02.19	01:59:30.547	1.26242	1.26244			6
2025.02.19	01:59:30.857	1.26245	1.26246			6
2025.02.19	01:59:31.773	1.26243	1.26245			6
2025.02.19	01:59:32.086	1.26244				2
2025.02.19	01:59:32.701	1.26242				2
2025.02.19	01:59:35.783		1.26244			4
2025.02.19	01:59:41.335	1.26243	1.26245			6
2025.02.19	01:59:41.643	1.26242				2
2025.02.19	01:59:42.565	1.26243				2
2025.02.19	01:59:42.873	1.26242				2
2025.02.19	01:59:43.484	1.26241				2
2025.02.19	01:59:43.785	1.26243				2
2025.02.19	01:59:44.088	1.26242				2
2025.02.19	01:59:44.394	1.26243	1.26246			6
2025.02.19	01:59:44.703	1.26244	1.26247			6
2025.02.19	01:59:45.009	1.26243	1.26245			6
2025.02.19	01:59:45.938		1.26244			4
2025.02.19	01:59:48.092	1.26242				2
2025.02.19	01:59:50.253	1.26241	1.26243			6
2025.02.19	01:59:53.950		1.26244			4
2025.02.19	01:59:55.181	1.26243	1.26245			6
2025.02.19	01:59:55.487	1.26241				2
2025.02.19	01:59:55.796	1.26242				2
2025.02.19	01:59:56.416	1.26241				2
2025.02.19	02:00:00.116	1.26241				2
2025.02.19	02:00:00.427	1.26242				2
2025.02.19	02:00:00.734	1.26241				2
2025.02.19	02:00:01.037	1.26242	1.26244			6
2025.02.19	02:00:01.340	1.26241				2
2025.02.19	02:00:01.656	1.26243	1.26245			6
2025.02.19	02:00:01.963	1.26242				2
2025.02.19	02:00:02.265	1.26243				2
2025.02.19	02:00:02.581	1.26242				2
2025.02.19	02:00:02.883		1.26244			4
2025.02.19	02:00:03.188	1.26243				2
2025.02.19	02:00:03.500	1.26242				2
2025.02.19	02:00:03.810	1.26243				2
2025.02.19	02:00:04.118	1.26242				2
2025.02.19	02:00:04.735		1.26245			4
2025.02.19	02:00:05.044	1.26243				2
2025.02.19	02:00:05.661		1.26246			4
2025.02.19	02:00:05.969	1.26246	1.26247			6
2025.02.19	02:00:06.279	1.26245				2
2025.02.19	02:00:06.591		1.26246			4
2025.02.19	02:00:06.896		1.26247			4
2025.02.19	02:00:12.450		1.26246			4
2025.02.19	02:00:12.757		1.26247			4
2025.02.19	02:00:13.683	1.26241	1.26244			6
2025.02.19	02:00:13.993		1.26243			4
2025.02.19	02:00:14.305	1.26243	1.26246			6
2025.02.19	02:00:14.612	1.26242	1.26245			6
2025.02.19	02:00:14.918	1.26243	1.26246			6
2025.02.19	02:00:16.465		1.26247			4
2025.02.19	02:00:17.697	1.26244				2
2025.02.19	02:00:18.000	1.26245				2
2025.02.19	02:00:18.315		1.26248			4
2025.02.19	02:00:18.616		1.26247			4
2025.02.19	02:00:18.932		1.26248			4
2025.02.19	02:00:19.244		1.26247			4
2025.02.19	02:00:19.550	1.26246	1.26248			6
2025.02.19	02:00:20.162	1.26245	1.26247			6
2025.02.19	02:00:21.389	1.26251	1.26252			6
2025.02.19	02:00:21.691	1.26250				2
2025.02.19	02:00:22.320	1.26248				2
2025.02.19	02:00:22.626	1.26246	1.26248			6
2025.02.19	02:00:23.243		1.26249			4
2025.02.19	02:00:23.857	1.26244	1.26247			6
2025.02.19	02:00:24.167	1.26245				2
2025.02.19	02:00:24.478	1.26244				2
2025.02.19	02:00:25.396		1.26245			4
2025.02.19	02:00:25.705	1.26239	1.26242			6
2025.02.19	02:00:26.312	1.26241	1.26243			6
2025.02.19	02:00:26.615	1.26240				2
2025.02.19	02:00:27.225	1.26238	1.26241			6
2025.02.19	02:00:27.531	1.26239				2
2025.02.19	02:00:27.836	1.26240	1.26245			6
2025.02.19	02:00:29.075	1.26241				2
2025.02.19	02:00:30.000	1.26240				2
2025.02.19	02:00:30.307	1.26242	1.26243			6
2025.02.19	02:00:30.611	1.26239	1.26242			6
2025.02.19	02:00:30.925		1.26240			4
2025.02.19	02:00:34.621	1.26237				2
2025.02.19	02:00:34.928	1.26234	1.26235			6
2025.02.19	02:00:35.854	1.26233	1.26234			6
2025.02.19	02:00:36.166	1.26234	1.26235			6
2025.02.19	02:00:39.236	1.26235	1.26236			6
2025.02.19	02:00:39.540	1.26233	1.26235			6
2025.02.19	02:00:40.462		1.26234			4
2025.02.19	02:00:41.686	1.26227	1.26228			6
2025.02.19	02:00:41.998	1.26224	1.26225			6
2025.02.19	02:00:42.302	1.26225	1.26226			6
2025.02.19	02:00:42.609	1.26224	1.26225			6
2025.02.19	02:00:45.067	1.26223				2
2025.02.19	02:00:46.300	1.26221	1.26224			6
2025.02.19	02:00:48.761	1.26219	1.26222			6
2025.02.19	02:00:49.994	1.26215	1.26218			6
2025.02.19	02:00:50.305		1.26217			4
2025.02.19	02:00:51.227	1.26216				2
2025.02.19	02:00:51.535		1.26219			4
2025.02.19	02:00:52.770		1.26220			4
2025.02.19	02:00:53.383	1.26222	1.26223			6
2025.02.19	02:00:53.998	1.26221				2
2025.02.19	02:00:54.616	1.26222	1.26224			6
2025.02.19	02:00:55.231	1.26219	1.26222			6
2025.02.19	02:00:55.542	1.26218				2
2025.02.19	02:01:00.146	1.26218	1.26220			6
2025.02.19	02:01:01.678	1.26217				2
2025.02.19	02:01:03.513		1.26222			4
2025.02.19	02:01:04.732	1.26218				2
2025.02.19	02:01:07.791	1.26219				2
2025.02.19	02:01:09.018		1.26223			4
2025.02.19	02:01:09.630		1.26222			4
2025.02.19	02:01:09.934		1.26223			4
2025.02.19	02:01:10.858		1.26222			4
2025.02.19	02:01:12.696	1.26221	1.26224			6
2025.02.19	02:01:13.002		1.26225			4
2025.02.19	02:01:13.608	1.26222	1.26226			6
2025.02.19	02:01:13.913	1.26221				2
2025.02.19	02:01:14.215	1.26220				2
2025.02.19	02:01:14.829	1.26221				2
2025.02.19	02:01:15.136	1.26218	1.26223			6
2025.02.19	02:01:20.648		1.26222			4
2025.02.19	02:01:22.174		1.26223			4
2025.02.19	02:01:23.404		1.26222			4
2025.02.19	02:01:23.707		1.26223			4
2025.02.19	02:01:28.623		1.26222			4
2025.02.19	02:01:37.250	1.26215	1.26218			6
2025.02.19	02:01:37.864	1.26218	1.26221			6
2025.02.19	02:01:38.177		1.26222			4
2025.02.19	02:01:38.482		1.26223			4
2025.02.19	02:01:39.713	1.26222	1.26225			6
2025.02.19	02:01:40.021	1.26221	1.26226			6
2025.02.19	02:01:41.257	1.26222				2
2025.02.19	02:01:41.566	1.26221	1.26225			6
2025.02.19	02:01:42.184	1.26220				2
2025.02.19	02:01:43.111	1.26221				2
2025.02.19	02:01:44.960		1.26226			4
2025.02.19	02:01:46.804		1.26225			4
2025.02.19	02:01:47.113	1.26220	1.26226			6
2025.02.19	02:01:47.423		1.26225			4
2025.02.19	02:01:47.735	1.26221				2
2025.02.19	02:01:48.666	1.26220				2
2025.02.19	02:01:49.282		1.26224			4
2025.02.19	02:01:49.590	1.26221	1.26225			6
2025.02.19	02:01:49.894	1.26222	1.26226			6
2025.02.19	02:01:52.673	1.26218	1.26223			6
2025.02.19	02:01:53.289	1.26213	1.26217			6
2025.02.19	02:01:57.613		1.26216			4
2025.02.19	02:01:57.921	1.26208	1.26212			6
2025.02.19	02:01:58.843	1.26206	1.26210			6
2025.02.19	02:01:59.147	1.26204	1.26208			6
2025.02.19	02:01:59.458	1.26203				2
2025.02.19	02:02:00.075	1.26203				2
2025.02.19	02:02:00.379	1.26204				2
2025.02.19	02:02:01.004	1.26205				2
2025.02.19	02:02:01.307	1.26204				2
2025.02.19	02:02:02.543	1.26209	1.26214			6
2025.02.19	02:02:02.844	1.26210	1.26213			6
2025.02.19	02:02:03.153	1.26208				2
2025.02.19	02:02:03.462	1.26209				2
2025.02.19	02:02:04.077	1.26211	1.26214			6
2025.02.19	02:02:04.387	1.26213	1.26216			6
2025.02.19	02:02:05.310		1.26217			4
2025.02.19	02:02:06.230		1.26218			4
2025.02.19	02:02:07.153		1.26217			4
2025.02.19	02:02:07.464		1.26218			4
2025.02.19	02:02:08.074		1.26217			4
2025.02.19	02:02:08.381		1.26218			4
2025.02.19	02:02:20.734	1.26214	1.26219			6
2025.02.19	02:02:22.264	1.26213	1.26218			6
2025.02.19	02:02:22.887	1.26214	1.26219			6
2025.02.19	02:02:23.191	1.26213	1.26218			6
2025.02.19	02:02:25.949		1.26217			4
2025.02.19	02:02:28.101		1.26218			4
2025.02.19	02:02:28.407	1.26214				2
2025.02.19	02:02:28.709		1.26219			4
2025.02.19	02:02:29.014		1.26218			4
2025.02.19	02:02:30.241	1.26215	1.26219			6
2025.02.19	02:02:30.548	1.26216	1.26221			6
2025.02.19	02:02:31.463	1.26215	1.26219			6
2025.02.19	02:02:31.774	1.26223	1.26227			6
2025.02.19	02:02:32.383	1.26224	1.26228			6
2025.02.19	02:02:32.686	1.26223	1.26226			6
2025.02.19	02:02:32.992		1.26228			4
2025.02.19	02:02:33.300	1.26230	1.26232			6
2025.02.19	02:02:33.604	1.26228	1.26230			6
2025.02.19	02:02:33.905	1.26224	1.26228			6
2025.02.19	02:02:34.207		1.26226			4
2025.02.19	02:02:34.522		1.26227			4
2025.02.19	02:02:35.448	1.26222	1.26228			6
2025.02.19	02:02:39.421	1.26220	1.26225			6
2025.02.19	02:02:39.733	1.26219	1.26224			6
2025.02.19	02:02:40.343		1.26225			4
2025.02.19	02:02:40.959		1.26224			4
2025.02.19	02:02:41.268	1.26218	1.26223			6
2025.02.19	02:02:41.885		1.26222			4
2025.02.19	02:02:42.191		1.26223			4
2025.02.19	02:02:46.208	1.26221	1.26225			6
2025.02.19	02:02:46.509	1.26222	1.26227			6
2025.02.19	02:02:46.818	1.26221				2
2025.02.19	02:02:47.132	1.26222				2
2025.02.19	02:02:47.748	1.26220	1.26225			6
2025.02.19	02:02:51.752	1.26219	1.26224			6
2025.02.19	02:03:00.072	1.26219				2
2025.02.19	02:03:00.689	1.26222				2
2025.02.19	02:03:00.997	1.26221	1.26226			6
2025.02.19	02:03:01.304	1.26222				2
2025.02.19	02:03:13.611		1.26227			4
2025.02.19	02:03:15.143		1.26226			4
2025.02.19	02:03:18.220		1.26227			4
2025.02.19	02:03:23.152		1.26226			4
2025.02.19	02:03:26.546	1.26221	1.26225			6
2025.02.19	02:03:29.006		1.26224			4
2025.02.19	02:03:39.735	1.26219	1.26223			6
2025.02.19	02:03:40.044	1.26213	1.26218			6
2025.02.19	02:03:40.347	1.26214	1.26219			6
2025.02.19	02:03:44.944	1.26216	1.26221			6
2025.02.19	02:03:45.865	1.26217				2
2025.02.19	02:03:47.412		1.26222			4
2025.02.19	02:03:52.662		1.26220			4
2025.02.19	02:03:56.667		1.26221			4
2025.02.19	02:03:57.283	1.26218				2
2025.02.19	02:03:57.593		1.26223			4
2025.02.19	02:03:58.504		1.26222			4
2025.02.19	02:04:00.039	1.26218				2
2025.02.19	02:04:01.864	1.26217				2
2025.02.19	02:04:02.175	1.26218				2
2025.02.19	02:04:03.096	1.26221				2
2025.02.19	02:04:03.400	1.26222	1.26223			6
2025.02.19	02:04:03.710		1.26224			4
2025.02.19	02:04:04.017		1.26225			4
2025.02.19	02:04:04.326	1.26221				2
2025.02.19	02:04:04.643	1.26220	1.26224			6
2025.02.19	02:04:04.943	1.26221				2
2025.02.19	02:04:05.565	1.26220	1.26222			6
2025.02.19	02:04:05.871	1.26221	1.26223			6
2025.02.19	02:04:08.027		1.26227			4
2025.02.19	02:04:08.945	1.26220	1.26226			6
2025.02.19	02:04:09.257	1.26221				2
2025.02.19	02:04:11.106	1.26222	1.26227			6
2025.02.19	02:04:11.415	1.26221	1.26226			6
2025.02.19	02:04:12.954	1.26220	1.26225			6
2025.02.19	02:04:13.262	1.26221	1.26222			6
2025.02.19	02:04:13.571	1.26220	1.26224			6
2025.02.19	02:04:13.880		1.26222			4
2025.02.19	02:04:14.186		1.26223			4
2025.02.19	02:04:14.493	1.26218	1.26222			6
2025.02.19	02:04:15.725		1.26221			4
2025.02.19	02:04:17.575	1.26220				2
2025.02.19	02:04:17.883		1.26223			4
2025.02.19	02:04:18.192		1.26224			4
2025.02.19	02:04:18.807	1.26221				2
2025.02.19	02:04:21.267	1.26220				2
2025.02.19	02:04:22.498		1.26225			4
2025.02.19	02:04:24.966	1.26221	1.26226			6
2025.02.19	02:04:25.579	1.26220	1.26225			6
2025.02.19	02:04:26.194		1.26224			4
2025.02.19	02:04:27.728	1.26219	1.26223			6
2025.02.19	02:04:28.346	1.26220	1.26224			6
2025.02.19	02:04:32.314		1.26221			4
2025.02.19	02:04:33.228	1.26219	1.26222			6
2025.02.19	02:04:34.138	1.26220	1.26223			6
2025.02.19	02:04:34.438		1.26221			4
2025.02.19	02:04:34.744		1.26222			4
2025.02.19	02:04:37.486		1.26224			4
2025.02.19	02:04:40.226	1.26221	1.26225			6
2025.02.19	02:04:42.068		1.26223			4
2025.02.19	02:04:45.418		1.26224			4
2025.02.19	02:04:46.023	1.26219	1.26221			6
2025.02.19	02:04:47.534		1.26222			4
