<DATE>	<TIME>	<BID>	<ASK>	<LAST>	<VOLUME>	<FLAGS>
2025.01.08	00:00:00.287	1.24711	1.24831			6
2025.01.08	00:00:00.602		1.24832			4
2025.01.08	00:00:00.905	1.24714	1.24804			6
2025.01.08	00:00:05.253	1.24700	1.24790			6
2025.01.08	00:00:05.562	1.24720	1.24810			6
2025.01.08	00:00:08.644	1.24719	1.24809			6
2025.01.08	00:00:31.111	1.24739	1.24803			6
2025.01.08	00:01:04.216	1.24739	1.24799			6
2025.01.08	00:01:30.862		1.24801			4
2025.01.08	00:01:40.205	1.24742	1.24802			6
2025.01.08	00:02:01.209	1.24742				2
2025.01.08	00:02:46.618		1.24802			4
2025.01.08	00:03:11.215	1.24742				2
2025.01.08	00:03:59.008		1.24802			4
2025.01.08	00:04:00.207	1.24742				2
2025.01.08	00:04:27.241	1.24739	1.24797			6
2025.01.08	00:04:56.141	1.24737				2
2025.01.08	00:05:05.479	1.24737				2
2025.01.08	00:05:31.011		1.24797			4
2025.01.08	00:05:53.798	1.24738				2
2025.01.08	00:05:58.448	1.24737				2
2025.01.08	00:06:01.211	1.24737				2
2025.01.08	00:06:32.710		1.24797			4
2025.01.08	00:07:07.057	1.24737				2
2025.01.08	00:07:11.928	1.24739	1.24796			6
2025.01.08	00:08:02.065	1.24739				2
2025.01.08	00:08:21.765		1.24796			4
2025.01.08	00:09:01.217	1.24739				2
2025.01.08	00:09:23.069		1.24796			4
2025.01.08	00:10:00.315	1.24739				2
2025.01.08	00:10:12.189	1.24715	1.24805			6
2025.01.08	00:10:50.304	1.24716	1.24806			6
2025.01.08	00:11:00.164	1.24716				2
2025.01.08	00:11:04.152	1.24739	1.24796			6
2025.01.08	00:11:08.240	1.24716	1.24806			6
2025.01.08	00:11:09.172	1.24739	1.24796			6
2025.01.08	00:11:13.025	1.24716	1.24806			6
2025.01.08	00:11:14.259	1.24739	1.24796			6
2025.01.08	00:12:11.215	1.24739				2
2025.01.08	00:12:22.807		1.24796			4
2025.01.08	00:13:01.212	1.24739				2
2025.01.08	00:13:33.707		1.24796			4
2025.01.08	00:14:03.302	1.24739				2
2025.01.08	00:14:34.505		1.24796			4
2025.01.08	00:15:00.307	1.24735				2
2025.01.08	00:15:06.004	1.24739	1.24797			6
2025.01.08	00:16:17.641	1.24739	1.24797			6
2025.01.08	00:16:40.433	1.24735				2
2025.01.08	00:16:56.302	1.24736				2
2025.01.08	00:17:00.915	1.24736				2
2025.01.08	00:17:17.630	1.24738				2
2025.01.08	00:17:18.728		1.24797			4
2025.01.08	00:18:04.506	1.24738				2
2025.01.08	00:18:17.632	1.24737				2
2025.01.08	00:18:19.071		1.24797			4
2025.01.08	00:19:02.061	1.24737				2
2025.01.08	00:19:20.707		1.24797			4
2025.01.08	00:19:29.637	1.24739				2
2025.01.08	00:20:07.805	1.24739				2
2025.01.08	00:20:22.392		1.24797			4
2025.01.08	00:20:38.446	1.24737				2
2025.01.08	00:20:47.252		1.24800			4
2025.01.08	00:20:54.304		1.24801			4
2025.01.08	00:21:01.211	1.24737				2
2025.01.08	00:21:09.393	1.24739				2
2025.01.08	00:21:31.492	1.24738				2
2025.01.08	00:21:43.390		1.24800			4
2025.01.08	00:21:54.194	1.24739				2
2025.01.08	00:22:04.673	1.24739				2
2025.01.08	00:22:12.778		1.24799			4
2025.01.08	00:22:13.084		1.24800			4
2025.01.08	00:22:25.309	1.24738	1.24797			6
2025.01.08	00:22:49.561	1.24739				2
2025.01.08	00:22:50.045	1.24738				2
2025.01.08	00:23:01.053	1.24738	1.24799			6
2025.01.08	00:23:17.593	1.24737				2
2025.01.08	00:23:28.497		1.24798			4
2025.01.08	00:23:40.213		1.24799			4
2025.01.08	00:24:02.078	1.24737				2
2025.01.08	00:24:29.390		1.24798			4
2025.01.08	00:24:29.760	1.24739				2
2025.01.08	00:24:32.553		1.24799			4
2025.01.08	00:25:00.305	1.24739				2
2025.01.08	00:25:26.928		1.24798			4
2025.01.08	00:25:27.256		1.24799			4
2025.01.08	00:26:16.509	1.24739	1.24798			6
2025.01.08	00:26:41.266	1.24737				2
2025.01.08	00:27:02.115	1.24737				2
2025.01.08	00:27:06.425		1.24795			4
2025.01.08	00:27:06.736	1.24739	1.24798			6
2025.01.08	00:27:13.118		1.24799			4
2025.01.08	00:27:40.577		1.24800			4
2025.01.08	00:28:01.211	1.24739				2
2025.01.08	00:28:42.066		1.24800			4
2025.01.08	00:28:46.384	1.24740	1.24796			6
2025.01.08	00:28:56.740		1.24798			4
2025.01.08	00:28:57.305		1.24796			4
2025.01.08	00:29:02.071	1.24740				2
2025.01.08	00:29:13.595		1.24799			4
2025.01.08	00:29:40.311	1.24739				2
2025.01.08	00:30:00.306	1.24742	1.24801			6
2025.01.08	00:30:22.067		1.24800			4
2025.01.08	00:30:28.412		1.24799			4
2025.01.08	00:30:51.279		1.24800			4
2025.01.08	00:31:01.686	1.24742				2
2025.01.08	00:31:21.301		1.24799			4
2025.01.08	00:31:33.459	1.24737	1.24796			6
2025.01.08	00:31:40.206		1.24795			4
2025.01.08	00:32:00.280	1.24737				2
2025.01.08	00:32:02.706		1.24796			4
2025.01.08	00:32:42.191	1.24740	1.24800			6
2025.01.08	00:33:02.070	1.24740				2
2025.01.08	00:33:47.243		1.24800			4
2025.01.08	00:33:50.113		1.24799			4
2025.01.08	00:34:00.381	1.24740	1.24798			6
2025.01.08	00:34:00.820	1.24741	1.24799			6
2025.01.08	00:34:09.305		1.24800			4
2025.01.08	00:35:01.213	1.24741				2
2025.01.08	00:35:01.816		1.24799			4
2025.01.08	00:35:38.061	1.24740				2
2025.01.08	00:35:40.427	1.24738	1.24794			6
2025.01.08	00:35:48.844		1.24795			4
2025.01.08	00:35:55.355	1.24740	1.24796			6
2025.01.08	00:36:07.260	1.24740				2
2025.01.08	00:36:11.458		1.24795			4
2025.01.08	00:36:13.178		1.24796			4
2025.01.08	00:36:14.521		1.24797			4
2025.01.08	00:36:24.413	1.24738	1.24795			6
2025.01.08	00:36:27.371	1.24739	1.24797			6
2025.01.08	00:36:33.469	1.24740				2
2025.01.08	00:36:51.201	1.24739				2
2025.01.08	00:37:10.541	1.24739				2
2025.01.08	00:37:17.396	1.24738	1.24795			6
2025.01.08	00:37:22.549		1.24794			4
2025.01.08	00:37:30.609	1.24739				2
2025.01.08	00:37:30.952	1.24740	1.24797			6
2025.01.08	00:38:01.059	1.24740				2
2025.01.08	00:38:02.270	1.24741				2
2025.01.08	00:38:07.278	1.24740	1.24798			6
2025.01.08	00:38:07.584	1.24742				2
2025.01.08	00:38:09.655	1.24741	1.24797			6
2025.01.08	00:38:11.048	1.24742	1.24799			6
2025.01.08	00:38:18.320	1.24740	1.24797			6
2025.01.08	00:38:29.298	1.24741				2
2025.01.08	00:38:30.180	1.24740				2
2025.01.08	00:38:58.903	1.24741				2
2025.01.08	00:39:00.543	1.24741				2
2025.01.08	00:39:00.863	1.24743				2
2025.01.08	00:39:10.428		1.24796			4
2025.01.08	00:39:10.871	1.24742				2
2025.01.08	00:39:15.626		1.24795			4
2025.01.08	00:39:19.878	1.24743				2
2025.01.08	00:39:33.479	1.24742				2
2025.01.08	00:40:01.219	1.24742				2
2025.01.08	00:40:13.847	1.24740	1.24794			6
2025.01.08	00:40:18.140		1.24793			4
2025.01.08	00:40:19.518	1.24741	1.24795			6
2025.01.08	00:40:28.811		1.24794			4
2025.01.08	00:40:40.391	1.24745				2
2025.01.08	00:40:50.396		1.24795			4
2025.01.08	00:40:55.430	1.24744	1.24794			6
2025.01.08	00:41:01.213	1.24744				2
2025.01.08	00:41:29.105	1.24741	1.24791			6
2025.01.08	00:41:41.957	1.24744	1.24797			6
2025.01.08	00:41:49.808		1.24798			4
2025.01.08	00:41:53.490	1.24745	1.24799			6
2025.01.08	00:41:54.816		1.24798			4
2025.01.08	00:42:00.670	1.24744				2
2025.01.08	00:42:27.869		1.24799			4
2025.01.08	00:42:43.431		1.24798			4
2025.01.08	00:42:53.441		1.24800			4
2025.01.08	00:42:59.250		1.24799			4
2025.01.08	00:43:01.108	1.24744				2
2025.01.08	00:43:22.066	1.24745	1.24801			6
2025.01.08	00:43:23.065	1.24747	1.24802			6
2025.01.08	00:43:28.683	1.24746				2
2025.01.08	00:43:29.082	1.24744	1.24800			6
2025.01.08	00:43:29.642	1.24745	1.24801			6
2025.01.08	00:43:33.218	1.24746	1.24802			6
2025.01.08	00:43:36.185	1.24745	1.24801			6
2025.01.08	00:43:37.035	1.24746				2
2025.01.08	00:43:37.387	1.24749	1.24802			6
2025.01.08	00:43:38.099	1.24746				2
2025.01.08	00:43:42.038	1.24745	1.24801			6
2025.01.08	00:43:57.362	1.24744	1.24800			6
2025.01.08	00:44:01.131	1.24744				2
2025.01.08	00:44:12.002	1.24745	1.24801			6
2025.01.08	00:44:13.205	1.24744	1.24800			6
2025.01.08	00:44:14.142	1.24748	1.24802			6
2025.01.08	00:44:14.706	1.24745	1.24801			6
2025.01.08	00:44:16.205	1.24744	1.24800			6
2025.01.08	00:44:25.769	1.24748	1.24802			6
2025.01.08	00:44:32.380	1.24745				2
2025.01.08	00:44:34.760	1.24746				2
2025.01.08	00:44:37.122	1.24747				2
2025.01.08	00:44:41.010	1.24746				2
2025.01.08	00:44:42.074	1.24744	1.24801			6
2025.01.08	00:45:00.497	1.24744				2
2025.01.08	00:45:02.115	1.24719	1.24809			6
2025.01.08	00:45:02.419	1.24720	1.24810			6
2025.01.08	00:45:03.940	1.24744	1.24800			6
2025.01.08	00:45:08.347	1.24760	1.24785			6
2025.01.08	00:45:31.341	1.24759				2
2025.01.08	00:45:54.988	1.24761	1.24786			6
2025.01.08	00:46:00.214	1.24761				2
2025.01.08	00:46:20.460	1.24762				2
2025.01.08	00:46:33.041	1.24761				2
2025.01.08	00:46:39.196	1.24760				2
2025.01.08	00:46:53.935		1.24785			4
2025.01.08	00:47:00.081	1.24760				2
2025.01.08	00:47:01.921	1.24732	1.24790			6
2025.01.08	00:47:04.067	1.24760	1.24785			6
2025.01.08	00:47:10.822	1.24759				2
2025.01.08	00:47:17.903		1.24783			4
2025.01.08	00:47:33.255	1.24760				2
2025.01.08	00:47:42.157		1.24786			4
2025.01.08	00:48:00.257	1.24760				2
2025.01.08	00:48:42.321		1.24786			4
2025.01.08	00:49:00.138	1.24760				2
2025.01.08	00:49:16.058	1.24761				2
2025.01.08	00:49:18.211	1.24756	1.24783			6
2025.01.08	00:49:20.361		1.24782			4
2025.01.08	00:49:28.041		1.24779			4
2025.01.08	00:50:00.292	1.24756				2
2025.01.08	00:50:02.749		1.24781			4
2025.01.08	00:50:07.959	1.24757	1.24782			6
2025.01.08	00:50:09.498	1.24758				2
2025.01.08	00:50:11.030	1.24757	1.24781			6
2025.01.08	00:50:51.865	1.24758	1.24780			6
2025.01.08	00:51:00.161	1.24758				2
2025.01.08	00:51:44.722		1.24779			4
2025.01.08	00:52:00.081	1.24758				2
2025.01.08	00:52:04.992	1.24759	1.24780			6
2025.01.08	00:52:05.915	1.24761	1.24782			6
2025.01.08	00:52:07.751	1.24760	1.24781			6
2025.01.08	00:52:21.277	1.24761	1.24782			6
2025.01.08	00:52:26.191		1.24781			4
2025.01.08	00:52:33.878	1.24760				2
2025.01.08	00:52:36.338	1.24761	1.24782			6
2025.01.08	00:52:48.944		1.24780			4
2025.01.08	00:52:49.251	1.24760				2
2025.01.08	00:52:50.171	1.24762	1.24782			6
2025.01.08	00:52:51.093	1.24759	1.24780			6
2025.01.08	00:53:00.004	1.24759				2
2025.01.08	00:53:01.851	1.24760				2
2025.01.08	00:53:10.165	1.24759	1.24779			6
2025.01.08	00:53:19.094	1.24760	1.24780			6
2025.01.08	00:53:23.103	1.24759	1.24779			6
2025.01.08	00:53:33.240	1.24760	1.24780			6
2025.01.08	00:53:58.737	1.24769	1.24783			6
2025.01.08	00:54:00.271	1.24769				2
2025.01.08	00:54:04.264	1.24754	1.24773			6
2025.01.08	00:54:07.338	1.24760	1.24779			6
2025.01.08	00:54:11.333		1.24780			4
2025.01.08	00:54:21.154	1.24761	1.24781			6
2025.01.08	00:54:30.350	1.24763				2
2025.01.08	00:54:31.880	1.24764				2
2025.01.08	00:54:35.261	1.24765				2
2025.01.08	00:54:35.563	1.24767				2
2025.01.08	00:54:42.636	1.24766				2
2025.01.08	00:54:53.079	1.24767				2
2025.01.08	00:54:53.994	1.24766				2
2025.01.08	00:54:54.301	1.24762				2
2025.01.08	00:54:55.226	1.24768				2
2025.01.08	00:55:00.141	1.24768				2
2025.01.08	00:55:00.447	1.24766				2
2025.01.08	00:55:03.215	1.24765				2
2025.01.08	00:55:08.425	1.24763				2
2025.01.08	00:55:13.341	1.24764				2
2025.01.08	00:55:21.339		1.24781			4
2025.01.08	00:55:25.326	1.24762				2
2025.01.08	00:55:31.761	1.24763				2
2025.01.08	00:55:49.261	1.24762				2
2025.01.08	00:55:56.321		1.24778			4
2025.01.08	00:55:56.626		1.24781			4
2025.01.08	00:56:00.001	1.24762				2
2025.01.08	00:56:00.308	1.24761				2
2025.01.08	00:56:04.301		1.24783			4
2025.01.08	00:56:11.976	1.24762	1.24785			6
2025.01.08	00:56:12.896	1.24761	1.24784			6
2025.01.08	00:56:17.800	1.24762	1.24785			6
2025.01.08	00:56:26.074	1.24761				2
2025.01.08	00:56:26.379		1.24784			4
2025.01.08	00:56:44.193	1.24762	1.24785			6
2025.01.08	00:56:47.255	1.24761				2
2025.01.08	00:57:00.167	1.24761				2
2025.01.08	00:57:00.471	1.24762				2
2025.01.08	00:57:25.021		1.24780			4
2025.01.08	00:57:33.302	1.24761				2
2025.01.08	00:57:38.832	1.24762				2
2025.01.08	00:57:41.288	1.24760				2
2025.01.08	00:57:43.130	1.24762				2
2025.01.08	00:57:54.800		1.24778			4
2025.01.08	00:57:55.102		1.24780			4
2025.01.08	00:58:00.010	1.24762				2
2025.01.08	00:58:03.389	1.24763				2
2025.01.08	00:58:05.851	1.24761				2
2025.01.08	00:58:08.911	1.24762				2
2025.01.08	00:58:23.020	1.24761				2
2025.01.08	00:58:25.168		1.24779			4
2025.01.08	00:58:33.151	1.24762				2
2025.01.08	00:58:47.273		1.24778			4
2025.01.08	00:58:47.585		1.24779			4
2025.01.08	00:58:50.651	1.24761				2
2025.01.08	00:59:00.175	1.24760				2
2025.01.08	00:59:05.100	1.24761				2
2025.01.08	00:59:06.937	1.24760				2
2025.01.08	00:59:17.082		1.24778			4
2025.01.08	00:59:17.690		1.24779			4
2025.01.08	00:59:29.056	1.24759				2
2025.01.08	00:59:29.364	1.24760				2
2025.01.08	01:00:00.065	1.24760	1.24778			6
2025.01.08	01:00:00.370	1.24761	1.24768			6
2025.01.08	01:00:00.983	1.24763	1.24770			6
2025.01.08	01:00:01.291	1.24761	1.24772			6
2025.01.08	01:00:01.603	1.24760	1.24771			6
2025.01.08	01:00:03.437	1.24761	1.24772			6
2025.01.08	01:00:03.739	1.24762	1.24773			6
2025.01.08	01:00:04.350	1.24761	1.24771			6
2025.01.08	01:00:05.883	1.24762	1.24772			6
2025.01.08	01:00:08.332		1.24771			4
2025.01.08	01:00:09.244	1.24763	1.24772			6
2025.01.08	01:00:10.155	1.24765				2
2025.01.08	01:00:10.761	1.24761	1.24770			6
2025.01.08	01:00:11.375	1.24765				2
2025.01.08	01:00:11.991	1.24766	1.24771			6
2025.01.08	01:00:12.293	1.24765				2
2025.01.08	01:00:12.607	1.24766				2
2025.01.08	01:00:13.524	1.24765				2
2025.01.08	01:00:15.661	1.24767	1.24775			6
2025.01.08	01:00:28.467	1.24770	1.24778			6
2025.01.08	01:00:29.084	1.24767	1.24775			6
2025.01.08	01:00:32.756		1.24776			4
2025.01.08	01:00:33.063	1.24766	1.24774			6
2025.01.08	01:00:37.340	1.24767	1.24775			6
2025.01.08	01:00:40.385		1.24773			4
2025.01.08	01:00:43.140	1.24768				2
2025.01.08	01:00:44.056	1.24767				2
2025.01.08	01:00:44.663	1.24768				2
2025.01.08	01:00:47.384	1.24769	1.24774			6
2025.01.08	01:01:00.234	1.24769				2
2025.01.08	01:01:03.914	1.24768	1.24773			6
2025.01.08	01:01:08.181	1.24767	1.24772			6
2025.01.08	01:01:20.097	1.24768	1.24773			6
2025.01.08	01:01:21.612	1.24767	1.24772			6
2025.01.08	01:01:23.759	1.24775	1.24777			6
2025.01.08	01:01:24.060	1.24772				2
2025.01.08	01:01:24.374	1.24767	1.24773			6
2025.01.08	01:01:26.229	1.24768	1.24774			6
2025.01.08	01:01:28.967	1.24773				2
2025.01.08	01:01:29.272	1.24775	1.24777			6
2025.01.08	01:01:32.625		1.24780			4
2025.01.08	01:01:35.057		1.24779			4
2025.01.08	01:01:35.363		1.24780			4
2025.01.08	01:01:43.621		1.24779			4
2025.01.08	01:01:44.220		1.24780			4
2025.01.08	01:01:45.748		1.24779			4
2025.01.08	01:01:46.055		1.24780			4
2025.01.08	01:01:47.872		1.24779			4
2025.01.08	01:01:48.487		1.24780			4
2025.01.08	01:01:50.017		1.24779			4
2025.01.08	01:01:50.637		1.24780			4
2025.01.08	01:01:52.148		1.24779			4
2025.01.08	01:01:52.754		1.24780			4
2025.01.08	01:01:54.279		1.24779			4
2025.01.08	01:01:54.891		1.24780			4
2025.01.08	01:01:56.423		1.24779			4
2025.01.08	01:01:57.025		1.24780			4
2025.01.08	01:01:58.563		1.24779			4
2025.01.08	01:01:58.878		1.24780			4
2025.01.08	01:02:00.094	1.24775				2
2025.01.08	01:02:01.025		1.24779			4
2025.01.08	01:02:01.327		1.24780			4
2025.01.08	01:02:05.328		1.24779			4
2025.01.08	01:02:05.637		1.24780			4
2025.01.08	01:02:07.173		1.24779			4
2025.01.08	01:02:07.798		1.24780			4
2025.01.08	01:02:09.312	1.24774	1.24779			6
2025.01.08	01:02:09.619		1.24778			4
2025.01.08	01:02:09.922		1.24779			4
2025.01.08	01:02:11.449		1.24778			4
2025.01.08	01:02:12.057		1.24779			4
2025.01.08	01:02:13.584		1.24778			4
2025.01.08	01:02:14.199		1.24779			4
2025.01.08	01:02:14.819	1.24776	1.24781			6
2025.01.08	01:02:16.343	1.24775				2
2025.01.08	01:02:17.259	1.24776				2
2025.01.08	01:02:18.481	1.24775	1.24780			6
2025.01.08	01:02:20.002		1.24779			4
2025.01.08	01:02:20.606		1.24780			4
2025.01.08	01:02:22.126		1.24779			4
2025.01.08	01:02:22.737		1.24780			4
2025.01.08	01:02:24.264		1.24779			4
2025.01.08	01:02:24.883		1.24780			4
2025.01.08	01:02:26.411		1.24779			4
2025.01.08	01:02:26.717		1.24781			4
2025.01.08	01:02:40.130	1.24776				2
2025.01.08	01:02:41.961	1.24777	1.24782			6
2025.01.08	01:02:43.474	1.24776	1.24781			6
2025.01.08	01:02:44.083	1.24777	1.24782			6
2025.01.08	01:02:45.617	1.24776	1.24781			6
2025.01.08	01:02:46.236	1.24777	1.24782			6
2025.01.08	01:02:48.071	1.24776	1.24781			6
2025.01.08	01:02:48.382	1.24777	1.24782			6
2025.01.08	01:02:49.603	1.24776	1.24781			6
2025.01.08	01:03:00.300	1.24776				2
2025.01.08	01:03:01.220		1.24780			4
2025.01.08	01:03:11.308	1.24777	1.24781			6
2025.01.08	01:03:14.071	1.24776	1.24780			6
2025.01.08	01:03:27.223	1.24777	1.24781			6
2025.01.08	01:03:28.760	1.24776	1.24780			6
2025.01.08	01:03:29.381	1.24777	1.24781			6
2025.01.08	01:03:30.916	1.24776	1.24780			6
2025.01.08	01:03:34.265	1.24769	1.24773			6
2025.01.08	01:03:35.173	1.24768				2
2025.01.08	01:03:41.571	1.24765	1.24771			6
2025.01.08	01:03:48.308	1.24766	1.24772			6
2025.01.08	01:03:48.619	1.24768				2
2025.01.08	01:03:54.427	1.24767				2
2025.01.08	01:03:55.040	1.24768				2
2025.01.08	01:03:56.572	1.24767				2
2025.01.08	01:03:57.179	1.24768				2
2025.01.08	01:03:58.700	1.24766				2
2025.01.08	01:03:59.316	1.24767	1.24773			6
2025.01.08	01:04:00.228	1.24767				2
2025.01.08	01:04:00.839	1.24766	1.24772			6
2025.01.08	01:04:01.453	1.24767	1.24773			6
2025.01.08	01:04:03.300	1.24766	1.24772			6
2025.01.08	01:04:03.610	1.24767	1.24773			6
2025.01.08	01:04:05.143	1.24766	1.24772			6
2025.01.08	01:04:05.760	1.24767	1.24773			6
2025.01.08	01:04:07.608	1.24766	1.24772			6
2025.01.08	01:04:07.918	1.24767	1.24773			6
2025.01.08	01:04:09.461	1.24766	1.24772			6
2025.01.08	01:04:10.078	1.24767	1.24773			6
2025.01.08	01:04:11.923	1.24766	1.24772			6
2025.01.08	01:04:12.532	1.24767	1.24773			6
2025.01.08	01:04:14.075	1.24766	1.24772			6
2025.01.08	01:04:14.685	1.24767	1.24773			6
2025.01.08	01:04:16.222	1.24766	1.24772			6
2025.01.08	01:04:16.837	1.24767	1.24773			6
2025.01.08	01:04:17.146	1.24768				2
2025.01.08	01:04:18.381	1.24767	1.24772			6
2025.01.08	01:04:18.992	1.24768	1.24773			6
2025.01.08	01:04:19.917	1.24767	1.24772			6
2025.01.08	01:04:20.225	1.24768	1.24773			6
2025.01.08	01:04:21.462	1.24769				2
2025.01.08	01:04:54.217	1.24770				2
2025.01.08	01:05:00.027	1.24770				2
2025.01.08	01:05:01.245	1.24775	1.24777			6
2025.01.08	01:05:01.551	1.24778	1.24781			6
2025.01.08	01:05:02.169	1.24776	1.24783			6
2025.01.08	01:05:03.096	1.24775	1.24782			6
2025.01.08	01:05:03.714	1.24776	1.24783			6
2025.01.08	01:05:05.248	1.24775	1.24782			6
2025.01.08	01:05:05.862	1.24776	1.24783			6
2025.01.08	01:05:07.406	1.24775	1.24782			6
2025.01.08	01:05:08.332	1.24776	1.24783			6
2025.01.08	01:05:09.875	1.24775	1.24782			6
2025.01.08	01:05:10.179	1.24776	1.24783			6
2025.01.08	01:05:10.794	1.24775	1.24781			6
2025.01.08	01:05:12.024		1.24780			4
2025.01.08	01:05:12.337		1.24781			4
2025.01.08	01:05:14.181		1.24780			4
2025.01.08	01:05:14.797		1.24781			4
2025.01.08	01:05:16.336		1.24780			4
2025.01.08	01:05:16.639		1.24781			4
2025.01.08	01:05:16.946	1.24766	1.24772			6
2025.01.08	01:05:17.257	1.24761	1.24768			6
2025.01.08	01:05:17.875	1.24758	1.24765			6
2025.01.08	01:05:21.262	1.24759	1.24766			6
2025.01.08	01:05:21.563	1.24758	1.24765			6
2025.01.08	01:05:23.109	1.24759				2
2025.01.08	01:05:23.418	1.24758				2
2025.01.08	01:05:28.962		1.24764			4
2025.01.08	01:05:29.271		1.24765			4
2025.01.08	01:05:47.733	1.24761	1.24768			6
2025.01.08	01:05:48.343	1.24760	1.24767			6
2025.01.08	01:05:48.660	1.24761	1.24768			6
2025.01.08	01:05:50.191	1.24760	1.24767			6
2025.01.08	01:05:50.812	1.24761	1.24768			6
2025.01.08	01:05:52.350	1.24760	1.24767			6
2025.01.08	01:05:52.962	1.24761	1.24768			6
2025.01.08	01:05:54.498	1.24760	1.24767			6
2025.01.08	01:05:55.118	1.24761	1.24768			6
2025.01.08	01:05:56.649	1.24760	1.24767			6
2025.01.08	01:05:57.265	1.24761	1.24768			6
2025.01.08	01:05:58.805	1.24760	1.24767			6
2025.01.08	01:05:59.416	1.24761	1.24768			6
2025.01.08	01:06:00.033	1.24761				2
2025.01.08	01:06:01.262	1.24760	1.24767			6
2025.01.08	01:06:01.570	1.24761	1.24768			6
2025.01.08	01:06:03.423	1.24760	1.24767			6
2025.01.08	01:06:03.724	1.24761	1.24768			6
2025.01.08	01:06:05.573	1.24760	1.24767			6
2025.01.08	01:06:06.182	1.24761	1.24768			6
2025.01.08	01:06:07.716	1.24760	1.24767			6
2025.01.08	01:06:08.331	1.24761	1.24768			6
2025.01.08	01:06:09.876	1.24760	1.24767			6
2025.01.08	01:06:10.486	1.24761	1.24768			6
2025.01.08	01:06:12.026	1.24760	1.24767			6
2025.01.08	01:06:12.640	1.24761	1.24768			6
2025.01.08	01:06:14.174	1.24760	1.24767			6
2025.01.08	01:06:14.792	1.24761	1.24768			6
2025.01.08	01:06:16.330	1.24760	1.24766			6
2025.01.08	01:06:16.939	1.24761	1.24767			6
2025.01.08	01:06:18.478	1.24760	1.24766			6
2025.01.08	01:06:19.089	1.24761	1.24767			6
2025.01.08	01:06:20.665	1.24760	1.24766			6
2025.01.08	01:06:20.970	1.24761	1.24767			6
2025.01.08	01:06:22.520	1.24760	1.24766			6
2025.01.08	01:06:23.135	1.24761	1.24767			6
2025.01.08	01:06:24.667	1.24760	1.24766			6
2025.01.08	01:06:25.293	1.24761	1.24767			6
2025.01.08	01:06:26.824	1.24760	1.24766			6
2025.01.08	01:06:27.449	1.24761	1.24767			6
2025.01.08	01:06:28.981	1.24760	1.24766			6
2025.01.08	01:06:29.603	1.24761	1.24767			6
2025.01.08	01:06:31.138	1.24760	1.24765			6
2025.01.08	01:06:31.757	1.24761	1.24767			6
2025.01.08	01:06:33.294	1.24759	1.24765			6
2025.01.08	01:06:33.918	1.24761	1.24767			6
2025.01.08	01:06:35.452	1.24759	1.24765			6
2025.01.08	01:06:36.066	1.24761	1.24767			6
2025.01.08	01:06:37.607	1.24759	1.24765			6
2025.01.08	01:06:38.221	1.24761	1.24767			6
2025.01.08	01:06:39.457	1.24759	1.24765			6
2025.01.08	01:06:40.073	1.24761	1.24767			6
2025.01.08	01:06:41.617	1.24759	1.24765			6
2025.01.08	01:06:42.228	1.24761	1.24767			6
2025.01.08	01:06:43.767	1.24759	1.24765			6
2025.01.08	01:06:44.384	1.24762	1.24767			6
2025.01.08	01:06:45.301	1.24761				2
2025.01.08	01:06:45.925	1.24759	1.24765			6
2025.01.08	01:06:46.532	1.24761	1.24767			6
2025.01.08	01:06:48.068	1.24760	1.24766			6
2025.01.08	01:06:48.688	1.24761	1.24767			6
2025.01.08	01:06:50.223	1.24760	1.24766			6
2025.01.08	01:06:50.838	1.24761	1.24767			6
2025.01.08	01:06:52.374	1.24760	1.24766			6
2025.01.08	01:06:52.985	1.24761	1.24767			6
2025.01.08	01:06:54.528	1.24760	1.24766			6
2025.01.08	01:06:55.152	1.24762	1.24767			6
2025.01.08	01:06:56.690	1.24761	1.24766			6
2025.01.08	01:06:57.320	1.24762	1.24767			6
2025.01.08	01:06:58.853	1.24761	1.24766			6
2025.01.08	01:06:59.469	1.24762	1.24767			6
2025.01.08	01:07:00.081	1.24762				2
2025.01.08	01:07:01.305	1.24761	1.24766			6
2025.01.08	01:07:01.627	1.24762	1.24767			6
2025.01.08	01:07:03.474	1.24761	1.24766			6
2025.01.08	01:07:04.091	1.24762	1.24767			6
2025.01.08	01:07:05.630	1.24761	1.24766			6
2025.01.08	01:07:05.938	1.24762	1.24767			6
2025.01.08	01:07:07.780	1.24761	1.24766			6
2025.01.08	01:07:08.396	1.24762	1.24767			6
2025.01.08	01:07:09.934	1.24761	1.24766			6
2025.01.08	01:07:10.552	1.24762	1.24767			6
2025.01.08	01:07:12.085	1.24761	1.24766			6
2025.01.08	01:07:12.395	1.24762	1.24767			6
2025.01.08	01:07:14.237	1.24761	1.24766			6
2025.01.08	01:07:14.853	1.24762	1.24767			6
2025.01.08	01:07:16.392	1.24761	1.24766			6
2025.01.08	01:07:16.693	1.24762	1.24767			6
2025.01.08	01:07:17.622	1.24763	1.24768			6
2025.01.08	01:07:18.543	1.24762	1.24767			6
2025.01.08	01:07:18.853	1.24763	1.24768			6
2025.01.08	01:07:20.690	1.24762	1.24767			6
2025.01.08	01:07:20.998	1.24763	1.24768			6
2025.01.08	01:07:22.221		1.24767			4
2025.01.08	01:07:22.827	1.24762	1.24766			6
2025.01.08	01:07:23.437	1.24763	1.24767			6
2025.01.08	01:07:24.972	1.24762	1.24766			6
2025.01.08	01:07:25.275	1.24760	1.24764			6
2025.01.08	01:07:25.579		1.24762			4
2025.01.08	01:07:25.883	1.24759	1.24763			6
2025.01.08	01:07:26.186		1.24764			4
2025.01.08	01:07:28.041	1.24760	1.24765			6
2025.01.08	01:07:30.197		1.24764			4
2025.01.08	01:07:31.420	1.24757	1.24761			6
2025.01.08	01:07:31.727	1.24758	1.24762			6
2025.01.08	01:07:32.335		1.24763			4
2025.01.08	01:07:33.557	1.24757	1.24762			6
2025.01.08	01:07:34.182	1.24758	1.24763			6
2025.01.08	01:07:35.721	1.24757	1.24762			6
2025.01.08	01:07:36.339	1.24758	1.24763			6
2025.01.08	01:07:37.872	1.24757	1.24762			6
2025.01.08	01:07:38.489	1.24758	1.24763			6
2025.01.08	01:07:40.029	1.24757	1.24762			6
2025.01.08	01:07:40.650	1.24758	1.24763			6
2025.01.08	01:07:42.180	1.24757	1.24762			6
2025.01.08	01:07:42.802	1.24758	1.24763			6
2025.01.08	01:07:44.329	1.24757	1.24762			6
2025.01.08	01:07:44.942	1.24758	1.24763			6
2025.01.08	01:07:46.770	1.24757	1.24762			6
2025.01.08	01:07:47.078	1.24758	1.24763			6
2025.01.08	01:07:47.380		1.24762			4
2025.01.08	01:07:48.896	1.24757	1.24761			6
2025.01.08	01:07:49.196	1.24758	1.24762			6
2025.01.08	01:07:50.717	1.24757	1.24761			6
2025.01.08	01:07:51.331	1.24758	1.24762			6
2025.01.08	01:07:53.167	1.24757	1.24761			6
2025.01.08	01:07:53.469	1.24758	1.24762			6
2025.01.08	01:07:55.306	1.24757	1.24761			6
2025.01.08	01:07:55.911	1.24758	1.24762			6
2025.01.08	01:07:57.435	1.24757	1.24761			6
2025.01.08	01:07:58.039	1.24758	1.24762			6
2025.01.08	01:08:00.187	1.24758				2
2025.01.08	01:08:01.702	1.24757	1.24761			6
2025.01.08	01:08:02.307	1.24758	1.24762			6
2025.01.08	01:08:03.829	1.24757	1.24761			6
2025.01.08	01:08:04.444	1.24758	1.24762			6
2025.01.08	01:08:05.980	1.24757	1.24761			6
2025.01.08	01:08:06.591	1.24758	1.24762			6
2025.01.08	01:08:08.122	1.24757	1.24761			6
2025.01.08	01:08:08.737	1.24758	1.24762			6
2025.01.08	01:08:10.260	1.24757	1.24761			6
2025.01.08	01:08:10.873	1.24758	1.24762			6
2025.01.08	01:08:12.098	1.24759	1.24763			6
2025.01.08	01:08:12.713	1.24757	1.24761			6
2025.01.08	01:08:13.017	1.24758	1.24762			6
2025.01.08	01:08:14.548	1.24757	1.24761			6
2025.01.08	01:08:15.157	1.24758	1.24762			6
2025.01.08	01:08:16.684	1.24757	1.24761			6
2025.01.08	01:08:17.297	1.24758	1.24762			6
2025.01.08	01:08:18.823	1.24757	1.24761			6
2025.01.08	01:08:19.432	1.24758	1.24762			6
2025.01.08	01:08:20.963	1.24757	1.24761			6
2025.01.08	01:08:21.574	1.24758	1.24762			6
2025.01.08	01:08:23.104		1.24761			4
2025.01.08	01:08:23.412	1.24759	1.24762			6
2025.01.08	01:08:25.229	1.24758	1.24761			6
2025.01.08	01:08:25.841	1.24759	1.24762			6
2025.01.08	01:08:27.371	1.24758	1.24761			6
2025.01.08	01:08:27.979	1.24759	1.24762			6
2025.01.08	01:08:29.828	1.24757	1.24760			6
2025.01.08	01:08:30.129	1.24759	1.24762			6
2025.01.08	01:08:32.261	1.24758	1.24761			6
2025.01.08	01:08:32.567	1.24759	1.24762			6
2025.01.08	01:08:34.100	1.24758	1.24761			6
2025.01.08	01:08:34.710	1.24759	1.24762			6
2025.01.08	01:08:36.241	1.24758	1.24761			6
2025.01.08	01:08:36.854	1.24759	1.24762			6
2025.01.08	01:08:38.386	1.24758	1.24761			6
2025.01.08	01:08:38.700	1.24759	1.24762			6
2025.01.08	01:08:40.535	1.24758	1.24761			6
2025.01.08	01:08:41.145	1.24759	1.24762			6
2025.01.08	01:08:42.677	1.24758	1.24761			6
2025.01.08	01:08:43.284	1.24759	1.24762			6
2025.01.08	01:08:44.795	1.24758	1.24761			6
2025.01.08	01:08:45.414	1.24759	1.24762			6
2025.01.08	01:08:46.939	1.24758	1.24761			6
2025.01.08	01:08:47.548	1.24759	1.24762			6
2025.01.08	01:08:49.394	1.24758	1.24761			6
2025.01.08	01:08:50.002	1.24759	1.24762			6
2025.01.08	01:08:51.538	1.24758	1.24761			6
2025.01.08	01:08:52.154	1.24759	1.24762			6
2025.01.08	01:08:53.671	1.24758	1.24761			6
2025.01.08	01:08:54.288	1.24759	1.24762			6
2025.01.08	01:08:55.824	1.24758	1.24761			6
2025.01.08	01:08:56.426	1.24759	1.24762			6
2025.01.08	01:08:57.962	1.24758	1.24761			6
2025.01.08	01:08:58.270	1.24759	1.24762			6
2025.01.08	01:09:00.100	1.24758	1.24761			6
2025.01.08	01:09:00.411	1.24759	1.24762			6
2025.01.08	01:09:02.235	1.24758	1.24761			6
2025.01.08	01:09:02.548	1.24759	1.24762			6
2025.01.08	01:09:02.850	1.24758	1.24761			6
2025.01.08	01:09:08.052	1.24759	1.24762			6
2025.01.08	01:09:08.674	1.24758	1.24761			6
2025.01.08	01:09:09.280	1.24759	1.24762			6
2025.01.08	01:09:10.193	1.24758	1.24761			6
2025.01.08	01:09:14.460	1.24759	1.24762			6
2025.01.08	01:09:35.681	1.24760	1.24763			6
2025.01.08	01:09:36.910	1.24759	1.24762			6
2025.01.08	01:09:37.519	1.24760	1.24763			6
2025.01.08	01:09:39.056	1.24759	1.24762			6
2025.01.08	01:09:39.667	1.24760	1.24763			6
2025.01.08	01:09:40.898	1.24759	1.24762			6
2025.01.08	01:09:41.205	1.24762	1.24764			6
2025.01.08	01:09:41.515		1.24765			4
2025.01.08	01:09:43.056	1.24761	1.24764			6
2025.01.08	01:09:43.366	1.24759	1.24762			6
2025.01.08	01:09:43.680	1.24760	1.24763			6
2025.01.08	01:09:45.215	1.24759	1.24762			6
2025.01.08	01:09:45.836	1.24760	1.24763			6
2025.01.08	01:09:46.451	1.24762	1.24765			6
2025.01.08	01:09:47.379	1.24761	1.24764			6
2025.01.08	01:09:47.999	1.24762	1.24765			6
2025.01.08	01:09:49.534	1.24761	1.24764			6
2025.01.08	01:09:50.152	1.24762	1.24765			6
2025.01.08	01:09:51.375	1.24761				2
2025.01.08	01:09:51.999	1.24760	1.24764			6
2025.01.08	01:09:52.306	1.24761	1.24765			6
2025.01.08	01:09:53.838	1.24760	1.24764			6
2025.01.08	01:09:54.453	1.24761	1.24765			6
2025.01.08	01:09:56.301	1.24760	1.24764			6
2025.01.08	01:09:56.918	1.24759	1.24763			6
2025.01.08	01:09:58.463	1.24758	1.24762			6
2025.01.08	01:09:58.764	1.24759	1.24763			6
2025.01.08	01:10:00.310	1.24758	1.24762			6
2025.01.08	01:10:01.234	1.24759	1.24763			6
2025.01.08	01:10:01.538	1.24758	1.24762			6
2025.01.08	01:10:02.460	1.24759	1.24763			6
2025.01.08	01:10:02.764	1.24758	1.24762			6
2025.01.08	01:10:03.070	1.24759	1.24763			6
2025.01.08	01:10:04.915	1.24758	1.24762			6
2025.01.08	01:10:05.530	1.24759	1.24763			6
2025.01.08	01:10:07.065	1.24758	1.24762			6
2025.01.08	01:10:07.681	1.24759	1.24763			6
2025.01.08	01:10:09.226	1.24760	1.24764			6
2025.01.08	01:10:14.462	1.24759	1.24763			6
2025.01.08	01:10:15.075	1.24760	1.24764			6
2025.01.08	01:10:15.387	1.24759	1.24763			6
2025.01.08	01:10:17.233	1.24760				2
2025.01.08	01:10:26.156	1.24759	1.24762			6
2025.01.08	01:10:30.471	1.24760	1.24763			6
2025.01.08	01:10:36.021	1.24761	1.24764			6
2025.01.08	01:10:38.173	1.24760	1.24763			6
2025.01.08	01:10:38.793	1.24761	1.24764			6
2025.01.08	01:10:39.093	1.24760	1.24763			6
2025.01.08	01:10:41.253	1.24761	1.24764			6
2025.01.08	01:10:43.102		1.24762			4
2025.01.08	01:10:43.407	1.24759				2
2025.01.08	01:10:52.942	1.24751	1.24753			6
2025.01.08	01:10:53.251	1.24749	1.24754			6
2025.01.08	01:10:54.185	1.24748	1.24755			6
2025.01.08	01:10:55.099	1.24750				2
2025.01.08	01:11:00.027	1.24750				2
2025.01.08	01:11:00.944		1.24756			4
2025.01.08	01:11:01.872	1.24752	1.24758			6
2025.01.08	01:11:04.642	1.24751				2
2025.01.08	01:11:05.871	1.24752				2
2025.01.08	01:11:07.403	1.24751				2
2025.01.08	01:11:08.326	1.24752				2
2025.01.08	01:11:09.251	1.24753				2
2025.01.08	01:11:21.864	1.24751	1.24757			6
2025.01.08	01:11:22.179	1.24752	1.24758			6
2025.01.08	01:11:23.716	1.24753				2
2025.01.08	01:11:24.641	1.24752				2
2025.01.08	01:11:26.477	1.24751	1.24757			6
2025.01.08	01:11:27.407	1.24750	1.24756			6
2025.01.08	01:11:30.472	1.24745	1.24751			6
2025.01.08	01:11:32.312	1.24749	1.24755			6
2025.01.08	01:11:35.071	1.24750				2
2025.01.08	01:11:37.529	1.24748				2
2025.01.08	01:11:37.834		1.24753			4
2025.01.08	01:11:41.835		1.24755			4
2025.01.08	01:11:45.538	1.24749				2
2025.01.08	01:11:52.607	1.24751	1.24758			6
2025.01.08	01:11:57.233		1.24757			4
2025.01.08	01:12:00.006	1.24751				2
2025.01.08	01:12:06.161	1.24749	1.24755			6
2025.01.08	01:12:06.465	1.24750	1.24756			6
2025.01.08	01:12:11.402	1.24752	1.24758			6
2025.01.08	01:12:14.172	1.24751	1.24757			6
2025.01.08	01:12:18.166	1.24752				2
2025.01.08	01:12:20.013	1.24751	1.24756			6
2025.01.08	01:12:20.329	1.24752	1.24757			6
2025.01.08	01:12:20.938	1.24750	1.24755			6
2025.01.08	01:12:21.551	1.24749	1.24754			6
2025.01.08	01:12:22.165	1.24748				2
2025.01.08	01:12:24.013	1.24740	1.24746			6
2025.01.08	01:12:24.320	1.24738	1.24742			6
2025.01.08	01:12:25.246	1.24737				2
2025.01.08	01:12:26.790	1.24738				2
2025.01.08	01:12:27.711	1.24730	1.24736			6
2025.01.08	01:12:28.020	1.24732	1.24739			6
2025.01.08	01:12:31.395	1.24733				2
2025.01.08	01:12:31.697	1.24732	1.24734			6
2025.01.08	01:12:32.002	1.24729	1.24733			6
2025.01.08	01:12:32.326	1.24730	1.24734			6
2025.01.08	01:12:32.633	1.24728	1.24732			6
2025.01.08	01:12:33.861	1.24732	1.24737			6
2025.01.08	01:12:34.782	1.24736	1.24740			6
2025.01.08	01:12:35.084		1.24741			4
2025.01.08	01:12:36.941		1.24742			4
2025.01.08	01:12:40.007	1.24737				2
2025.01.08	01:12:41.548		1.24743			4
2025.01.08	01:12:41.861		1.24742			4
2025.01.08	01:12:48.626	1.24738				2
2025.01.08	01:12:50.164	1.24737				2
2025.01.08	01:12:51.081		1.24741			4
2025.01.08	01:12:51.392	1.24733	1.24737			6
2025.01.08	01:12:53.238		1.24739			4
2025.01.08	01:12:55.078	1.24732	1.24738			6
2025.01.08	01:12:56.921		1.24739			4
2025.01.08	01:13:00.301	1.24732				2
2025.01.08	01:13:04.605	1.24731	1.24738			6
2025.01.08	01:13:06.448	1.24730	1.24737			6
2025.01.08	01:13:06.766	1.24731	1.24738			6
2025.01.08	01:13:07.067	1.24732	1.24737			6
2025.01.08	01:13:07.374	1.24731	1.24738			6
2025.01.08	01:13:10.453	1.24732	1.24739			6
2025.01.08	01:13:10.763	1.24730	1.24737			6
2025.01.08	01:13:13.845	1.24728	1.24735			6
2025.01.08	01:13:22.143	1.24729				2
2025.01.08	01:13:22.760	1.24734	1.24740			6
2025.01.08	01:13:23.686	1.24735	1.24742			6
2025.01.08	01:13:23.998	1.24734	1.24741			6
2025.01.08	01:13:27.992	1.24735				2
2025.01.08	01:13:28.300		1.24742			4
2025.01.08	01:13:28.913		1.24741			4
2025.01.08	01:13:30.140	1.24738	1.24743			6
2025.01.08	01:13:30.760		1.24744			4
2025.01.08	01:13:35.370		1.24743			4
2025.01.08	01:13:35.677	1.24737				2
2025.01.08	01:13:36.907		1.24744			4
2025.01.08	01:13:41.523	1.24738				2
2025.01.08	01:13:46.138	1.24737				2
2025.01.08	01:13:50.439		1.24743			4
2025.01.08	01:13:50.745	1.24734	1.24740			6
2025.01.08	01:13:51.046	1.24733				2
2025.01.08	01:13:51.365	1.24732	1.24739			6
2025.01.08	01:13:51.671	1.24733	1.24740			6
2025.01.08	01:13:53.515	1.24736				2
2025.01.08	01:13:53.819		1.24743			4
2025.01.08	01:13:55.357	1.24730	1.24737			6
2025.01.08	01:13:55.663	1.24731				2
2025.01.08	01:13:58.425	1.24730	1.24736			6
2025.01.08	01:13:58.734	1.24729				2
2025.01.08	01:14:00.273	1.24729				2
2025.01.08	01:14:18.118		1.24735			4
2025.01.08	01:14:20.888	1.24732	1.24738			6
2025.01.08	01:14:21.817	1.24731	1.24737			6
2025.01.08	01:14:22.122		1.24738			4
2025.01.08	01:14:22.429	1.24734	1.24741			6
2025.01.08	01:14:31.661	1.24733	1.24740			6
2025.01.08	01:14:35.665	1.24732	1.24739			6
2025.01.08	01:14:36.591		1.24738			4
2025.01.08	01:14:38.138		1.24737			4
2025.01.08	01:14:38.750	1.24733	1.24739			6
2025.01.08	01:14:40.296	1.24732	1.24738			6
2025.01.08	01:14:41.214	1.24735	1.24741			6
2025.01.08	01:14:42.143		1.24742			4
2025.01.08	01:14:45.201		1.24741			4
2025.01.08	01:14:47.057	1.24736				2
2025.01.08	01:14:51.056	1.24737				2
2025.01.08	01:14:51.373		1.24742			4
2025.01.08	01:14:51.987	1.24738				2
2025.01.08	01:15:00.003	1.24738				2
2025.01.08	01:15:03.680		1.24743			4
2025.01.08	01:15:11.336	1.24739	1.24744			6
2025.01.08	01:15:13.157	1.24741	1.24746			6
2025.01.08	01:15:13.464	1.24742	1.24747			6
2025.01.08	01:15:15.001	1.24743	1.24748			6
2025.01.08	01:15:17.465	1.24744	1.24749			6
2025.01.08	01:15:19.912	1.24743	1.24748			6
2025.01.08	01:15:21.436	1.24744	1.24749			6
2025.01.08	01:15:22.045	1.24743	1.24748			6
2025.01.08	01:15:24.793	1.24744	1.24749			6
2025.01.08	01:15:25.098	1.24743	1.24748			6
2025.01.08	01:15:26.317		1.24747			4
2025.01.08	01:15:33.658	1.24742	1.24746			6
2025.01.08	01:15:35.471	1.24743	1.24747			6
2025.01.08	01:15:39.145	1.24744	1.24748			6
2025.01.08	01:15:41.581	1.24743	1.24747			6
2025.01.08	01:15:46.466	1.24742	1.24746			6
2025.01.08	01:15:47.081	1.24741	1.24745			6
2025.01.08	01:15:47.382	1.24740	1.24744			6
2025.01.08	01:15:47.990	1.24741	1.24745			6
2025.01.08	01:15:48.296	1.24739	1.24743			6
2025.01.08	01:15:50.757	1.24740	1.24744			6
2025.01.08	01:15:52.590	1.24739	1.24743			6
2025.01.08	01:15:53.805	1.24738	1.24742			6
2025.01.08	01:15:55.954	1.24739	1.24743			6
2025.01.08	01:15:56.574	1.24737	1.24741			6
2025.01.08	01:16:00.233	1.24737				2
2025.01.08	01:16:00.841	1.24741	1.24745			6
2025.01.08	01:16:05.404		1.24744			4
2025.01.08	01:16:06.329		1.24745			4
2025.01.08	01:16:08.478	1.24742	1.24746			6
2025.01.08	01:16:09.086	1.24743	1.24747			6
2025.01.08	01:16:09.396	1.24746	1.24750			6
2025.01.08	01:16:10.316		1.24751			4
2025.01.08	01:16:10.937		1.24750			4
2025.01.08	01:16:13.704		1.24751			4
2025.01.08	01:16:17.092		1.24750			4
2025.01.08	01:16:17.398		1.24749			4
2025.01.08	01:16:20.161	1.24747	1.24750			6
2025.01.08	01:16:20.467		1.24751			4
2025.01.08	01:16:22.326	1.24748	1.24752			6
2025.01.08	01:16:22.634	1.24747	1.24751			6
2025.01.08	01:16:23.561	1.24746	1.24750			6
2025.01.08	01:16:24.789	1.24745	1.24749			6
2025.01.08	01:16:27.870	1.24746	1.24750			6
2025.01.08	01:16:32.485	1.24747				2
2025.01.08	01:16:32.787	1.24746				2
2025.01.08	01:16:38.973	1.24747	1.24751			6
2025.01.08	01:16:39.585	1.24746	1.24750			6
2025.01.08	01:16:42.362	1.24747				2
2025.01.08	01:16:47.261	1.24749	1.24752			6
2025.01.08	01:16:48.172	1.24748				2
2025.01.08	01:16:50.341		1.24751			4
2025.01.08	01:16:52.499	1.24749	1.24752			6
2025.01.08	01:16:54.324	1.24748	1.24751			6
2025.01.08	01:16:56.788	1.24749	1.24752			6
2025.01.08	01:17:00.139	1.24749				2
2025.01.08	01:17:01.051	1.24750	1.24753			6
2025.01.08	01:17:08.084	1.24749	1.24752			6
2025.01.08	01:17:08.988	1.24750	1.24753			6
2025.01.08	01:17:16.337	1.24749	1.24752			6
2025.01.08	01:17:16.646	1.24750	1.24753			6
2025.01.08	01:17:17.250	1.24749	1.24752			6
2025.01.08	01:17:17.853	1.24750	1.24753			6
2025.01.08	01:17:19.387	1.24749	1.24752			6
2025.01.08	01:17:27.022	1.24750	1.24753			6
2025.01.08	01:17:28.858	1.24749	1.24752			6
2025.01.08	01:17:30.681	1.24748	1.24751			6
2025.01.08	01:17:33.138	1.24747	1.24750			6
2025.01.08	01:17:34.354	1.24748	1.24751			6
2025.01.08	01:17:44.720	1.24749	1.24752			6
2025.01.08	01:17:50.262	1.24748	1.24751			6
2025.01.08	01:17:53.652	1.24749	1.24752			6
2025.01.08	01:18:00.135	1.24749				2
2025.01.08	01:18:02.284	1.24748	1.24751			6
2025.01.08	01:18:02.593	1.24749	1.24752			6
2025.01.08	01:18:04.124	1.24750	1.24753			6
2025.01.08	01:18:04.426	1.24749	1.24752			6
2025.01.08	01:18:08.731	1.24748	1.24751			6
2025.01.08	01:18:09.348	1.24749	1.24752			6
2025.01.08	01:18:09.961	1.24748	1.24751			6
2025.01.08	01:18:17.653	1.24747	1.24750			6
2025.01.08	01:18:17.962	1.24748	1.24751			6
2025.01.08	01:18:19.501	1.24747	1.24750			6
2025.01.08	01:18:20.117	1.24746	1.24749			6
2025.01.08	01:18:21.659	1.24747	1.24750			6
2025.01.08	01:18:23.515	1.24748	1.24751			6
2025.01.08	01:18:25.053	1.24749	1.24752			6
2025.01.08	01:18:25.361	1.24748	1.24751			6
2025.01.08	01:18:26.903	1.24749	1.24752			6
2025.01.08	01:18:30.912	1.24748	1.24751			6
2025.01.08	01:18:33.375	1.24749	1.24752			6
2025.01.08	01:18:49.998	1.24750	1.24753			6
2025.01.08	01:18:51.228	1.24749	1.24752			6
2025.01.08	01:18:54.006	1.24750	1.24753			6
2025.01.08	01:18:54.314	1.24749	1.24752			6
2025.01.08	01:18:54.621	1.24750	1.24753			6
2025.01.08	01:18:55.241	1.24749	1.24752			6
2025.01.08	01:18:55.551	1.24750	1.24753			6
2025.01.08	01:18:57.711	1.24751	1.24754			6
2025.01.08	01:18:59.246	1.24750	1.24753			6
2025.01.08	01:19:00.167	1.24750				2
2025.01.08	01:19:03.248	1.24749	1.24752			6
2025.01.08	01:19:04.175	1.24750	1.24753			6
2025.01.08	01:19:04.791	1.24751	1.24754			6
2025.01.08	01:19:05.710	1.24750	1.24753			6
2025.01.08	01:19:06.637	1.24751	1.24754			6
2025.01.08	01:19:11.566	1.24750	1.24753			6
2025.01.08	01:19:15.569	1.24751	1.24754			6
2025.01.08	01:19:18.655	1.24752	1.24755			6
2025.01.08	01:19:18.966	1.24751	1.24754			6
2025.01.08	01:19:19.274	1.24752	1.24755			6
2025.01.08	01:19:21.121	1.24753	1.24756			6
2025.01.08	01:19:22.032	1.24752	1.24755			6
2025.01.08	01:19:24.805	1.24750	1.24753			6
2025.01.08	01:19:26.959	1.24751	1.24754			6
2025.01.08	01:19:28.197	1.24750	1.24753			6
2025.01.08	01:19:28.814	1.24749	1.24752			6
2025.01.08	01:19:29.122	1.24750	1.24753			6
2025.01.08	01:19:30.045	1.24748	1.24751			6
2025.01.08	01:19:30.359	1.24749	1.24752			6
2025.01.08	01:19:34.352	1.24747	1.24750			6
2025.01.08	01:19:35.280	1.24748	1.24751			6
2025.01.08	01:19:47.858	1.24750	1.24753			6
2025.01.08	01:19:48.462	1.24749	1.24752			6
2025.01.08	01:20:00.119	1.24749				2
2025.01.08	01:20:00.423	1.24751	1.24754			6
2025.01.08	01:20:00.734		1.24753			4
2025.01.08	01:20:01.355		1.24754			4
2025.01.08	01:20:07.210	1.24752	1.24755			6
2025.01.08	01:20:07.821	1.24755	1.24756			6
2025.01.08	01:20:08.128	1.24756	1.24760			6
2025.01.08	01:20:11.511	1.24751	1.24755			6
2025.01.08	01:20:15.820		1.24756			4
2025.01.08	01:20:16.127		1.24755			4
2025.01.08	01:20:23.186	1.24750				2
2025.01.08	01:20:25.957	1.24751				2
2025.01.08	01:20:28.104		1.24756			4
2025.01.08	01:20:31.482	1.24753	1.24758			6
2025.01.08	01:20:32.411		1.24757			4
2025.01.08	01:20:36.092	1.24754	1.24759			6
2025.01.08	01:20:36.393	1.24757	1.24762			6
2025.01.08	01:20:37.320	1.24756				2
2025.01.08	01:20:38.246	1.24757				2
2025.01.08	01:20:48.402	1.24758				2
2025.01.08	01:20:48.707		1.24763			4
2025.01.08	01:20:56.388		1.24762			4
2025.01.08	01:20:56.698	1.24760	1.24763			6
2025.01.08	01:20:57.920	1.24761				2
2025.01.08	01:20:58.224		1.24765			4
2025.01.08	01:20:59.147	1.24759	1.24763			6
2025.01.08	01:21:00.071	1.24759				2
2025.01.08	01:21:00.377		1.24764			4
2025.01.08	01:21:01.301		1.24763			4
2025.01.08	01:21:02.833		1.24762			4
2025.01.08	01:21:04.060		1.24761			4
2025.01.08	01:21:04.363	1.24758	1.24762			6
2025.01.08	01:21:06.828		1.24761			4
2025.01.08	01:21:08.666		1.24762			4
2025.01.08	01:21:10.815		1.24761			4
2025.01.08	01:21:11.434		1.24762			4
2025.01.08	01:21:18.510		1.24761			4
2025.01.08	01:21:19.739		1.24762			4
2025.01.08	01:21:20.348		1.24761			4
2025.01.08	01:21:22.506		1.24762			4
2025.01.08	01:21:29.585		1.24761			4
2025.01.08	01:21:32.961	1.24757	1.24760			6
2025.01.08	01:21:33.263	1.24759	1.24762			6
2025.01.08	01:21:41.215	1.24760	1.24763			6
2025.01.08	01:21:43.348	1.24759	1.24762			6
2025.01.08	01:21:45.803	1.24757	1.24760			6
2025.01.08	01:21:46.105	1.24758				2
2025.01.08	01:21:48.238		1.24761			4
2025.01.08	01:21:53.112	1.24759	1.24762			6
2025.01.08	01:22:00.122	1.24759				2
2025.01.08	01:22:01.642	1.24758	1.24761			6
2025.01.08	01:22:12.050	1.24757	1.24760			6
2025.01.08	01:22:18.450	1.24758	1.24761			6
2025.01.08	01:22:22.716	1.24755	1.24758			6
2025.01.08	01:22:23.025	1.24751	1.24754			6
2025.01.08	01:22:24.239	1.24750	1.24755			6
2025.01.08	01:22:27.898	1.24749				2
2025.01.08	01:22:36.122		1.24754			4
2025.01.08	01:22:36.430	1.24748				2
2025.01.08	01:22:37.962		1.24752			4
2025.01.08	01:22:38.267		1.24753			4
2025.01.08	01:22:43.152	1.24747	1.24752			6
2025.01.08	01:22:51.087	1.24746	1.24751			6
2025.01.08	01:22:52.612	1.24747	1.24752			6
2025.01.08	01:22:53.221	1.24746	1.24751			6
2025.01.08	01:22:55.354		1.24750			4
2025.01.08	01:22:55.659		1.24751			4
2025.01.08	01:23:00.230	1.24746	1.24750			6
2025.01.08	01:23:00.839	1.24747				2
2025.01.08	01:23:03.891		1.24751			4
2025.01.08	01:23:11.527	1.24742	1.24746			6
2025.01.08	01:23:11.833	1.24743				2
2025.01.08	01:23:12.134	1.24742	1.24747			6
2025.01.08	01:23:12.751		1.24746			4
2025.01.08	01:23:14.886	1.24743	1.24745			6
2025.01.08	01:23:15.194	1.24741				2
2025.01.08	01:23:16.114		1.24746			4
2025.01.08	01:23:16.721	1.24742	1.24747			6
2025.01.08	01:23:22.548		1.24746			4
2025.01.08	01:23:27.151		1.24747			4
2025.01.08	01:23:38.531	1.24743	1.24748			6
2025.01.08	01:23:41.895	1.24742	1.24747			6
2025.01.08	01:23:44.349		1.24746			4
2025.01.08	01:23:54.713	1.24741	1.24745			6
2025.01.08	01:24:00.225	1.24741				2
2025.01.08	01:24:00.834		1.24744			4
2025.01.08	01:24:03.298		1.24745			4
2025.01.08	01:24:06.368		1.24744			4
2025.01.08	01:24:08.828		1.24745			4
2025.01.08	01:24:09.134		1.24744			4
2025.01.08	01:24:23.172	1.24742	1.24745			6
2025.01.08	01:24:41.473	1.24746	1.24749			6
2025.01.08	01:24:47.938	1.24739	1.24743			6
2025.01.08	01:24:48.242	1.24740	1.24744			6
2025.01.08	01:24:48.550	1.24739				2
2025.01.08	01:24:55.957	1.24740	1.24745			6
2025.01.08	01:24:57.801	1.24738	1.24744			6
2025.01.08	01:24:59.652	1.24739				2
2025.01.08	01:25:00.263	1.24739				2
2025.01.08	01:25:00.575	1.24740	1.24746			6
2025.01.08	01:25:03.958		1.24745			4
2025.01.08	01:25:07.958	1.24741				2
2025.01.08	01:25:09.498	1.24745	1.24750			6
2025.01.08	01:25:09.799	1.24746	1.24751			6
2025.01.08	01:25:10.113	1.24747	1.24753			6
2025.01.08	01:25:10.427		1.24752			4
2025.01.08	01:25:10.730		1.24753			4
2025.01.08	01:25:16.582	1.24748				2
2025.01.08	01:25:20.274	1.24749				2
2025.01.08	01:25:20.581	1.24747				2
2025.01.08	01:25:23.654	1.24750	1.24754			6
2025.01.08	01:25:25.204	1.24749				2
2025.01.08	01:25:25.508	1.24750				2
2025.01.08	01:25:26.438		1.24755			4
2025.01.08	01:25:28.892	1.24749	1.24754			6
2025.01.08	01:25:30.133		1.24755			4
2025.01.08	01:25:32.597	1.24750				2
2025.01.08	01:25:32.899	1.24749	1.24754			6
2025.01.08	01:25:33.205	1.24751				2
2025.01.08	01:25:35.049		1.24755			4
2025.01.08	01:25:40.278	1.24750				2
2025.01.08	01:25:43.354	1.24751				2
2025.01.08	01:25:47.368		1.24754			4
2025.01.08	01:26:00.295	1.24751				2
2025.01.08	01:26:00.908	1.24749	1.24753			6
2025.01.08	01:26:02.146		1.24754			4
2025.01.08	01:26:04.605	1.24750				2
2025.01.08	01:26:10.146	1.24749	1.24753			6
2025.01.08	01:26:10.450	1.24750				2
2025.01.08	01:26:11.991		1.24754			4
2025.01.08	01:26:17.516		1.24753			4
2025.01.08	01:26:19.355		1.24752			4
2025.01.08	01:26:30.666	1.24749				2
2025.01.08	01:26:30.969	1.24750				2
2025.01.08	01:26:32.190		1.24753			4
2025.01.08	01:26:33.721	1.24749	1.24752			6
2025.01.08	01:26:34.646		1.24753			4
2025.01.08	01:26:36.474		1.24752			4
2025.01.08	01:26:41.364	1.24750				2
2025.01.08	01:26:46.558	1.24749				2
2025.01.08	01:26:48.685	1.24750	1.24753			6
2025.01.08	01:26:57.209	1.24751				2
2025.01.08	01:27:00.261	1.24751				2
2025.01.08	01:27:01.177	1.24750				2
2025.01.08	01:27:05.469	1.24751				2
2025.01.08	01:27:20.408		1.24754			4
2025.01.08	01:27:20.716	1.24750	1.24753			6
2025.01.08	01:27:22.541		1.24752			4
2025.01.08	01:27:22.854		1.24753			4
2025.01.08	01:27:26.829		1.24752			4
2025.01.08	01:27:27.136		1.24753			4
2025.01.08	01:27:27.436		1.24752			4
2025.01.08	01:28:00.238	1.24750				2
2025.01.08	01:28:22.586	1.24751				2
2025.01.08	01:28:24.724	1.24750				2
2025.01.08	01:28:25.331	1.24751				2
2025.01.08	01:28:27.470		1.24752			4
2025.01.08	01:28:43.709	1.24749				2
2025.01.08	01:28:44.017	1.24750				2
2025.01.08	01:28:45.866	1.24751				2
2025.01.08	01:28:51.417		1.24753			4
2025.01.08	01:28:56.970	1.24750	1.24752			6
2025.01.08	01:29:00.046	1.24750				2
2025.01.08	01:29:07.439	1.24748	1.24751			6
2025.01.08	01:29:32.997	1.24749	1.24752			6
2025.01.08	01:29:59.465	1.24748	1.24751			6
2025.01.08	01:30:00.080	1.24748				2
2025.01.08	01:30:00.381	1.24747	1.24750			6
2025.01.08	01:30:00.998	1.24748	1.24751			6
2025.01.08	01:30:06.519	1.24749	1.24752			6
2025.01.08	01:30:10.218	1.24748	1.24751			6
2025.01.08	01:30:32.381	1.24747	1.24750			6
2025.01.08	01:30:36.993	1.24748	1.24751			6
2025.01.08	01:31:00.069	1.24748				2
2025.01.08	01:31:19.139	1.24749	1.24752			6
2025.01.08	01:31:24.374	1.24750	1.24753			6
2025.01.08	01:31:24.993	1.24751	1.24754			6
2025.01.08	01:31:28.062	1.24750	1.24753			6
2025.01.08	01:32:00.062	1.24750				2
2025.01.08	01:32:04.062	1.24751	1.24754			6
2025.01.08	01:32:10.842	1.24750	1.24753			6
2025.01.08	01:32:29.896	1.24751	1.24754			6
2025.01.08	01:32:30.200	1.24750	1.24753			6
2025.01.08	01:33:00.049	1.24750				2
2025.01.08	01:33:03.128	1.24751	1.24754			6
2025.01.08	01:33:06.506	1.24752	1.24755			6
2025.01.08	01:33:15.437	1.24751	1.24754			6
2025.01.08	01:33:23.442	1.24752	1.24755			6
2025.01.08	01:33:44.975	1.24750	1.24753			6
2025.01.08	01:33:45.287	1.24751	1.24754			6
2025.01.08	01:34:00.057	1.24751				2
2025.01.08	01:34:30.513	1.24752	1.24755			6
2025.01.08	01:34:37.588	1.24755	1.24756			6
2025.01.08	01:34:37.895	1.24756	1.24759			6
2025.01.08	01:34:38.205	1.24757	1.24760			6
2025.01.08	01:34:38.822	1.24758	1.24761			6
2025.01.08	01:34:39.134	1.24757	1.24762			6
2025.01.08	01:35:00.018	1.24757				2
2025.01.08	01:35:01.240	1.24756	1.24761			6
2025.01.08	01:35:01.544	1.24755				2
2025.01.08	01:35:01.849		1.24760			4
2025.01.08	01:35:04.585	1.24750	1.24755			6
2025.01.08	01:35:06.109		1.24756			4
2025.01.08	01:35:18.130	1.24751	1.24757			6
2025.01.08	01:35:18.436		1.24756			4
2025.01.08	01:35:28.606		1.24757			4
2025.01.08	01:35:28.917		1.24756			4
2025.01.08	01:35:30.147		1.24757			4
2025.01.08	01:35:31.376		1.24756			4
2025.01.08	01:35:39.079	1.24750				2
2025.01.08	01:35:43.385	1.24751	1.24758			6
2025.01.08	01:35:43.691	1.24750	1.24756			6
2025.01.08	01:35:53.160	1.24751	1.24757			6
2025.01.08	01:35:53.466	1.24750				2
2025.01.08	01:36:00.180	1.24750				2
2025.01.08	01:36:06.281		1.24756			4
2025.01.08	01:36:21.294	1.24752	1.24757			6
2025.01.08	01:36:24.685		1.24758			4
2025.01.08	01:36:33.591	1.24753	1.24759			6
2025.01.08	01:36:34.209	1.24752	1.24757			6
2025.01.08	01:36:45.913		1.24758			4
2025.01.08	01:36:46.221		1.24757			4
2025.01.08	01:36:47.139	1.24751				2
2025.01.08	01:36:57.295	1.24752	1.24758			6
2025.01.08	01:36:57.598	1.24751	1.24757			6
2025.01.08	01:37:00.058	1.24751				2
2025.01.08	01:37:02.209	1.24754				2
2025.01.08	01:37:02.517	1.24753	1.24759			6
2025.01.08	01:37:02.825		1.24758			4
2025.01.08	01:37:11.126	1.24754				2
2025.01.08	01:37:12.970	1.24753				2
2025.01.08	01:37:15.740	1.24755	1.24760			6
2025.01.08	01:37:16.665	1.24754	1.24759			6
2025.01.08	01:37:16.970		1.24758			4
2025.01.08	01:37:24.358	1.24756	1.24761			6
2025.01.08	01:37:25.281		1.24762			4
2025.01.08	01:37:31.127		1.24761			4
2025.01.08	01:37:49.891	1.24755	1.24760			6
2025.01.08	01:37:50.200		1.24759			4
2025.01.08	01:37:59.740	1.24756	1.24760			6
2025.01.08	01:38:00.052	1.24756	1.24761			6
2025.01.08	01:38:00.659	1.24754	1.24757			6
2025.01.08	01:38:00.968	1.24751				2
2025.01.08	01:38:01.275	1.24750	1.24755			6
2025.01.08	01:38:01.582	1.24751				2
2025.01.08	01:38:01.887	1.24749	1.24754			6
2025.01.08	01:38:16.948	1.24748				2
2025.01.08	01:38:19.718	1.24747	1.24753			6
2025.01.08	01:38:25.659	1.24748				2
2025.01.08	01:38:28.737	1.24749				2
2025.01.08	01:38:32.115	1.24748				2
2025.01.08	01:38:36.425	1.24747				2
2025.01.08	01:38:47.200		1.24752			4
2025.01.08	01:39:00.123	1.24747				2
2025.01.08	01:39:07.488	1.24749				2
2025.01.08	01:39:07.795	1.24747				2
2025.01.08	01:39:12.418	1.24746				2
2025.01.08	01:39:15.186	1.24747				2
2025.01.08	01:39:20.697		1.24751			4
2025.01.08	01:39:35.150		1.24752			4
2025.01.08	01:39:40.379		1.24751			4
2025.01.08	01:39:57.504	1.24749				2
2025.01.08	01:39:57.811	1.24748				2
2025.01.08	01:39:59.328	1.24749				2
2025.01.08	01:39:59.635	1.24748				2
2025.01.08	01:40:00.241	1.24748				2
2025.01.08	01:40:40.597		1.24751			4
2025.01.08	01:40:49.501	1.24746	1.24749			6
2025.01.08	01:40:49.800	1.24743	1.24746			6
2025.01.08	01:40:50.111	1.24741	1.24747			6
2025.01.08	01:40:52.264		1.24746			4
2025.01.08	01:40:58.736	1.24742				2
2025.01.08	01:41:00.274	1.24742				2
2025.01.08	01:41:11.665		1.24745			4
2025.01.08	01:41:18.141	1.24741	1.24744			6
2025.01.08	01:41:23.679	1.24740				2
2025.01.08	01:41:23.984	1.24739	1.24743			6
2025.01.08	01:41:24.296	1.24738				2
2025.01.08	01:41:28.290	1.24740				2
2025.01.08	01:41:30.137	1.24738				2
2025.01.08	01:41:30.446	1.24737	1.24742			6
2025.01.08	01:41:34.140	1.24739				2
2025.01.08	01:41:34.441	1.24741	1.24743			6
2025.01.08	01:41:35.983		1.24744			4
2025.01.08	01:41:41.512	1.24739	1.24743			6
2025.01.08	01:41:44.289	1.24738				2
2025.01.08	01:41:51.359		1.24742			4
2025.01.08	01:41:54.430	1.24741				2
2025.01.08	01:41:55.662		1.24743			4
2025.01.08	01:41:56.271	1.24738	1.24742			6
2025.01.08	01:41:56.576	1.24739				2
2025.01.08	01:41:57.195		1.24743			4
2025.01.08	01:41:58.116		1.24742			4
2025.01.08	01:42:00.262	1.24739				2
2025.01.08	01:42:02.109	1.24740				2
2025.01.08	01:42:03.337		1.24743			4
2025.01.08	01:42:05.797	1.24741				2
2025.01.08	01:42:10.393		1.24744			4
2025.01.08	01:42:11.311	1.24739	1.24743			6
2025.01.08	01:42:11.617	1.24745	1.24747			6
2025.01.08	01:42:11.924		1.24749			4
2025.01.08	01:42:12.228		1.24751			4
2025.01.08	01:42:19.611	1.24746				2
2025.01.08	01:42:23.614	1.24747				2
2025.01.08	01:42:23.921	1.24746				2
2025.01.08	01:42:29.751		1.24752			4
2025.01.08	01:42:41.114		1.24751			4
2025.01.08	01:42:42.041	1.24748				2
2025.01.08	01:42:43.579	1.24747				2
2025.01.08	01:42:44.192	1.24748				2
2025.01.08	01:42:44.801	1.24749				2
2025.01.08	01:42:53.720		1.24752			4
2025.01.08	01:42:54.333	1.24746				2
2025.01.08	01:42:57.406	1.24747				2
2025.01.08	01:43:00.185	1.24747				2
2025.01.08	01:43:05.409	1.24749				2
2025.01.08	01:43:05.717	1.24748				2
2025.01.08	01:43:07.246	1.24747				2
2025.01.08	01:43:07.861	1.24748				2
2025.01.08	01:43:08.166	1.24747				2
2025.01.08	01:43:22.295	1.24748	1.24753			6
2025.01.08	01:43:23.214		1.24752			4
2025.01.08	01:43:23.827	1.24750				2
2025.01.08	01:43:26.886		1.24751			4
2025.01.08	01:43:28.721		1.24752			4
2025.01.08	01:43:31.775	1.24751				2
2025.01.08	01:43:33.301	1.24750				2
2025.01.08	01:43:36.352	1.24751	1.24753			6
2025.01.08	01:43:36.667	1.24756	1.24759			6
2025.01.08	01:43:36.972	1.24758	1.24760			6
2025.01.08	01:43:37.276		1.24759			4
2025.01.08	01:43:38.187		1.24761			4
2025.01.08	01:43:41.880	1.24757				2
2025.01.08	01:43:43.413	1.24755	1.24759			6
2025.01.08	01:43:43.721	1.24751	1.24757			6
2025.01.08	01:43:44.029	1.24752				2
2025.01.08	01:43:44.340	1.24751				2
2025.01.08	01:43:44.645	1.24752				2
2025.01.08	01:43:45.255	1.24756	1.24760			6
2025.01.08	01:43:45.560		1.24761			4
2025.01.08	01:43:46.483		1.24760			4
2025.01.08	01:43:46.795		1.24761			4
2025.01.08	01:43:47.102	1.24757				2
2025.01.08	01:43:53.549	1.24756	1.24760			6
2025.01.08	01:43:53.854		1.24761			4
2025.01.08	01:43:54.466	1.24757				2
2025.01.08	01:43:55.700	1.24758	1.24762			6
2025.01.08	01:43:57.238		1.24761			4
2025.01.08	01:44:00.008	1.24758				2
2025.01.08	01:44:02.463		1.24763			4
2025.01.08	01:44:07.998		1.24762			4
2025.01.08	01:44:10.462		1.24764			4
2025.01.08	01:44:10.769	1.24760	1.24766			6
2025.01.08	01:44:12.927		1.24765			4
2025.01.08	01:44:15.683	1.24761				2
2025.01.08	01:44:18.145	1.24759				2
2025.01.08	01:44:18.447		1.24764			4
2025.01.08	01:44:18.757	1.24761				2
2025.01.08	01:44:20.608	1.24760				2
2025.01.08	01:44:20.911		1.24765			4
2025.01.08	01:44:21.832		1.24764			4
2025.01.08	01:44:22.748	1.24758				2
2025.01.08	01:44:23.058	1.24759				2
2025.01.08	01:44:31.045		1.24763			4
2025.01.08	01:44:34.421	1.24760	1.24764			6
2025.01.08	01:44:35.040	1.24759	1.24763			6
2025.01.08	01:44:37.798	1.24758				2
2025.01.08	01:44:38.105		1.24764			4
2025.01.08	01:44:38.721	1.24759				2
2025.01.08	01:44:46.092	1.24758	1.24763			6
2025.01.08	01:44:48.546	1.24759	1.24765			6
2025.01.08	01:44:57.458	1.24766	1.24770			6
2025.01.08	01:44:58.085		1.24772			4
2025.01.08	01:44:58.699		1.24771			4
2025.01.08	01:45:00.238	1.24766				2
2025.01.08	01:45:05.151	1.24762	1.24766			6
2025.01.08	01:45:05.459		1.24767			4
2025.01.08	01:45:06.381		1.24766			4
2025.01.08	01:45:07.610		1.24767			4
2025.01.08	01:45:08.220		1.24766			4
2025.01.08	01:45:15.282		1.24767			4
2025.01.08	01:45:17.735	1.24760	1.24765			6
2025.01.08	01:45:18.048	1.24761	1.24766			6
2025.01.08	01:45:18.354		1.24765			4
2025.01.08	01:45:23.581	1.24760				2
2025.01.08	01:45:23.893	1.24759				2
2025.01.08	01:45:24.504	1.24760				2
2025.01.08	01:45:24.806		1.24766			4
2025.01.08	01:45:26.355		1.24765			4
2025.01.08	01:45:28.200	1.24762	1.24766			6
2025.01.08	01:45:28.503	1.24763				2
2025.01.08	01:45:31.262		1.24768			4
2025.01.08	01:45:32.800		1.24767			4
2025.01.08	01:45:40.485	1.24759	1.24765			6
2025.01.08	01:45:40.800		1.24764			4
2025.01.08	01:45:41.421	1.24758	1.24763			6
2025.01.08	01:45:41.726		1.24764			4
2025.01.08	01:45:42.949	1.24760	1.24765			6
2025.01.08	01:45:47.259	1.24762				2
2025.01.08	01:45:52.182	1.24759				2
2025.01.08	01:45:53.408	1.24760				2
2025.01.08	01:45:54.954	1.24759				2
2025.01.08	01:45:55.567		1.24764			4
2025.01.08	01:45:55.877	1.24758	1.24763			6
2025.01.08	01:45:56.190	1.24759	1.24764			6
2025.01.08	01:45:56.801		1.24765			4
2025.01.08	01:45:57.416	1.24758	1.24763			6
2025.01.08	01:45:59.259	1.24760	1.24764			6
2025.01.08	01:45:59.562	1.24763	1.24768			6
2025.01.08	01:46:00.184	1.24763				2
2025.01.08	01:46:24.524	1.24762	1.24767			6
2025.01.08	01:46:29.759		1.24768			4
2025.01.08	01:46:31.296		1.24767			4
2025.01.08	01:46:33.143	1.24763	1.24768			6
2025.01.08	01:46:33.458		1.24769			4
2025.01.08	01:46:34.067		1.24768			4
2025.01.08	01:46:37.766	1.24764				2
2025.01.08	01:46:38.071	1.24763				2
2025.01.08	01:46:38.990		1.24769			4
2025.01.08	01:46:40.225	1.24759	1.24764			6
2025.01.08	01:46:40.533	1.24760	1.24766			6
2025.01.08	01:46:46.697	1.24761				2
2025.01.08	01:46:48.861	1.24763	1.24767			6
2025.01.08	01:47:00.255	1.24763				2
2025.01.08	01:47:00.874	1.24762				2
2025.01.08	01:47:03.958	1.24764	1.24768			6
2025.01.08	01:47:27.213		1.24767			4
2025.01.08	01:47:30.274	1.24763	1.24766			6
2025.01.08	01:47:32.721	1.24761	1.24765			6
2025.01.08	01:47:37.313	1.24762	1.24766			6
2025.01.08	01:47:37.927	1.24763	1.24767			6
2025.01.08	01:47:39.152		1.24768			4
2025.01.08	01:47:39.765	1.24762	1.24767			6
2025.01.08	01:47:42.210		1.24766			4
2025.01.08	01:47:45.574	1.24761	1.24765			6
2025.01.08	01:47:54.144	1.24762	1.24766			6
2025.01.08	01:47:55.051	1.24761	1.24765			6
2025.01.08	01:47:55.351	1.24762	1.24766			6
2025.01.08	01:47:57.207	1.24763				2
2025.01.08	01:48:00.256	1.24763				2
2025.01.08	01:48:35.489	1.24762	1.24765			6
2025.01.08	01:48:37.941	1.24761	1.24764			6
2025.01.08	01:48:47.141	1.24762	1.24765			6
2025.01.08	01:49:00.296	1.24762				2
2025.01.08	01:49:25.742		1.24763			4
2025.01.08	01:49:26.049		1.24765			4
2025.01.08	01:49:32.146	1.24761	1.24764			6
2025.01.08	01:49:32.758	1.24762	1.24765			6
2025.01.08	01:49:38.875	1.24761	1.24764			6
2025.01.08	01:49:50.473	1.24763	1.24765			6
2025.01.08	01:49:56.945	1.24762				2
2025.01.08	01:49:57.256	1.24761	1.24764			6
2025.01.08	01:50:00.028	1.24761				2
2025.01.08	01:50:05.879	1.24762	1.24765			6
2025.01.08	01:50:06.182		1.24764			4
2025.01.08	01:50:06.494		1.24765			4
2025.01.08	01:50:06.800	1.24761	1.24764			6
2025.01.08	01:50:07.118	1.24762	1.24765			6
2025.01.08	01:50:12.041	1.24761	1.24764			6
2025.01.08	01:50:26.159	1.24762	1.24765			6
2025.01.08	01:50:29.832		1.24764			4
2025.01.08	01:50:30.147		1.24765			4
2025.01.08	01:50:32.918	1.24761	1.24764			6
2025.01.08	01:50:45.256	1.24760	1.24763			6
2025.01.08	01:50:48.945	1.24759	1.24762			6
2025.01.08	01:50:51.403	1.24760	1.24763			6
2025.01.08	01:50:55.405	1.24761				2
2025.01.08	01:50:56.941	1.24760				2
2025.01.08	01:51:00.022	1.24760				2
2025.01.08	01:51:00.636	1.24761				2
2025.01.08	01:51:34.175	1.24762	1.24764			6
2025.01.08	01:51:34.790	1.24761				2
2025.01.08	01:51:38.171	1.24762	1.24765			6
2025.01.08	01:51:41.543	1.24761	1.24764			6
2025.01.08	01:51:41.860	1.24762	1.24765			6
2025.01.08	01:51:42.781	1.24761	1.24764			6
2025.01.08	01:51:43.089	1.24762	1.24765			6
2025.01.08	01:51:44.626	1.24763	1.24766			6
2025.01.08	01:51:47.085	1.24762	1.24765			6
2025.01.08	01:51:53.229	1.24763	1.24766			6
2025.01.08	01:51:55.690	1.24762	1.24765			6
2025.01.08	01:51:58.761	1.24763	1.24766			6
2025.01.08	01:52:00.293	1.24763				2
2025.01.08	01:52:00.906	1.24762	1.24765			6
2025.01.08	01:52:02.453	1.24763	1.24766			6
2025.01.08	01:52:05.214	1.24762	1.24765			6
2025.01.08	01:52:05.522	1.24761	1.24764			6
2025.01.08	01:52:05.831	1.24762	1.24765			6
2025.01.08	01:52:06.141		1.24764			4
2025.01.08	01:52:06.447	1.24769	1.24772			6
2025.01.08	01:52:07.371	1.24768	1.24774			6
2025.01.08	01:52:07.681		1.24773			4
2025.01.08	01:52:09.216		1.24774			4
2025.01.08	01:52:25.530		1.24772			4
2025.01.08	01:52:38.755	1.24767				2
2025.01.08	01:52:51.060	1.24768				2
2025.01.08	01:52:56.294	1.24762	1.24768			6
2025.01.08	01:52:56.606	1.24763				2
2025.01.08	01:52:57.221		1.24769			4
2025.01.08	01:53:00.300	1.24763				2
2025.01.08	01:53:00.608	1.24764				2
2025.01.08	01:53:01.845	1.24763	1.24770			6
2025.01.08	01:53:02.147		1.24769			4
2025.01.08	01:53:04.305	1.24762				2
2025.01.08	01:53:04.606		1.24766			4
2025.01.08	01:53:12.312		1.24768			4
2025.01.08	01:53:20.928	1.24760	1.24765			6
2025.01.08	01:53:23.698		1.24763			4
2025.01.08	01:53:24.007		1.24765			4
2025.01.08	01:53:26.161		1.24766			4
2025.01.08	01:53:26.777		1.24767			4
2025.01.08	01:53:28.315		1.24766			4
2025.01.08	01:53:30.473	1.24761				2
2025.01.08	01:53:30.781	1.24760				2
2025.01.08	01:53:37.548		1.24765			4
2025.01.08	01:53:37.855		1.24766			4
2025.01.08	01:53:41.243		1.24765			4
2025.01.08	01:53:44.942		1.24766			4
2025.01.08	01:53:47.409		1.24765			4
2025.01.08	01:53:55.051		1.24766			4
2025.01.08	01:53:55.359		1.24765			4
2025.01.08	01:53:55.664		1.24766			4
2025.01.08	01:53:57.196		1.24764			4
2025.01.08	01:53:57.501		1.24763			4
2025.01.08	01:53:59.953	1.24759				2
2025.01.08	01:54:00.260	1.24759				2
2025.01.08	01:54:00.871		1.24764			4
2025.01.08	01:54:01.493		1.24765			4
2025.01.08	01:54:06.114	1.24760				2
2025.01.08	01:54:06.726	1.24759	1.24764			6
2025.01.08	01:54:10.734	1.24760	1.24765			6
2025.01.08	01:54:21.808	1.24764	1.24767			6
2025.01.08	01:54:22.120		1.24768			4
2025.01.08	01:54:22.426	1.24763	1.24769			6
2025.01.08	01:54:23.041	1.24764				2
2025.01.08	01:54:24.273	1.24763				2
2025.01.08	01:54:25.814		1.24768			4
2025.01.08	01:54:31.055	1.24762	1.24767			6
2025.01.08	01:54:37.207	1.24763				2
2025.01.08	01:54:37.513	1.24764				2
2025.01.08	01:54:41.208		1.24768			4
2025.01.08	01:54:41.522	1.24765	1.24769			6
2025.01.08	01:54:41.828	1.24766	1.24768			6
2025.01.08	01:54:42.137	1.24768	1.24772			6
2025.01.08	01:54:42.444	1.24767	1.24773			6
2025.01.08	01:54:43.681	1.24768				2
2025.01.08	01:54:45.217	1.24766	1.24771			6
2025.01.08	01:54:46.140	1.24765				2
2025.01.08	01:54:46.756	1.24766				2
2025.01.08	01:54:47.063	1.24765				2
2025.01.08	01:54:47.677	1.24766				2
2025.01.08	01:54:48.600	1.24765				2
2025.01.08	01:54:48.911	1.24766				2
2025.01.08	01:54:50.759	1.24765				2
2025.01.08	01:54:51.373	1.24766				2
2025.01.08	01:54:52.299	1.24765				2
2025.01.08	01:54:52.913	1.24766				2
2025.01.08	01:54:53.527		1.24772			4
2025.01.08	01:54:53.837	1.24767				2
2025.01.08	01:54:56.614	1.24768	1.24773			6
2025.01.08	01:55:00.000	1.24768				2
2025.01.08	01:55:00.305	1.24767				2
2025.01.08	01:55:04.311		1.24772			4
2025.01.08	01:55:04.925		1.24771			4
2025.01.08	01:55:05.229		1.24772			4
2025.01.08	01:55:14.172	1.24768				2
2025.01.08	01:55:16.016	1.24767				2
2025.01.08	01:55:17.253		1.24771			4
2025.01.08	01:55:17.557		1.24772			4
2025.01.08	01:55:18.171		1.24771			4
2025.01.08	01:55:18.474	1.24766	1.24770			6
2025.01.08	01:55:18.787	1.24768	1.24772			6
2025.01.08	01:55:19.091	1.24767	1.24771			6
2025.01.08	01:55:21.562	1.24766				2
2025.01.08	01:55:23.406	1.24767				2
2025.01.08	01:55:24.026	1.24766				2
2025.01.08	01:55:24.640	1.24767				2
2025.01.08	01:55:26.185	1.24766				2
2025.01.08	01:55:29.882	1.24765	1.24770			6
2025.01.08	01:55:31.113	1.24766				2
2025.01.08	01:55:35.108	1.24767	1.24771			6
2025.01.08	01:55:36.951	1.24766				2
2025.01.08	01:55:39.106	1.24767				2
2025.01.08	01:55:41.564	1.24766				2
2025.01.08	01:55:42.180	1.24767				2
2025.01.08	01:55:42.490	1.24766	1.24770			6
2025.01.08	01:55:42.789	1.24767	1.24771			6
2025.01.08	01:55:43.408	1.24769				2
2025.01.08	01:55:43.711	1.24767				2
2025.01.08	01:55:47.383	1.24768	1.24772			6
2025.01.08	01:55:51.360	1.24767	1.24771			6
2025.01.08	01:55:55.654	1.24768	1.24772			6
2025.01.08	01:56:00.222	1.24768				2
2025.01.08	01:56:02.049	1.24767	1.24771			6
2025.01.08	01:56:07.251		1.24770			4
2025.01.08	01:56:07.557	1.24768	1.24772			6
2025.01.08	01:56:11.521	1.24769	1.24773			6
2025.01.08	01:56:12.434	1.24770	1.24774			6
2025.01.08	01:56:14.261	1.24769	1.24773			6
2025.01.08	01:56:15.505	1.24768	1.24772			6
2025.01.08	01:56:20.097	1.24769	1.24773			6
2025.01.08	01:56:20.405	1.24768	1.24772			6
2025.01.08	01:56:21.318	1.24769	1.24773			6
2025.01.08	01:56:23.149	1.24770				2
2025.01.08	01:56:29.872	1.24769	1.24772			6
2025.01.08	01:56:34.450	1.24770	1.24773			6
2025.01.08	01:57:00.130	1.24770				2
2025.01.08	01:57:00.433	1.24769	1.24772			6
2025.01.08	01:57:13.553	1.24771	1.24774			6
2025.01.08	01:57:14.170	1.24770	1.24773			6
2025.01.08	01:57:15.085	1.24769	1.24772			6
2025.01.08	01:57:18.139	1.24770	1.24773			6
2025.01.08	01:57:19.353	1.24769	1.24772			6
2025.01.08	01:57:19.655	1.24770	1.24773			6
2025.01.08	01:57:19.965	1.24769	1.24772			6
2025.01.08	01:57:22.714	1.24770	1.24773			6
2025.01.08	01:57:30.993	1.24769	1.24772			6
2025.01.08	01:57:43.303	1.24768	1.24771			6
2025.01.08	01:57:44.530	1.24767	1.24770			6
2025.01.08	01:58:00.235	1.24767				2
2025.01.08	01:58:06.701	1.24768	1.24771			6
2025.01.08	01:58:11.006	1.24769	1.24772			6
2025.01.08	01:58:21.193	1.24770	1.24773			6
2025.01.08	01:58:48.286	1.24769	1.24772			6
2025.01.08	01:59:00.285	1.24769				2
2025.01.08	01:59:05.521	1.24770	1.24773			6
2025.01.08	01:59:06.443	1.24769	1.24772			6
2025.01.08	01:59:10.147	1.24768	1.24771			6
2025.01.08	01:59:13.529	1.24766	1.24769			6
2025.01.08	01:59:13.839	1.24767	1.24770			6
2025.01.08	01:59:14.142	1.24760	1.24763			6
2025.01.08	01:59:15.391	1.24758	1.24765			6
2025.01.08	01:59:18.460		1.24764			4
2025.01.08	01:59:18.776		1.24763			4
2025.01.08	01:59:19.383	1.24757				2
2025.01.08	01:59:20.310		1.24761			4
2025.01.08	01:59:20.619	1.24752	1.24757			6
2025.01.08	01:59:20.927	1.24750				2
2025.01.08	01:59:21.236		1.24756			4
2025.01.08	01:59:21.543	1.24752				2
2025.01.08	01:59:21.852	1.24751				2
2025.01.08	01:59:23.701	1.24750	1.24755			6
2025.01.08	01:59:26.170	1.24748	1.24753			6
2025.01.08	01:59:27.405	1.24749				2
2025.01.08	01:59:27.716	1.24748				2
2025.01.08	01:59:28.639	1.24749				2
2025.01.08	01:59:29.560	1.24746	1.24752			6
2025.01.08	01:59:30.484	1.24747				2
2025.01.08	01:59:31.098	1.24748				2
2025.01.08	01:59:31.717		1.24753			4
2025.01.08	01:59:32.023	1.24751	1.24757			6
2025.01.08	01:59:32.639	1.24756	1.24760			6
2025.01.08	01:59:33.251	1.24755	1.24761			6
2025.01.08	01:59:33.558	1.24756				2
2025.01.08	01:59:33.866		1.24760			4
2025.01.08	01:59:34.477		1.24761			4
2025.01.08	01:59:35.105		1.24762			4
2025.01.08	01:59:39.717	1.24757				2
2025.01.08	01:59:40.336	1.24756				2
2025.01.08	01:59:43.414	1.24757				2
2025.01.08	01:59:44.029	1.24758	1.24763			6
2025.01.08	01:59:44.948	1.24757	1.24762			6
2025.01.08	01:59:49.881	1.24760	1.24763			6
2025.01.08	01:59:50.187	1.24758				2
2025.01.08	01:59:55.730	1.24760				2
2025.01.08	01:59:56.353	1.24758				2
2025.01.08	01:59:56.657	1.24759				2
2025.01.08	01:59:56.968	1.24758				2
2025.01.08	01:59:57.275	1.24757	1.24762			6
2025.01.08	01:59:58.203		1.24761			4
2025.01.08	02:00:00.048	1.24757				2
2025.01.08	02:00:00.666	1.24758				2
2025.01.08	02:00:03.131	1.24759	1.24762			6
2025.01.08	02:00:03.438	1.24758	1.24761			6
2025.01.08	02:00:05.287	1.24762	1.24766			6
2025.01.08	02:00:05.590	1.24761				2
2025.01.08	02:00:05.930	1.24763				2
2025.01.08	02:00:10.850	1.24760				2
2025.01.08	02:00:11.767	1.24759				2
2025.01.08	02:00:13.004		1.24765			4
2025.01.08	02:00:14.223		1.24766			4
2025.01.08	02:00:15.454	1.24760				2
2025.01.08	02:00:18.534	1.24766	1.24770			6
2025.01.08	02:00:18.841		1.24772			4
2025.01.08	02:00:19.459		1.24773			4
2025.01.08	02:00:20.072	1.24767				2
2025.01.08	02:00:22.533	1.24766				2
2025.01.08	02:00:30.540	1.24767				2
2025.01.08	02:00:36.081	1.24766				2
2025.01.08	02:00:36.386	1.24767				2
2025.01.08	02:00:39.778	1.24766				2
2025.01.08	02:00:40.088		1.24772			4
2025.01.08	02:00:40.702	1.24761	1.24767			6
2025.01.08	02:00:41.629		1.24768			4
2025.01.08	02:00:42.549		1.24767			4
2025.01.08	02:00:43.170	1.24759	1.24766			6
2025.01.08	02:00:43.474	1.24761				2
2025.01.08	02:00:44.385	1.24760				2
2025.01.08	02:00:47.778	1.24759				2
2025.01.08	02:00:51.167	1.24758	1.24764			6
2025.01.08	02:00:53.931	1.24759				2
2025.01.08	02:00:57.937		1.24765			4
2025.01.08	02:00:59.170	1.24758	1.24764			6
2025.01.08	02:01:00.076	1.24758				2
2025.01.08	02:01:00.695		1.24765			4
2025.01.08	02:01:04.700	1.24757	1.24763			6
2025.01.08	02:01:09.331	1.24759	1.24764			6
2025.01.08	02:01:11.479	1.24762				2
2025.01.08	02:01:11.787		1.24767			4
2025.01.08	02:01:17.328	1.24761				2
2025.01.08	02:01:18.562	1.24762				2
2025.01.08	02:01:19.786	1.24761	1.24766			6
2025.01.08	02:01:21.631	1.24762				2
2025.01.08	02:01:22.561		1.24765			4
2025.01.08	02:01:25.632	1.24763	1.24766			6
2025.01.08	02:01:32.404	1.24767	1.24770			6
2025.01.08	02:01:32.712	1.24768	1.24771			6
2025.01.08	02:01:34.567	1.24771	1.24774			6
2025.01.08	02:01:34.869	1.24770				2
2025.01.08	02:01:36.712	1.24772	1.24775			6
2025.01.08	02:01:37.331	1.24770	1.24773			6
2025.01.08	02:01:42.267	1.24768	1.24772			6
2025.01.08	02:01:45.371	1.24769	1.24773			6
2025.01.08	02:01:47.225	1.24768				2
2025.01.08	02:01:49.381		1.24772			4
2025.01.08	02:01:50.919		1.24773			4
2025.01.08	02:01:57.698		1.24772			4
2025.01.08	02:01:59.245	1.24770				2
2025.01.08	02:01:59.552		1.24774			4
2025.01.08	02:02:00.165	1.24772				2
2025.01.08	02:02:04.175		1.24776			4
2025.01.08	02:02:06.333		1.24775			4
2025.01.08	02:02:06.639		1.24776			4
2025.01.08	02:02:06.945		1.24775			4
2025.01.08	02:02:07.561	1.24770				2
2025.01.08	02:02:07.868	1.24771				2
2025.01.08	02:02:13.096	1.24773	1.24777			6
2025.01.08	02:02:13.405		1.24776			4
2025.01.08	02:02:15.255		1.24777			4
2025.01.08	02:02:22.031	1.24774				2
2025.01.08	02:02:22.336	1.24770	1.24774			6
2025.01.08	02:02:22.953	1.24771	1.24776			6
2025.01.08	02:02:23.567	1.24770	1.24773			6
2025.01.08	02:02:23.873		1.24774			4
2025.01.08	02:02:24.484	1.24772	1.24776			6
2025.01.08	02:02:38.655	1.24773	1.24777			6
2025.01.08	02:02:39.892		1.24776			4
2025.01.08	02:02:40.199		1.24777			4
2025.01.08	02:02:49.435	1.24770	1.24774			6
2025.01.08	02:02:52.205		1.24773			4
2025.01.08	02:02:59.290	1.24767	1.24771			6
2025.01.08	02:02:59.597		1.24770			4
2025.01.08	02:03:00.213	1.24767	1.24771			6
2025.01.08	02:03:18.926	1.24764	1.24767			6
2025.01.08	02:03:19.231		1.24769			4
2025.01.08	02:03:20.149		1.24768			4
2025.01.08	02:03:20.450		1.24769			4
2025.01.08	02:03:24.100	1.24767	1.24771			6
2025.01.08	02:03:24.409	1.24768	1.24772			6
2025.01.08	02:03:24.716		1.24773			4
2025.01.08	02:03:30.522	1.24769				2
2025.01.08	02:03:30.828	1.24767	1.24774			6
2025.01.08	02:03:31.438	1.24768				2
2025.01.08	02:03:32.048		1.24773			4
2025.01.08	02:03:34.185		1.24772			4
2025.01.08	02:03:34.797		1.24773			4
2025.01.08	02:03:35.408		1.24772			4
2025.01.08	02:03:37.551		1.24773			4
2025.01.08	02:03:41.515	1.24769				2
2025.01.08	02:03:43.346	1.24770				2
2025.01.08	02:03:44.259		1.24774			4
2025.01.08	02:03:45.483	1.24773	1.24775			6
2025.01.08	02:03:45.784		1.24776			4
2025.01.08	02:03:58.985		1.24777			4
2025.01.08	02:03:59.603	1.24778	1.24780			6
2025.01.08	02:03:59.906		1.24781			4
2025.01.08	02:04:00.219	1.24778				2
2025.01.08	02:04:06.372	1.24774	1.24779			6
2025.01.08	02:04:06.678	1.24775				2
2025.01.08	02:04:11.601		1.24778			4
2025.01.08	02:04:14.675	1.24777	1.24781			6
2025.01.08	02:04:14.981	1.24778				2
2025.01.08	02:04:16.532	1.24777	1.24778			6
2025.01.08	02:04:16.840	1.24776				2
2025.01.08	02:04:18.376		1.24777			4
2025.01.08	02:04:20.841		1.24778			4
2025.01.08	02:04:21.459	1.24774				2
2025.01.08	02:04:21.765		1.24779			4
2025.01.08	02:04:24.235	1.24772				2
2025.01.08	02:04:25.149	1.24775	1.24782			6
2025.01.08	02:04:26.380	1.24777				2
2025.01.08	02:04:30.689		1.24780			4
2025.01.08	02:04:31.000		1.24781			4
2025.01.08	02:04:33.152		1.24782			4
2025.01.08	02:04:34.696		1.24780			4
2025.01.08	02:04:36.238		1.24782			4
2025.01.08	02:04:36.856		1.24781			4
2025.01.08	02:04:38.398	1.24776	1.24780			6
2025.01.08	02:04:39.011	1.24774	1.24778			6
2025.01.08	02:04:44.248	1.24773	1.24777			6
2025.01.08	02:04:44.860	1.24770	1.24774			6
2025.01.08	02:04:45.784	1.24769				2
2025.01.08	02:04:47.325		1.24773			4
2025.01.08	02:04:57.141	1.24770				2
2025.01.08	02:04:57.445	1.24769	1.24774			6
2025.01.08	02:04:58.055	1.24770	1.24775			6
2025.01.08	02:04:58.358	1.24769	1.24772			6
2025.01.08	02:04:58.669		1.24771			4
2025.01.08	02:04:58.974	1.24767	1.24770			6
2025.01.08	02:04:59.280	1.24768	1.24772			6
2025.01.08	02:05:00.192	1.24768				2
2025.01.08	02:05:05.430		1.24771			4
2025.01.08	02:05:06.046	1.24767				2
2025.01.08	02:05:06.349	1.24769				2
2025.01.08	02:05:06.651		1.24772			4
2025.01.08	02:05:21.750	1.24768				2
2025.01.08	02:05:29.415	1.24769	1.24771			6
2025.01.08	02:05:29.718	1.24768				2
2025.01.08	02:05:30.018	1.24770				2
2025.01.08	02:05:30.325	1.24768				2
2025.01.08	02:05:30.630	1.24770	1.24772			6
2025.01.08	02:05:30.934	1.24768				2
2025.01.08	02:05:31.242	1.24770				2
2025.01.08	02:05:31.549	1.24768				2
2025.01.08	02:05:32.469	1.24770				2
2025.01.08	02:05:32.779	1.24768				2
2025.01.08	02:05:33.387		1.24771			4
2025.01.08	02:05:35.824	1.24769				2
2025.01.08	02:05:38.894	1.24771	1.24772			6
2025.01.08	02:05:39.201	1.24769				2
2025.01.08	02:05:39.818		1.24771			4
2025.01.08	02:05:41.357		1.24774			4
2025.01.08	02:05:45.345	1.24771	1.24773			6
2025.01.08	02:05:45.647	1.24773	1.24776			6
2025.01.08	02:05:55.504	1.24770	1.24773			6
2025.01.08	02:05:56.124	1.24771	1.24774			6
2025.01.08	02:05:56.427	1.24773	1.24776			6
2025.01.08	02:05:57.360		1.24775			4
2025.01.08	02:05:58.278		1.24776			4
2025.01.08	02:06:00.122	1.24773				2
2025.01.08	02:06:01.042		1.24777			4
2025.01.08	02:06:01.656		1.24776			4
2025.01.08	02:06:01.967		1.24777			4
2025.01.08	02:06:04.114	1.24777	1.24781			6
2025.01.08	02:06:04.420	1.24778				2
2025.01.08	02:06:06.569	1.24781	1.24785			6
2025.01.08	02:06:06.875		1.24784			4
2025.01.08	02:06:07.181	1.24782				2
2025.01.08	02:06:07.481	1.24778	1.24782			6
2025.01.08	02:06:14.237	1.24775	1.24780			6
2025.01.08	02:06:14.544	1.24777				2
2025.01.08	02:06:14.849	1.24778	1.24781			6
2025.01.08	02:06:17.009		1.24782			4
2025.01.08	02:06:17.316	1.24780				2
2025.01.08	02:06:27.159		1.24783			4
2025.01.08	02:06:35.149	1.24781				2
2025.01.08	02:06:36.686		1.24784			4
2025.01.08	02:06:39.455		1.24783			4
2025.01.08	02:06:39.762		1.24782			4
2025.01.08	02:06:43.760	1.24780	1.24781			6
2025.01.08	02:06:44.062		1.24783			4
2025.01.08	02:06:44.686		1.24781			4
2025.01.08	02:06:47.456	1.24778				2
2025.01.08	02:06:47.763	1.24777				2
2025.01.08	02:06:48.685	1.24778				2
2025.01.08	02:06:49.612	1.24777	1.24780			6
2025.01.08	02:06:49.915	1.24775	1.24779			6
2025.01.08	02:06:50.221	1.24776				2
2025.01.08	02:06:51.451	1.24775				2
2025.01.08	02:06:51.760	1.24776				2
2025.01.08	02:06:52.068	1.24775				2
2025.01.08	02:06:52.373	1.24774	1.24778			6
2025.01.08	02:06:57.619	1.24773				2
2025.01.08	02:06:57.929		1.24777			4
2025.01.08	02:07:00.080	1.24773				2
2025.01.08	02:07:01.008		1.24776			4
2025.01.08	02:07:02.235		1.24777			4
2025.01.08	02:07:02.539		1.24776			4
2025.01.08	02:07:03.160		1.24775			4
2025.01.08	02:07:03.466		1.24776			4
2025.01.08	02:07:04.680	1.24770	1.24773			6
2025.01.08	02:07:05.600	1.24771				2
2025.01.08	02:07:06.215		1.24774			4
2025.01.08	02:07:06.830	1.24770				2
2025.01.08	02:07:10.204	1.24775	1.24777			6
2025.01.08	02:07:10.512	1.24773	1.24778			6
2025.01.08	02:07:11.743	1.24776	1.24781			6
2025.01.08	02:07:16.052	1.24774	1.24779			6
2025.01.08	02:07:16.670		1.24778			4
2025.01.08	02:07:16.975	1.24770	1.24774			6
2025.01.08	02:07:17.278		1.24776			4
2025.01.08	02:07:17.590		1.24774			4
2025.01.08	02:07:18.207		1.24775			4
2025.01.08	02:07:18.511		1.24776			4
2025.01.08	02:07:19.129		1.24775			4
2025.01.08	02:07:20.361		1.24776			4
2025.01.08	02:07:20.976	1.24771				2
2025.01.08	02:07:21.288		1.24777			4
2025.01.08	02:07:21.589		1.24778			4
2025.01.08	02:07:21.896		1.24777			4
2025.01.08	02:07:22.203	1.24769	1.24775			6
2025.01.08	02:07:22.516	1.24768	1.24774			6
2025.01.08	02:07:22.824		1.24773			4
2025.01.08	02:07:24.657	1.24767				2
2025.01.08	02:07:25.578		1.24772			4
2025.01.08	02:07:28.037		1.24771			4
2025.01.08	02:07:28.345		1.24772			4
2025.01.08	02:07:30.501	1.24764	1.24769			6
2025.01.08	02:07:30.805		1.24767			4
2025.01.08	02:07:32.041	1.24762				2
2025.01.08	02:07:32.654	1.24763				2
2025.01.08	02:07:38.191	1.24762	1.24769			6
2025.01.08	02:07:38.501		1.24768			4
2025.01.08	02:07:38.811		1.24769			4
2025.01.08	02:07:40.344		1.24768			4
2025.01.08	02:07:41.269		1.24769			4
2025.01.08	02:07:43.103	1.24760	1.24766			6
2025.01.08	02:07:43.418	1.24759	1.24765			6
2025.01.08	02:07:43.724		1.24766			4
2025.01.08	02:07:44.645		1.24765			4
2025.01.08	02:07:46.500		1.24766			4
2025.01.08	02:07:46.803		1.24765			4
2025.01.08	02:07:47.110		1.24766			4
2025.01.08	02:07:47.419	1.24757	1.24762			6
2025.01.08	02:07:50.810	1.24758				2
2025.01.08	02:07:51.114	1.24757				2
2025.01.08	02:07:52.954		1.24763			4
2025.01.08	02:07:53.267	1.24759	1.24766			6
2025.01.08	02:07:53.570		1.24765			4
2025.01.08	02:07:56.336	1.24758	1.24763			6
2025.01.08	02:07:56.646	1.24757				2
2025.01.08	02:08:00.029	1.24757				2
2025.01.08	02:08:02.798		1.24762			4
2025.01.08	02:08:03.112		1.24763			4
2025.01.08	02:08:04.033		1.24762			4
2025.01.08	02:08:04.642		1.24763			4
2025.01.08	02:08:08.329	1.24760	1.24766			6
2025.01.08	02:08:08.638	1.24761	1.24767			6
2025.01.08	02:08:08.946	1.24760	1.24764			6
2025.01.08	02:08:10.175	1.24762	1.24767			6
2025.01.08	02:08:10.487		1.24768			4
2025.01.08	02:08:10.790		1.24769			4
2025.01.08	02:08:12.641	1.24763	1.24768			6
2025.01.08	02:08:13.871	1.24762				2
2025.01.08	02:08:15.407	1.24763	1.24766			6
2025.01.08	02:08:15.715		1.24768			4
2025.01.08	02:08:22.793	1.24762	1.24767			6
2025.01.08	02:08:24.325	1.24763	1.24768			6
2025.01.08	02:08:40.947	1.24765	1.24769			6
2025.01.08	02:08:41.253	1.24766	1.24771			6
2025.01.08	02:08:41.557	1.24767				2
2025.01.08	02:08:43.402	1.24768	1.24773			6
2025.01.08	02:08:47.406		1.24772			4
2025.01.08	02:08:48.638	1.24767	1.24771			6
2025.01.08	02:08:49.559	1.24764	1.24769			6
2025.01.08	02:08:49.868	1.24765	1.24768			6
2025.01.08	02:08:52.333	1.24766	1.24769			6
2025.01.08	02:08:52.640	1.24767	1.24771			6
2025.01.08	02:08:52.948	1.24766	1.24769			6
2025.01.08	02:08:53.259	1.24767	1.24771			6
2025.01.08	02:08:53.562	1.24768	1.24773			6
2025.01.08	02:08:59.726	1.24765	1.24768			6
2025.01.08	02:09:00.031	1.24764				2
2025.01.08	02:09:09.586	1.24765				2
2025.01.08	02:09:12.358	1.24768	1.24771			6
2025.01.08	02:09:13.283		1.24773			4
2025.01.08	02:09:15.443	1.24769				2
2025.01.08	02:09:17.600	1.24768				2
2025.01.08	02:09:18.225	1.24769				2
2025.01.08	02:09:22.530	1.24768	1.24771			6
2025.01.08	02:09:22.835		1.24772			4
2025.01.08	02:09:29.575		1.24769			4
2025.01.08	02:09:29.877		1.24772			4
2025.01.08	02:09:34.463	1.24769	1.24773			6
2025.01.08	02:09:43.933	1.24766	1.24769			6
2025.01.08	02:09:47.591	1.24768	1.24771			6
2025.01.08	02:09:47.901		1.24773			4
2025.01.08	02:09:48.204	1.24767	1.24769			6
2025.01.08	02:09:48.507	1.24766				2
2025.01.08	02:09:48.816	1.24767	1.24770			6
2025.01.08	02:09:53.701	1.24766	1.24769			6
2025.01.08	02:09:56.444	1.24765				2
2025.01.08	02:09:56.751		1.24768			4
2025.01.08	02:09:58.274	1.24766				2
2025.01.08	02:10:00.102	1.24766				2
2025.01.08	02:10:00.410	1.24765	1.24769			6
2025.01.08	02:10:00.714	1.24766	1.24768			6
2025.01.08	02:10:01.633	1.24769	1.24770			6
2025.01.08	02:10:01.939		1.24771			4
2025.01.08	02:10:04.685		1.24773			4
2025.01.08	02:10:05.296	1.24770	1.24774			6
2025.01.08	02:10:06.217	1.24769	1.24772			6
2025.01.08	02:10:07.448		1.24771			4
2025.01.08	02:10:07.755	1.24768				2
2025.01.08	02:10:08.057	1.24767	1.24770			6
2025.01.08	02:10:09.298	1.24768	1.24772			6
2025.01.08	02:10:14.221	1.24767				2
2025.01.08	02:10:14.527		1.24770			4
2025.01.08	02:10:17.285	1.24769	1.24771			6
2025.01.08	02:10:20.370		1.24770			4
2025.01.08	02:10:20.676		1.24771			4
2025.01.08	02:10:21.917	1.24768	1.24770			6
2025.01.08	02:10:29.907		1.24771			4
2025.01.08	02:10:30.216		1.24770			4
2025.01.08	02:10:36.648	1.24767	1.24768			6
2025.01.08	02:10:36.954	1.24768	1.24771			6
2025.01.08	02:10:39.101	1.24769	1.24773			6
2025.01.08	02:10:40.319	1.24770	1.24774			6
2025.01.08	02:10:40.931	1.24769	1.24773			6
2025.01.08	02:10:41.539		1.24771			4
2025.01.08	02:10:42.144	1.24770	1.24773			6
2025.01.08	02:10:42.451	1.24769	1.24771			6
2025.01.08	02:10:42.755	1.24770	1.24773			6
2025.01.08	02:10:43.059	1.24769	1.24771			6
2025.01.08	02:10:43.363	1.24770	1.24773			6
2025.01.08	02:10:43.677	1.24769	1.24771			6
2025.01.08	02:10:43.980	1.24770	1.24773			6
2025.01.08	02:10:44.282	1.24769	1.24772			6
2025.01.08	02:10:44.587	1.24771	1.24773			6
2025.01.08	02:10:44.890	1.24769	1.24772			6
2025.01.08	02:10:45.195	1.24771	1.24773			6
2025.01.08	02:10:45.499	1.24770				2
2025.01.08	02:10:45.806	1.24769				2
2025.01.08	02:10:48.249	1.24770				2
2025.01.08	02:10:49.174	1.24772	1.24775			6
2025.01.08	02:10:49.477	1.24773	1.24776			6
2025.01.08	02:10:50.391	1.24772	1.24777			6
2025.01.08	02:10:50.694	1.24773	1.24778			6
2025.01.08	02:10:52.532	1.24772	1.24777			6
2025.01.08	02:10:53.764		1.24776			4
2025.01.08	02:10:54.074		1.24777			4
2025.01.08	02:10:55.304		1.24776			4
2025.01.08	02:10:56.533	1.24773	1.24777			6
2025.01.08	02:10:56.842		1.24776			4
2025.01.08	02:10:57.146		1.24775			4
2025.01.08	02:10:57.452		1.24776			4
2025.01.08	02:11:00.227	1.24772				2
2025.01.08	02:11:00.840	1.24773				2
2025.01.08	02:11:01.460	1.24778	1.24780			6
2025.01.08	02:11:01.765		1.24782			4
2025.01.08	02:11:03.307		1.24783			4
2025.01.08	02:11:04.235		1.24784			4
2025.01.08	02:11:05.464	1.24781	1.24787			6
2025.01.08	02:11:06.393	1.24782				2
2025.01.08	02:11:06.696	1.24781				2
2025.01.08	02:11:09.154	1.24780	1.24785			6
2025.01.08	02:11:10.993		1.24786			4
2025.01.08	02:11:11.305		1.24785			4
2025.01.08	02:11:12.530	1.24781	1.24786			6
2025.01.08	02:11:14.988		1.24784			4
2025.01.08	02:11:15.293	1.24780	1.24783			6
2025.01.08	02:11:17.141		1.24784			4
2025.01.08	02:11:21.139	1.24779				2
2025.01.08	02:11:22.058		1.24785			4
2025.01.08	02:11:22.363	1.24781	1.24787			6
2025.01.08	02:11:23.902	1.24780	1.24784			6
2025.01.08	02:11:28.513		1.24783			4
2025.01.08	02:11:32.824		1.24784			4
2025.01.08	02:11:33.744		1.24785			4
2025.01.08	02:11:34.047		1.24784			4
2025.01.08	02:11:34.362	1.24781				2
2025.01.08	02:11:36.833	1.24780				2
2025.01.08	02:11:37.756	1.24781	1.24786			6
2025.01.08	02:11:38.064	1.24782	1.24787			6
2025.01.08	02:11:38.377	1.24781	1.24786			6
2025.01.08	02:11:38.681	1.24782				2
2025.01.08	02:11:40.527	1.24780	1.24784			6
2025.01.08	02:11:49.450	1.24781				2
2025.01.08	02:11:51.298		1.24786			4
2025.01.08	02:11:51.910	1.24782				2
2025.01.08	02:11:54.676	1.24781	1.24785			6
2025.01.08	02:11:55.586	1.24782	1.24786			6
2025.01.08	02:11:57.098	1.24781	1.24785			6
2025.01.08	02:11:58.011	1.24782	1.24786			6
2025.01.08	02:12:00.149	1.24782				2
2025.01.08	02:12:01.367	1.24783	1.24787			6
2025.01.08	02:12:04.724	1.24784				2
2025.01.08	02:12:05.026	1.24781	1.24785			6
2025.01.08	02:12:05.328		1.24784			4
2025.01.08	02:12:05.639		1.24785			4
2025.01.08	02:12:10.574	1.24782	1.24786			6
2025.01.08	02:12:14.272	1.24783				2
2025.01.08	02:12:14.578	1.24782				2
2025.01.08	02:12:15.803	1.24788	1.24791			6
2025.01.08	02:12:16.112	1.24787				2
2025.01.08	02:12:16.417	1.24788				2
2025.01.08	02:12:19.774	1.24787				2
2025.01.08	02:12:25.560	1.24784	1.24788			6
2025.01.08	02:12:25.866	1.24783				2
2025.01.08	02:12:26.172	1.24784				2
2025.01.08	02:12:26.479	1.24783				2
2025.01.08	02:12:26.784	1.24784				2
2025.01.08	02:12:27.090	1.24785				2
2025.01.08	02:12:27.702	1.24783				2
2025.01.08	02:12:29.846	1.24788	1.24790			6
2025.01.08	02:12:30.460	1.24789	1.24792			6
2025.01.08	02:12:36.872	1.24788	1.24791			6
2025.01.08	02:12:38.094	1.24789				2
2025.01.08	02:12:41.459	1.24788				2
2025.01.08	02:12:41.769		1.24790			4
2025.01.08	02:12:58.664		1.24791			4
2025.01.08	02:12:58.975	1.24789				2
2025.01.08	02:13:00.199	1.24789				2
2025.01.08	02:13:10.024	1.24787	1.24790			6
2025.01.08	02:13:12.159		1.24789			4
2025.01.08	02:13:12.466		1.24790			4
2025.01.08	02:13:18.583		1.24789			4
2025.01.08	02:13:19.501		1.24790			4
2025.01.08	02:13:20.713		1.24789			4
2025.01.08	02:13:21.321		1.24788			4
2025.01.08	02:13:22.846		1.24789			4
2025.01.08	02:13:24.684	1.24783	1.24787			6
2025.01.08	02:13:24.990	1.24784	1.24788			6
2025.01.08	02:13:27.739	1.24783	1.24787			6
2025.01.08	02:13:28.041	1.24784	1.24788			6
2025.01.08	02:13:30.201	1.24785				2
2025.01.08	02:13:30.506	1.24784	1.24787			6
2025.01.08	02:13:33.867	1.24785	1.24788			6
2025.01.08	02:13:34.166	1.24784	1.24787			6
2025.01.08	02:13:35.687	1.24783	1.24786			6
2025.01.08	02:13:38.740	1.24784	1.24787			6
2025.01.08	02:13:39.656		1.24786			4
2025.01.08	02:13:43.308		1.24785			4
2025.01.08	02:13:44.526	1.24781	1.24783			6
2025.01.08	02:13:44.831		1.24784			4
2025.01.08	02:13:46.367	1.24782	1.24785			6
2025.01.08	02:13:51.239	1.24789	1.24791			6
2025.01.08	02:13:51.545		1.24792			4
2025.01.08	02:13:51.847		1.24791			4
2025.01.08	02:13:52.160	1.24788				2
2025.01.08	02:13:52.770	1.24789				2
2025.01.08	02:13:53.072	1.24790	1.24792			6
2025.01.08	02:13:53.685		1.24794			4
2025.01.08	02:13:54.303	1.24791	1.24793			6
2025.01.08	02:14:00.163	1.24788	1.24791			6
2025.01.08	02:14:01.711	1.24789	1.24792			6
2025.01.08	02:14:02.021	1.24790	1.24793			6
2025.01.08	02:14:03.874	1.24788	1.24792			6
2025.01.08	02:14:06.033		1.24791			4
2025.01.08	02:14:14.650	1.24789				2
2025.01.08	02:14:15.883	1.24788				2
2025.01.08	02:14:16.187	1.24790	1.24792			6
2025.01.08	02:14:19.568		1.24793			4
2025.01.08	02:14:20.178	1.24789	1.24792			6
2025.01.08	02:14:20.482	1.24790				2
2025.01.08	02:14:21.728	1.24789				2
2025.01.08	02:14:22.026	1.24790				2
2025.01.08	02:14:22.329	1.24789	1.24793			6
2025.01.08	02:14:22.955		1.24794			4
2025.01.08	02:14:24.189		1.24793			4
2025.01.08	02:14:24.494	1.24790	1.24794			6
2025.01.08	02:14:24.800	1.24791				2
2025.01.08	02:14:26.034	1.24790				2
2025.01.08	02:14:26.651		1.24793			4
2025.01.08	02:14:27.573		1.24794			4
2025.01.08	02:14:32.812	1.24794	1.24797			6
2025.01.08	02:14:33.428		1.24798			4
2025.01.08	02:14:35.894	1.24798	1.24802			6
2025.01.08	02:14:36.201	1.24797	1.24801			6
2025.01.08	02:14:37.435	1.24796	1.24799			6
2025.01.08	02:14:38.057	1.24797				2
2025.01.08	02:14:38.976	1.24792	1.24796			6
2025.01.08	02:14:39.591	1.24793				2
2025.01.08	02:14:41.733	1.24792				2
2025.01.08	02:14:44.195	1.24793				2
2025.01.08	02:14:45.437	1.24792				2
2025.01.08	02:14:46.358	1.24793				2
2025.01.08	02:14:53.742		1.24795			4
2025.01.08	02:14:54.666		1.24794			4
2025.01.08	02:14:58.674	1.24792				2
2025.01.08	02:15:00.217	1.24792				2
2025.01.08	02:15:00.520		1.24793			4
2025.01.08	02:15:01.140		1.24794			4
2025.01.08	02:15:01.443		1.24793			4
2025.01.08	02:15:03.880	1.24793	1.24794			6
2025.01.08	02:15:04.489	1.24792	1.24793			6
2025.01.08	02:15:04.795	1.24791				2
2025.01.08	02:15:05.705	1.24789	1.24790			6
2025.01.08	02:15:08.153	1.24794	1.24795			6
2025.01.08	02:15:08.765	1.24793	1.24794			6
2025.01.08	02:15:12.161	1.24792	1.24793			6
2025.01.08	02:15:16.154	1.24793	1.24794			6
2025.01.08	02:15:16.771	1.24792	1.24793			6
2025.01.08	02:15:27.230	1.24793	1.24794			6
2025.01.08	02:15:28.767	1.24794	1.24795			6
2025.01.08	02:15:29.688	1.24792	1.24794			6
2025.01.08	02:15:35.220	1.24791	1.24793			6
2025.01.08	02:15:35.523	1.24789	1.24791			6
2025.01.08	02:15:38.292	1.24791	1.24793			6
2025.01.08	02:15:39.521	1.24792	1.24794			6
2025.01.08	02:15:39.825		1.24793			4
2025.01.08	02:15:42.592	1.24793	1.24795			6
2025.01.08	02:15:42.901	1.24792	1.24794			6
2025.01.08	02:15:46.280	1.24791				2
2025.01.08	02:15:46.584	1.24792				2
2025.01.08	02:15:51.187	1.24793				2
2025.01.08	02:15:51.797	1.24792				2
2025.01.08	02:15:53.008		1.24793			4
2025.01.08	02:15:53.309		1.24794			4
2025.01.08	02:16:00.061	1.24792				2
2025.01.08	02:16:01.277	1.24793	1.24795			6
2025.01.08	02:16:01.582		1.24794			4
2025.01.08	02:16:01.885	1.24792	1.24795			6
2025.01.08	02:16:02.188		1.24794			4
2025.01.08	02:16:04.939		1.24793			4
2025.01.08	02:16:05.245		1.24794			4
2025.01.08	02:16:09.839	1.24793	1.24795			6
2025.01.08	02:16:12.901		1.24794			4
2025.01.08	02:16:18.103	1.24792	1.24793			6
2025.01.08	02:16:18.407		1.24794			4
2025.01.08	02:16:20.548	1.24793				2
2025.01.08	02:16:21.156		1.24795			4
2025.01.08	02:16:22.061	1.24794				2
2025.01.08	02:16:22.365	1.24792	1.24794			6
2025.01.08	02:16:24.192	1.24793	1.24795			6
2025.01.08	02:16:25.406	1.24796	1.24797			6
2025.01.08	02:16:25.714	1.24797	1.24798			6
2025.01.08	02:16:26.023	1.24796	1.24797			6
2025.01.08	02:16:26.645	1.24798	1.24799			6
2025.01.08	02:16:27.870	1.24797	1.24798			6
2025.01.08	02:16:28.175	1.24798	1.24799			6
2025.01.08	02:16:33.371	1.24797	1.24798			6
2025.01.08	02:16:33.674	1.24796	1.24797			6
2025.01.08	02:16:35.812	1.24793	1.24794			6
2025.01.08	02:16:36.115	1.24792				2
2025.01.08	02:16:41.953	1.24791	1.24793			6
2025.01.08	02:16:42.260	1.24789	1.24791			6
2025.01.08	02:16:42.563	1.24790				2
2025.01.08	02:16:42.870	1.24792	1.24794			6
2025.01.08	02:16:43.177		1.24795			4
2025.01.08	02:16:45.331	1.24791				2
2025.01.08	02:16:46.556	1.24789	1.24791			6
2025.01.08	02:16:47.790	1.24792	1.24795			6
2025.01.08	02:17:00.064	1.24792				2
2025.01.08	02:17:03.443		1.24796			4
2025.01.08	02:17:03.759		1.24795			4
2025.01.08	02:17:07.152	1.24793	1.24796			6
2025.01.08	02:17:07.460		1.24795			4
2025.01.08	02:17:09.616	1.24792	1.24794			6
2025.01.08	02:17:11.161		1.24795			4
2025.01.08	02:17:16.991		1.24794			4
2025.01.08	02:17:20.366	1.24793				2
2025.01.08	02:17:25.571		1.24795			4
2025.01.08	02:17:27.090	1.24794				2
2025.01.08	02:17:27.408	1.24793				2
2025.01.08	02:17:28.019	1.24794				2
2025.01.08	02:17:28.320	1.24793				2
2025.01.08	02:17:30.157	1.24794				2
2025.01.08	02:17:30.459	1.24793				2
2025.01.08	02:17:32.301	1.24797	1.24798			6
2025.01.08	02:17:34.439	1.24796	1.24797			6
2025.01.08	02:17:35.357	1.24794	1.24795			6
2025.01.08	02:17:36.573	1.24795	1.24796			6
2025.01.08	02:17:42.990	1.24797	1.24798			6
2025.01.08	02:17:43.293	1.24796	1.24797			6
2025.01.08	02:17:43.600	1.24797	1.24798			6
2025.01.08	02:17:43.901	1.24796	1.24797			6
2025.01.08	02:17:47.250	1.24795	1.24796			6
2025.01.08	02:17:48.469	1.24796	1.24797			6
2025.01.08	02:17:49.081	1.24795				2
2025.01.08	02:17:51.830	1.24798	1.24799			6
2025.01.08	02:17:52.133	1.24796	1.24797			6
2025.01.08	02:17:52.437	1.24792	1.24794			6
2025.01.08	02:17:52.748	1.24794	1.24795			6
2025.01.08	02:18:00.115	1.24794				2
2025.01.08	02:18:27.505	1.24793	1.24796			6
2025.01.08	02:18:29.048		1.24795			4
2025.01.08	02:18:29.968	1.24790	1.24793			6
2025.01.08	02:18:30.279		1.24792			4
2025.01.08	02:18:31.205	1.24793	1.24795			6
2025.01.08	02:18:31.517	1.24792				2
2025.01.08	02:18:32.130	1.24791				2
2025.01.08	02:18:35.219	1.24792				2
2025.01.08	02:18:56.157	1.24790	1.24792			6
2025.01.08	02:18:56.459	1.24791				2
2025.01.08	02:18:56.763		1.24793			4
2025.01.08	02:19:00.149	1.24791				2
2025.01.08	02:19:04.153	1.24790				2
2025.01.08	02:19:05.083	1.24791				2
2025.01.08	02:19:05.696	1.24790				2
2025.01.08	02:19:07.236	1.24791				2
2025.01.08	02:19:07.540	1.24790	1.24792			6
2025.01.08	02:19:08.159		1.24793			4
2025.01.08	02:19:10.308		1.24792			4
2025.01.08	02:19:12.770		1.24793			4
2025.01.08	02:19:14.307	1.24791	1.24794			6
2025.01.08	02:19:19.855	1.24793				2
2025.01.08	02:19:20.778	1.24792				2
2025.01.08	02:19:26.010	1.24790	1.24793			6
2025.01.08	02:19:26.316		1.24792			4
2025.01.08	02:19:33.395	1.24793	1.24795			6
2025.01.08	02:19:53.091	1.24791	1.24794			6
2025.01.08	02:19:53.709	1.24792				2
2025.01.08	02:19:58.323	1.24791	1.24792			6
2025.01.08	02:19:59.248		1.24793			4
2025.01.08	02:20:00.171	1.24791				2
2025.01.08	02:20:00.779	1.24792				2
2025.01.08	02:20:02.625	1.24794	1.24796			6
2025.01.08	02:20:13.063		1.24795			4
2025.01.08	02:20:14.598		1.24796			4
2025.01.08	02:20:15.834		1.24797			4
2025.01.08	02:20:20.128	1.24799	1.24800			6
2025.01.08	02:20:20.435		1.24801			4
2025.01.08	02:20:29.360	1.24798				2
2025.01.08	02:20:29.666		1.24800			4
2025.01.08	02:20:30.593		1.24801			4
2025.01.08	02:20:31.516		1.24800			4
2025.01.08	02:20:37.058	1.24799	1.24801			6
2025.01.08	02:20:41.067	1.24802	1.24804			6
2025.01.08	02:20:41.985	1.24803	1.24806			6
2025.01.08	02:20:42.294	1.24802				2
2025.01.08	02:20:43.212	1.24801	1.24803			6
2025.01.08	02:20:46.601	1.24800				2
2025.01.08	02:20:48.431		1.24802			4
2025.01.08	02:20:53.016	1.24799	1.24803			6
2025.01.08	02:20:53.320	1.24800				2
2025.01.08	02:20:55.451	1.24799	1.24801			6
2025.01.08	02:20:56.063	1.24801	1.24803			6
2025.01.08	02:21:00.029	1.24801				2
2025.01.08	02:21:01.865	1.24799	1.24802			6
2025.01.08	02:21:02.170	1.24800				2
2025.01.08	02:21:02.473	1.24799	1.24803			6
2025.01.08	02:21:05.229	1.24800	1.24804			6
2025.01.08	02:21:05.541		1.24805			4
2025.01.08	02:21:06.151		1.24804			4
2025.01.08	02:21:17.164	1.24801	1.24805			6
2025.01.08	02:21:19.912	1.24802				2
2025.01.08	02:21:20.218	1.24801	1.24803			6
2025.01.08	02:21:22.050		1.24805			4
2025.01.08	02:21:24.490		1.24803			4
2025.01.08	02:21:25.713	1.24800				2
2025.01.08	02:21:28.155	1.24802	1.24805			6
2025.01.08	02:21:28.765	1.24801	1.24803			6
2025.01.08	02:21:34.872	1.24800				2
2025.01.08	02:21:36.721		1.24802			4
2025.01.08	02:21:37.646	1.24801	1.24803			6
2025.01.08	02:21:51.201	1.24800	1.24802			6
2025.01.08	02:21:51.509	1.24798	1.24801			6
2025.01.08	02:21:53.972	1.24800	1.24802			6
2025.01.08	02:21:54.283	1.24799				2
2025.01.08	02:21:55.504	1.24801	1.24803			6
2025.01.08	02:21:56.420	1.24799	1.24802			6
2025.01.08	02:22:00.082	1.24799				2
2025.01.08	02:22:02.522	1.24801	1.24803			6
2025.01.08	02:22:05.578	1.24799				2
2025.01.08	02:22:05.886	1.24798	1.24802			6
2025.01.08	02:22:12.326	1.24800				2
2025.01.08	02:22:14.177	1.24801	1.24803			6
2025.01.08	02:22:14.483		1.24804			4
2025.01.08	02:22:14.794		1.24803			4
2025.01.08	02:22:15.099		1.24804			4
2025.01.08	02:22:16.949		1.24803			4
2025.01.08	02:22:23.716	1.24804	1.24806			6
2025.01.08	02:22:24.335	1.24803				2
2025.01.08	02:22:29.874	1.24804				2
2025.01.08	02:22:32.641		1.24805			4
2025.01.08	02:22:34.792		1.24806			4
2025.01.08	02:22:42.184	1.24808	1.24809			6
2025.01.08	02:22:42.488		1.24810			4
2025.01.08	02:22:44.646	1.24809	1.24811			6
2025.01.08	02:22:46.801	1.24805	1.24807			6
2025.01.08	02:22:48.033	1.24804				2
2025.01.08	02:22:49.568	1.24806	1.24808			6
2025.01.08	02:22:49.875	1.24804				2
2025.01.08	02:22:50.182	1.24803	1.24806			6
2025.01.08	02:22:50.485		1.24807			4
2025.01.08	02:23:00.025	1.24803				2
2025.01.08	02:23:00.330	1.24804	1.24808			6
2025.01.08	02:23:04.638		1.24805			4
2025.01.08	02:23:04.951	1.24801	1.24802			6
2025.01.08	02:23:05.869		1.24803			4
2025.01.08	02:23:06.174		1.24802			4
2025.01.08	02:23:06.479		1.24803			4
2025.01.08	02:23:06.789		1.24804			4
2025.01.08	02:23:07.406		1.24803			4
2025.01.08	02:23:10.785	1.24803	1.24805			6
2025.01.08	02:23:11.086	1.24808	1.24810			6
2025.01.08	02:23:11.397	1.24809	1.24811			6
2025.01.08	02:23:12.924	1.24807	1.24809			6
2025.01.08	02:23:14.761		1.24808			4
2025.01.08	02:23:15.376		1.24809			4
2025.01.08	02:23:18.138	1.24806				2
2025.01.08	02:23:24.306	1.24807	1.24810			6
2025.01.08	02:23:25.853	1.24808	1.24811			6
2025.01.08	02:23:26.461	1.24807	1.24810			6
2025.01.08	02:23:27.387		1.24809			4
2025.01.08	02:23:31.082	1.24808	1.24810			6
2025.01.08	02:23:31.385		1.24811			4
2025.01.08	02:23:31.698		1.24812			4
2025.01.08	02:23:32.626	1.24809				2
2025.01.08	02:23:32.932	1.24810				2
2025.01.08	02:23:34.466	1.24811	1.24814			6
2025.01.08	02:23:35.083		1.24813			4
2025.01.08	02:23:38.777		1.24815			4
2025.01.08	02:23:39.083		1.24812			4
2025.01.08	02:23:45.541		1.24813			4
2025.01.08	02:23:45.846		1.24812			4
2025.01.08	02:23:46.150	1.24810	1.24811			6
2025.01.08	02:23:46.456		1.24812			4
2025.01.08	02:23:46.765		1.24811			4
2025.01.08	02:23:49.220		1.24812			4
2025.01.08	02:23:49.524	1.24811	1.24813			6
2025.01.08	02:23:55.970		1.24814			4
2025.01.08	02:23:56.583	1.24808	1.24810			6
2025.01.08	02:23:57.202		1.24812			4
2025.01.08	02:23:57.505		1.24811			4
2025.01.08	02:24:00.281	1.24808				2
2025.01.08	02:24:01.819		1.24810			4
2025.01.08	02:24:06.130	1.24809	1.24811			6
2025.01.08	02:24:07.356	1.24810				2
2025.01.08	02:24:11.656		1.24813			4
2025.01.08	02:24:12.268		1.24814			4
2025.01.08	02:24:12.578	1.24811				2
2025.01.08	02:24:13.803		1.24813			4
2025.01.08	02:24:14.118		1.24814			4
2025.01.08	02:24:17.502		1.24813			4
2025.01.08	02:24:19.043	1.24808	1.24809			6
2025.01.08	02:24:24.869		1.24810			4
2025.01.08	02:24:28.869	1.24807	1.24809			6
2025.01.08	02:24:29.481	1.24808	1.24810			6
2025.01.08	02:24:30.406		1.24809			4
2025.01.08	02:24:35.318	1.24809	1.24810			6
2025.01.08	02:24:35.620	1.24807				2
2025.01.08	02:24:36.226	1.24806				2
2025.01.08	02:24:42.336	1.24808				2
2025.01.08	02:24:43.252	1.24810	1.24812			6
2025.01.08	02:24:43.561	1.24809				2
2025.01.08	02:24:50.321		1.24811			4
2025.01.08	02:24:50.626		1.24812			4
2025.01.08	02:24:52.774		1.24811			4
2025.01.08	02:24:53.383		1.24812			4
2025.01.08	02:24:57.386		1.24811			4
2025.01.08	02:25:00.125	1.24809				2
2025.01.08	02:25:00.431	1.24812	1.24814			6
2025.01.08	02:25:01.348		1.24815			4
2025.01.08	02:25:10.272	1.24813	1.24816			6
2025.01.08	02:25:15.476		1.24815			4
2025.01.08	02:25:16.081		1.24816			4
2025.01.08	02:25:16.695	1.24812	1.24815			6
2025.01.08	02:25:19.741		1.24816			4
2025.01.08	02:25:20.042	1.24814	1.24817			6
2025.01.08	02:25:20.344	1.24813	1.24816			6
2025.01.08	02:25:20.953		1.24817			4
2025.01.08	02:25:24.620		1.24816			4
2025.01.08	02:25:27.998		1.24815			4
2025.01.08	02:25:29.838		1.24816			4
2025.01.08	02:25:34.108		1.24815			4
2025.01.08	02:25:35.025		1.24816			4
2025.01.08	02:25:35.333		1.24815			4
2025.01.08	02:25:38.075	1.24812	1.24814			6
2025.01.08	02:25:38.386	1.24811				2
2025.01.08	02:25:39.001	1.24812	1.24815			6
2025.01.08	02:25:40.531	1.24811	1.24814			6
