<DATE>	<TIME>	<BID>	<ASK>	<LAST>	<VOLUME>	<FLAGS>
2025.08.15	00:03:30.678	1.35286	1.35386			6
2025.08.15	00:03:38.701		1.35376			4
2025.08.15	00:03:42.399		1.35396			4
2025.08.15	00:04:00.007	1.35286				2
2025.08.15	00:04:00.626	1.35288	1.35401			6
2025.08.15	00:04:01.865	1.35291				2
2025.08.15	00:04:09.271		1.35372			4
2025.08.15	00:04:14.834		1.35401			4
2025.08.15	00:04:31.822	1.35296	1.35406			6
2025.08.15	00:04:32.743	1.35301				2
2025.08.15	00:04:33.674	1.35302				2
2025.08.15	00:04:36.456		1.35376			4
2025.08.15	00:04:41.680		1.35406			4
2025.08.15	00:04:45.388	1.35306	1.35411			6
2025.08.15	00:04:46.313	1.35312				2
2025.08.15	00:04:47.550	1.35313				2
2025.08.15	00:04:53.408	1.35274	1.35364			6
2025.08.15	00:04:53.719	1.35288	1.35386			6
2025.08.15	00:05:00.203	1.35288				2
2025.08.15	00:05:46.328	1.35274	1.35364			6
2025.08.15	00:05:46.639	1.35284	1.35374			6
2025.08.15	00:06:00.146	1.35284				2
2025.08.15	00:06:46.806		1.35374			4
2025.08.15	00:07:00.089	1.35284				2
2025.08.15	00:07:47.108		1.35374			4
2025.08.15	00:08:00.094	1.35284				2
2025.08.15	00:08:47.354		1.35374			4
2025.08.15	00:09:00.041	1.35284				2
2025.08.15	00:09:47.442		1.35374			4
2025.08.15	00:10:00.111	1.35284				2
2025.08.15	00:10:47.741		1.35374			4
2025.08.15	00:11:00.125	1.35284				2
2025.08.15	00:11:47.825		1.35374			4
2025.08.15	00:12:00.226	1.35284				2
2025.08.15	00:12:47.864		1.35374			4
2025.08.15	00:12:54.991	1.35279	1.35369			6
2025.08.15	00:13:00.250	1.35279				2
2025.08.15	00:13:01.178	1.35248	1.35417			6
2025.08.15	00:13:01.799	1.35245				2
2025.08.15	00:13:02.127	1.35282	1.35372			6
2025.08.15	00:13:26.567	1.35279	1.35369			6
2025.08.15	00:14:00.243	1.35279				2
2025.08.15	00:14:26.756		1.35369			4
2025.08.15	00:15:00.250	1.35279				2
2025.08.15	00:15:26.823		1.35369			4
2025.08.15	00:16:00.175	1.35279				2
2025.08.15	00:16:27.115		1.35369			4
2025.08.15	00:17:00.157	1.35279				2
2025.08.15	00:17:27.315		1.35369			4
2025.08.15	00:18:00.034	1.35279				2
2025.08.15	00:18:27.526		1.35369			4
2025.08.15	00:19:00.027	1.35279				2
2025.08.15	00:19:27.797		1.35369			4
2025.08.15	00:20:00.007	1.35279				2
2025.08.15	00:20:00.625	1.35253	1.35402			6
2025.08.15	00:21:00.120	1.35253				2
2025.08.15	00:21:00.738		1.35402			4
2025.08.15	00:22:00.053	1.35253				2
2025.08.15	00:22:00.978		1.35402			4
2025.08.15	00:23:00.076	1.35253				2
2025.08.15	00:23:01.004		1.35402			4
2025.08.15	00:23:45.268	1.35246				2
2025.08.15	00:23:52.388	1.35247				2
2025.08.15	00:23:55.172		1.35395			4
2025.08.15	00:24:01.911	1.35247	1.35398			6
2025.08.15	00:24:27.261		1.35395			4
2025.08.15	00:24:27.608	1.35245	1.35388			6
2025.08.15	00:24:27.916	1.35253				2
2025.08.15	00:24:32.988		1.35398			4
2025.08.15	00:24:53.463		1.35392			4
2025.08.15	00:24:58.995		1.35384			4
2025.08.15	00:25:00.395	1.35253				2
2025.08.15	00:25:04.788		1.35392			4
2025.08.15	00:25:09.130	1.35261				2
2025.08.15	00:25:09.441	1.35265				2
2025.08.15	00:25:12.551	1.35251				2
2025.08.15	00:25:22.488	1.35249				2
2025.08.15	00:25:32.330		1.35384			4
2025.08.15	00:25:39.643		1.35392			4
2025.08.15	00:25:42.744	1.35246				2
2025.08.15	00:25:51.703	1.35237	1.35395			6
2025.08.15	00:26:00.035	1.35237				2
2025.08.15	00:26:05.306		1.35400			4
2025.08.15	00:26:08.405		1.35399			4
2025.08.15	00:26:09.333		1.35400			4
2025.08.15	00:26:42.475		1.35397			4
2025.08.15	00:26:42.783		1.35399			4
2025.08.15	00:26:43.404		1.35395			4
2025.08.15	00:26:44.333		1.35398			4
2025.08.15	00:26:51.448	1.35242	1.35396			6
2025.08.15	00:27:00.096	1.35242				2
2025.08.15	00:27:07.216		1.35392			4
2025.08.15	00:27:13.673		1.35396			4
2025.08.15	00:27:41.223		1.35392			4
2025.08.15	00:27:45.546		1.35396			4
2025.08.15	00:27:51.413	1.35243	1.35385			6
2025.08.15	00:28:00.074	1.35243				2
2025.08.15	00:28:09.971		1.35387			4
2025.08.15	00:28:13.053		1.35395			4
2025.08.15	00:28:14.604		1.35394			4
2025.08.15	00:28:28.196		1.35386			4
2025.08.15	00:28:30.364		1.35390			4
2025.08.15	00:28:36.540		1.35391			4
2025.08.15	00:28:40.247		1.35392			4
2025.08.15	00:28:51.672	1.35242				2
2025.08.15	00:28:52.292		1.35395			4
2025.08.15	00:29:00.025	1.35242				2
2025.08.15	00:29:01.572		1.35392			4
2025.08.15	00:29:05.596		1.35391			4
2025.08.15	00:29:11.463		1.35394			4
2025.08.15	00:29:13.623		1.35395			4
2025.08.15	00:29:36.185		1.35391			4
2025.08.15	00:29:42.365		1.35395			4
2025.08.15	00:29:49.781		1.35394			4
2025.08.15	00:30:00.290	1.35242	1.35395			6
2025.08.15	00:30:02.773		1.35390			4
2025.08.15	00:30:09.562		1.35395			4
2025.08.15	00:30:34.281		1.35390			4
2025.08.15	00:30:40.451		1.35395			4
2025.08.15	00:30:40.765		1.35392			4
2025.08.15	00:30:41.379		1.35395			4
2025.08.15	00:30:42.307		1.35394			4
2025.08.15	00:30:42.618		1.35392			4
2025.08.15	00:30:42.924		1.35391			4
2025.08.15	00:30:46.648		1.35392			4
2025.08.15	00:30:47.265		1.35391			4
2025.08.15	00:30:47.570		1.35392			4
2025.08.15	00:30:47.884		1.35394			4
2025.08.15	00:30:48.191		1.35391			4
2025.08.15	00:30:48.505		1.35395			4
2025.08.15	00:30:51.597		1.35394			4
2025.08.15	00:31:00.268	1.35242				2
2025.08.15	00:31:05.826		1.35390			4
2025.08.15	00:31:11.406		1.35394			4
2025.08.15	00:31:14.493		1.35391			4
2025.08.15	00:31:14.800		1.35394			4
2025.08.15	00:31:15.417		1.35392			4
2025.08.15	00:31:17.891		1.35394			4
2025.08.15	00:31:19.428		1.35392			4
2025.08.15	00:31:20.661		1.35394			4
2025.08.15	00:31:21.896		1.35392			4
2025.08.15	00:31:22.211		1.35391			4
2025.08.15	00:31:23.439		1.35394			4
2025.08.15	00:31:24.056	1.35238	1.35393			6
2025.08.15	00:31:24.358		1.35392			4
2025.08.15	00:31:24.744	1.35243	1.35388			6
2025.08.15	00:31:25.685		1.35385			4
2025.08.15	00:31:25.987		1.35391			4
2025.08.15	00:31:28.460		1.35390			4
2025.08.15	00:31:29.079		1.35392			4
2025.08.15	00:31:29.388		1.35390			4
2025.08.15	00:31:29.698		1.35392			4
2025.08.15	00:31:30.011		1.35390			4
2025.08.15	00:31:30.622		1.35392			4
2025.08.15	00:31:30.932		1.35390			4
2025.08.15	00:31:31.241		1.35392			4
2025.08.15	00:31:31.545		1.35390			4
2025.08.15	00:31:31.855		1.35392			4
2025.08.15	00:31:32.466		1.35390			4
2025.08.15	00:31:32.773		1.35393			4
2025.08.15	00:31:33.080		1.35392			4
2025.08.15	00:31:33.388		1.35394			4
2025.08.15	00:31:33.691		1.35392			4
2025.08.15	00:31:34.003		1.35393			4
2025.08.15	00:31:34.312		1.35392			4
2025.08.15	00:31:34.621		1.35395			4
2025.08.15	00:31:34.930		1.35396			4
2025.08.15	00:31:35.240		1.35395			4
2025.08.15	00:31:35.558		1.35396			4
2025.08.15	00:31:35.859		1.35387			4
2025.08.15	00:31:42.977		1.35395			4
2025.08.15	00:31:46.695		1.35396			4
2025.08.15	00:31:46.998		1.35395			4
2025.08.15	00:31:47.315		1.35396			4
2025.08.15	00:31:47.617		1.35395			4
2025.08.15	00:31:47.924		1.35396			4
2025.08.15	00:31:48.233		1.35395			4
2025.08.15	00:31:48.550		1.35396			4
2025.08.15	00:31:48.853		1.35395			4
2025.08.15	00:31:49.165		1.35396			4
2025.08.15	00:31:49.475		1.35395			4
2025.08.15	00:31:49.781		1.35396			4
2025.08.15	00:31:50.097		1.35395			4
2025.08.15	00:31:50.402		1.35396			4
2025.08.15	00:31:50.716		1.35395			4
2025.08.15	00:31:51.025		1.35396			4
2025.08.15	00:31:51.334		1.35395			4
2025.08.15	00:31:51.641		1.35396			4
2025.08.15	00:31:51.954		1.35395			4
2025.08.15	00:31:55.966		1.35396			4
2025.08.15	00:31:56.273		1.35395			4
2025.08.15	00:31:56.586		1.35396			4
2025.08.15	00:31:56.894		1.35395			4
2025.08.15	00:31:57.217		1.35396			4
2025.08.15	00:31:57.518		1.35395			4
2025.08.15	00:31:57.826		1.35396			4
2025.08.15	00:31:58.145		1.35395			4
2025.08.15	00:31:58.446		1.35396			4
2025.08.15	00:32:00.306	1.35243				2
2025.08.15	00:32:03.101		1.35395			4
2025.08.15	00:32:03.406		1.35396			4
2025.08.15	00:32:03.721		1.35395			4
2025.08.15	00:32:04.033		1.35396			4
2025.08.15	00:32:04.336		1.35395			4
2025.08.15	00:32:04.961		1.35396			4
2025.08.15	00:32:05.273		1.35395			4
2025.08.15	00:32:05.584		1.35396			4
2025.08.15	00:32:05.884		1.35395			4
2025.08.15	00:32:06.809		1.35387			4
2025.08.15	00:32:12.072		1.35395			4
2025.08.15	00:32:13.622		1.35396			4
2025.08.15	00:32:13.931		1.35395			4
2025.08.15	00:32:14.245		1.35396			4
2025.08.15	00:32:14.551		1.35395			4
2025.08.15	00:32:14.859		1.35396			4
2025.08.15	00:32:15.174		1.35395			4
2025.08.15	00:32:15.478		1.35396			4
2025.08.15	00:32:15.788		1.35395			4
2025.08.15	00:32:16.098		1.35396			4
2025.08.15	00:32:16.403		1.35395			4
2025.08.15	00:32:16.710		1.35396			4
2025.08.15	00:32:17.014		1.35395			4
2025.08.15	00:32:17.320		1.35396			4
2025.08.15	00:32:17.625		1.35395			4
2025.08.15	00:32:17.935		1.35396			4
2025.08.15	00:32:18.239		1.35395			4
2025.08.15	00:32:18.543		1.35396			4
2025.08.15	00:32:18.851		1.35395			4
2025.08.15	00:32:19.158		1.35396			4
2025.08.15	00:32:19.466		1.35395			4
2025.08.15	00:32:19.773		1.35396			4
2025.08.15	00:32:20.077		1.35395			4
2025.08.15	00:32:20.383		1.35396			4
2025.08.15	00:32:21.613		1.35395			4
2025.08.15	00:32:24.689	1.35241				2
2025.08.15	00:32:27.016	1.35242				2
2025.08.15	00:32:29.977	1.35241	1.35396			6
2025.08.15	00:32:30.296	1.35242	1.35395			6
2025.08.15	00:32:30.605	1.35241	1.35396			6
2025.08.15	00:32:30.922	1.35242	1.35395			6
2025.08.15	00:32:31.239	1.35241	1.35396			6
2025.08.15	00:32:31.555	1.35242	1.35395			6
2025.08.15	00:32:31.866	1.35241	1.35396			6
2025.08.15	00:32:32.189	1.35242	1.35395			6
2025.08.15	00:32:32.497	1.35241	1.35396			6
2025.08.15	00:32:32.816	1.35242	1.35395			6
2025.08.15	00:32:33.128	1.35241	1.35396			6
2025.08.15	00:32:33.788		1.35395			4
2025.08.15	00:32:34.135		1.35396			4
2025.08.15	00:32:34.486		1.35395			4
2025.08.15	00:32:37.240		1.35396			4
2025.08.15	00:32:37.589		1.35395			4
2025.08.15	00:32:37.935		1.35396			4
2025.08.15	00:32:38.284	1.35242	1.35395			6
2025.08.15	00:32:38.601		1.35387			4
2025.08.15	00:32:39.185	1.35240				2
2025.08.15	00:32:39.490	1.35242				2
2025.08.15	00:32:39.829	1.35240				2
2025.08.15	00:32:40.206	1.35242				2
2025.08.15	00:32:43.811		1.35395			4
2025.08.15	00:32:44.918	1.35241	1.35396			6
2025.08.15	00:32:45.297	1.35242	1.35395			6
2025.08.15	00:32:46.195	1.35241	1.35396			6
2025.08.15	00:32:46.499	1.35242	1.35395			6
2025.08.15	00:32:46.833	1.35241	1.35396			6
2025.08.15	00:32:47.207	1.35242	1.35395			6
2025.08.15	00:32:49.329	1.35240	1.35396			6
2025.08.15	00:32:49.637	1.35242	1.35395			6
2025.08.15	00:32:50.614	1.35241	1.35396			6
2025.08.15	00:32:50.937	1.35242	1.35395			6
2025.08.15	00:32:52.034	1.35241	1.35396			6
2025.08.15	00:32:52.521	1.35240	1.35398			6
2025.08.15	00:32:52.839	1.35241	1.35396			6
2025.08.15	00:32:53.274	1.35240	1.35398			6
2025.08.15	00:32:53.576	1.35241	1.35396			6
2025.08.15	00:32:54.023	1.35240	1.35398			6
2025.08.15	00:32:54.339	1.35241	1.35396			6
2025.08.15	00:32:54.773	1.35240	1.35398			6
2025.08.15	00:32:55.083	1.35241	1.35396			6
2025.08.15	00:32:55.490	1.35240	1.35397			6
2025.08.15	00:32:55.793	1.35242	1.35395			6
2025.08.15	00:32:56.274	1.35240	1.35397			6
2025.08.15	00:32:56.577	1.35242	1.35395			6
2025.08.15	00:32:57.021	1.35240	1.35397			6
2025.08.15	00:32:57.329	1.35242	1.35395			6
2025.08.15	00:32:57.755	1.35240	1.35397			6
2025.08.15	00:32:58.066	1.35242	1.35395			6
2025.08.15	00:32:58.512	1.35240	1.35397			6
2025.08.15	00:32:58.822	1.35242	1.35395			6
2025.08.15	00:32:59.257	1.35240	1.35397			6
2025.08.15	00:32:59.557	1.35242	1.35395			6
2025.08.15	00:33:00.005	1.35240	1.35397			6
2025.08.15	00:33:00.322	1.35242	1.35395			6
2025.08.15	00:33:00.756	1.35240	1.35397			6
2025.08.15	00:33:01.065	1.35242	1.35395			6
2025.08.15	00:33:01.504	1.35240	1.35397			6
2025.08.15	00:33:01.815	1.35242	1.35395			6
2025.08.15	00:33:02.257	1.35240	1.35397			6
2025.08.15	00:33:02.568	1.35242	1.35395			6
2025.08.15	00:33:03.005	1.35240	1.35397			6
2025.08.15	00:33:03.310	1.35242	1.35395			6
2025.08.15	00:33:03.754	1.35240	1.35398			6
2025.08.15	00:33:04.063	1.35242	1.35395			6
2025.08.15	00:33:04.503	1.35240	1.35398			6
2025.08.15	00:33:04.826	1.35242	1.35395			6
2025.08.15	00:33:05.254	1.35240	1.35398			6
2025.08.15	00:33:05.555	1.35241	1.35395			6
2025.08.15	00:33:06.002	1.35240	1.35398			6
2025.08.15	00:33:07.535		1.35387			4
2025.08.15	00:33:14.323		1.35398			4
2025.08.15	00:33:16.183	1.35241	1.35396			6
2025.08.15	00:33:16.841		1.35395			4
2025.08.15	00:33:26.431	1.35240	1.35398			6
2025.08.15	00:33:26.747		1.35397			4
2025.08.15	00:33:27.431		1.35396			4
2025.08.15	00:33:27.888		1.35397			4
2025.08.15	00:33:28.308		1.35398			4
2025.08.15	00:33:28.626		1.35397			4
2025.08.15	00:33:28.943		1.35398			4
2025.08.15	00:33:29.555	1.35241	1.35395			6
2025.08.15	00:33:38.496		1.35387			4
2025.08.15	00:33:44.815		1.35396			4
2025.08.15	00:33:56.996	1.35240				2
2025.08.15	00:34:00.712	1.35240	1.35398			6
2025.08.15	00:34:01.015	1.35241	1.35395			6
2025.08.15	00:34:01.616	1.35240	1.35398			6
2025.08.15	00:34:01.920	1.35241	1.35396			6
2025.08.15	00:34:02.615	1.35240	1.35398			6
2025.08.15	00:34:02.930	1.35241	1.35396			6
2025.08.15	00:34:03.616	1.35240	1.35398			6
2025.08.15	00:34:03.925	1.35241	1.35396			6
2025.08.15	00:34:04.615	1.35240	1.35398			6
2025.08.15	00:34:04.925	1.35241	1.35396			6
2025.08.15	00:34:05.544	1.35240	1.35398			6
2025.08.15	00:34:05.853	1.35241	1.35396			6
2025.08.15	00:34:06.612	1.35240	1.35398			6
2025.08.15	00:34:06.914	1.35241	1.35396			6
2025.08.15	00:34:07.612	1.35240	1.35398			6
2025.08.15	00:34:07.924	1.35241	1.35396			6
2025.08.15	00:34:08.611	1.35240	1.35387			6
2025.08.15	00:34:08.915	1.35241				2
2025.08.15	00:34:09.612	1.35240				2
2025.08.15	00:34:09.924	1.35241				2
2025.08.15	00:34:10.612	1.35240				2
2025.08.15	00:34:10.916	1.35241				2
2025.08.15	00:34:11.612	1.35240				2
2025.08.15	00:34:12.853	1.35241				2
2025.08.15	00:34:13.616	1.35240	1.35398			6
2025.08.15	00:34:13.927		1.35396			4
2025.08.15	00:34:14.614		1.35398			4
2025.08.15	00:34:14.922		1.35397			4
2025.08.15	00:34:15.547		1.35398			4
2025.08.15	00:34:15.853		1.35396			4
2025.08.15	00:34:16.612		1.35398			4
2025.08.15	00:34:16.927		1.35396			4
2025.08.15	00:34:17.611		1.35398			4
2025.08.15	00:34:17.924		1.35396			4
2025.08.15	00:34:18.612		1.35398			4
2025.08.15	00:34:18.917		1.35397			4
2025.08.15	00:34:19.612		1.35398			4
2025.08.15	00:34:19.919		1.35397			4
2025.08.15	00:34:20.610		1.35398			4
2025.08.15	00:34:20.931		1.35397			4
2025.08.15	00:34:21.612		1.35398			4
2025.08.15	00:34:21.921		1.35397			4
2025.08.15	00:34:22.612		1.35398			4
2025.08.15	00:34:22.929		1.35396			4
2025.08.15	00:34:23.616		1.35398			4
2025.08.15	00:34:24.860		1.35397			4
2025.08.15	00:34:25.615		1.35398			4
2025.08.15	00:34:26.857		1.35396			4
2025.08.15	00:34:27.612		1.35398			4
2025.08.15	00:34:27.932		1.35397			4
2025.08.15	00:34:29.515		1.35398			4
2025.08.15	00:34:40.655		1.35387			4
2025.08.15	00:34:46.552		1.35398			4
2025.08.15	00:35:00.186	1.35240				2
2025.08.15	00:35:09.500		1.35387			4
2025.08.15	00:35:15.089		1.35398			4
2025.08.15	00:35:42.376		1.35387			4
2025.08.15	00:35:49.194		1.35396			4
2025.08.15	00:35:50.428		1.35397			4
2025.08.15	00:36:00.029	1.35240				2
2025.08.15	00:36:04.059		1.35398			4
2025.08.15	00:36:04.373	1.35242	1.35396			6
2025.08.15	00:36:09.383	1.35240	1.35398			6
2025.08.15	00:36:10.006	1.35242	1.35396			6
2025.08.15	00:36:10.618	1.35240	1.35393			6
2025.08.15	00:36:11.552		1.35387			4
2025.08.15	00:36:17.124		1.35393			4
2025.08.15	00:36:17.748		1.35398			4
2025.08.15	00:36:20.222		1.35393			4
2025.08.15	00:36:20.844		1.35395			4
2025.08.15	00:36:22.084		1.35396			4
2025.08.15	00:36:25.792		1.35398			4
2025.08.15	00:36:26.103		1.35396			4
2025.08.15	00:36:28.885		1.35398			4
2025.08.15	00:36:29.189		1.35396			4
2025.08.15	00:36:35.373	1.35241	1.35397			6
2025.08.15	00:36:40.295	1.35240				2
2025.08.15	00:36:42.762		1.35387			4
2025.08.15	00:36:48.324		1.35395			4
2025.08.15	00:36:56.359		1.35398			4
2025.08.15	00:36:56.661		1.35395			4
2025.08.15	00:37:00.059	1.35240				2
2025.08.15	00:37:14.267		1.35387			4
2025.08.15	00:37:20.121		1.35397			4
2025.08.15	00:37:25.061	1.35241	1.35396			6
2025.08.15	00:37:39.400		1.35394			4
2025.08.15	00:37:40.113	1.35242	1.35393			6
2025.08.15	00:37:43.832		1.35387			4
2025.08.15	00:37:49.696		1.35393			4
2025.08.15	00:37:55.474	1.35241	1.35398			6
2025.08.15	00:37:55.781	1.35244				2
2025.08.15	00:37:56.095	1.35245				2
2025.08.15	00:37:57.630	1.35243	1.35390			6
2025.08.15	00:38:02.987	1.35243				2
2025.08.15	00:38:09.087		1.35391			4
2025.08.15	00:38:09.442	1.35240	1.35387			6
2025.08.15	00:38:09.938		1.35379			4
2025.08.15	00:38:15.533		1.35385			4
2025.08.15	00:38:21.959	1.35243				2
2025.08.15	00:38:39.200		1.35379			4
2025.08.15	00:38:45.237	1.35245				2
2025.08.15	00:38:46.100	1.35244	1.35385			6
2025.08.15	00:38:52.187	1.35243				2
2025.08.15	00:39:00.216	1.35243				2
2025.08.15	00:39:09.471		1.35379			4
2025.08.15	00:39:15.033		1.35385			4
2025.08.15	00:39:23.336		1.35387			4
2025.08.15	00:39:29.490	1.35251	1.35392			6
2025.08.15	00:39:30.742	1.35252				2
2025.08.15	00:39:31.669	1.35251				2
2025.08.15	00:39:34.757		1.35383			4
2025.08.15	00:39:35.691		1.35346			4
2025.08.15	00:39:36.671	1.35256				2
2025.08.15	00:39:39.707	1.35260	1.35333			6
2025.08.15	00:39:41.531		1.35358			4
2025.08.15	00:39:49.441	1.35269	1.35355			6
2025.08.15	00:39:50.009		1.35353			4
2025.08.15	00:39:51.960	1.35262	1.35358			6
2025.08.15	00:39:52.272	1.35260				2
2025.08.15	00:39:53.791	1.35254	1.35357			6
2025.08.15	00:39:54.480	1.35255	1.35355			6
2025.08.15	00:40:00.293	1.35255				2
2025.08.15	00:40:00.908	1.35253				2
2025.08.15	00:40:03.026	1.35246				2
2025.08.15	00:40:05.763		1.35326			4
2025.08.15	00:40:06.731	1.35253				2
2025.08.15	00:40:10.073		1.35330			4
2025.08.15	00:40:12.208		1.35347			4
2025.08.15	00:40:38.165		1.35331			4
2025.08.15	00:40:43.680		1.35347			4
2025.08.15	00:40:57.415		1.35346			4
2025.08.15	00:40:59.547		1.35342			4
2025.08.15	00:41:00.160	1.35253				2
2025.08.15	00:41:00.463	1.35244				2
2025.08.15	00:41:01.220	1.35254				2
2025.08.15	00:41:05.804		1.35327			4
2025.08.15	00:41:11.912		1.35343			4
2025.08.15	00:41:15.569		1.35341			4
2025.08.15	00:41:19.255		1.35345			4
2025.08.15	00:41:19.560		1.35340			4
2025.08.15	00:41:20.183		1.35342			4
2025.08.15	00:41:20.496		1.35340			4
2025.08.15	00:41:29.442		1.35337			4
2025.08.15	00:41:29.743		1.35346			4
2025.08.15	00:41:30.051		1.35344			4
2025.08.15	00:41:30.360		1.35345			4
2025.08.15	00:41:30.673		1.35342			4
2025.08.15	00:41:30.978		1.35344			4
2025.08.15	00:41:34.077		1.35341			4
2025.08.15	00:41:34.998		1.35327			4
2025.08.15	00:41:40.587		1.35336			4
2025.08.15	00:41:42.438		1.35335			4
2025.08.15	00:41:46.717		1.35341			4
2025.08.15	00:41:47.029		1.35336			4
2025.08.15	00:41:52.315		1.35337			4
2025.08.15	00:41:53.553		1.35336			4
2025.08.15	00:41:53.863		1.35335			4
2025.08.15	00:42:00.018	1.35254				2
2025.08.15	00:42:02.777		1.35332			4
2025.08.15	00:42:03.093		1.35344			4
2025.08.15	00:42:03.402		1.35346			4
2025.08.15	00:42:05.559		1.35327			4
2025.08.15	00:42:11.760		1.35330			4
2025.08.15	00:42:15.779		1.35328			4
2025.08.15	00:42:16.087		1.35332			4
2025.08.15	00:42:22.277		1.35334			4
2025.08.15	00:42:22.590		1.35331			4
2025.08.15	00:42:23.208		1.35333			4
2025.08.15	00:42:29.730		1.35342			4
2025.08.15	00:42:30.042		1.35338			4
2025.08.15	00:42:34.064		1.35327			4
2025.08.15	00:42:39.005		1.35326			4
2025.08.15	00:42:41.179		1.35325			4
2025.08.15	00:42:44.271		1.35326			4
2025.08.15	00:42:45.512		1.35325			4
2025.08.15	00:42:47.052		1.35326			4
2025.08.15	00:42:47.359		1.35324			4
2025.08.15	00:42:47.672		1.35326			4
2025.08.15	00:42:48.906		1.35323			4
2025.08.15	00:42:49.213		1.35325			4
2025.08.15	00:42:56.025		1.35328			4
2025.08.15	00:42:56.334		1.35327			4
2025.08.15	00:42:56.644		1.35326			4
2025.08.15	00:42:57.261		1.35327			4
2025.08.15	00:42:57.572		1.35323			4
2025.08.15	00:43:00.050	1.35254				2
2025.08.15	00:43:01.587		1.35324			4
2025.08.15	00:43:01.897		1.35322			4
2025.08.15	00:43:12.152		1.35320			4
2025.08.15	00:43:14.626		1.35323			4
2025.08.15	00:43:14.934		1.35332			4
2025.08.15	00:43:15.242		1.35329			4
2025.08.15	00:43:15.867		1.35332			4
2025.08.15	00:43:25.471		1.35329			4
2025.08.15	00:43:25.785		1.35327			4
2025.08.15	00:43:27.949		1.35330			4
2025.08.15	00:43:28.886		1.35336			4
2025.08.15	00:43:31.986		1.35327			4
2025.08.15	00:43:38.497		1.35331			4
2025.08.15	00:43:38.808		1.35329			4
2025.08.15	00:43:49.953		1.35328			4
2025.08.15	00:43:50.881		1.35325			4
2025.08.15	00:44:00.180	1.35254				2
2025.08.15	00:44:00.496		1.35327			4
2025.08.15	00:44:06.073		1.35332			4
2025.08.15	00:44:10.403		1.35346			4
2025.08.15	00:44:11.965		1.35343			4
2025.08.15	00:44:23.737		1.35334			4
2025.08.15	00:44:26.218		1.35332			4
2025.08.15	00:44:31.485		1.35327			4
2025.08.15	00:44:36.760		1.35332			4
2025.08.15	00:44:38.923		1.35329			4
2025.08.15	00:44:39.540		1.35327			4
2025.08.15	00:45:00.278	1.35254	1.35325			6
2025.08.15	00:45:03.073		1.35327			4
2025.08.15	00:45:03.384		1.35346			4
2025.08.15	00:45:07.105		1.35325			4
2025.08.15	00:45:08.711		1.35324			4
2025.08.15	00:45:10.844	1.35270	1.35308			6
2025.08.15	00:45:13.241		1.35328			4
2025.08.15	00:45:14.496		1.35329			4
2025.08.15	00:45:18.825		1.35328			4
2025.08.15	00:45:32.160		1.35311			4
2025.08.15	00:45:38.334		1.35329			4
2025.08.15	00:45:48.571		1.35328			4
2025.08.15	00:45:56.626		1.35329			4
2025.08.15	00:45:59.726		1.35311			4
2025.08.15	00:46:00.035	1.35270				2
2025.08.15	00:46:00.964	1.35269				2
2025.08.15	00:46:05.308		1.35329			4
2025.08.15	00:46:12.116		1.35328			4
2025.08.15	00:46:12.417		1.35329			4
2025.08.15	00:46:12.731		1.35330			4
2025.08.15	00:46:14.285		1.35329			4
2025.08.15	00:46:15.530		1.35330			4
2025.08.15	00:46:15.840		1.35329			4
2025.08.15	00:46:27.293		1.35310			4
2025.08.15	00:46:33.181		1.35330			4
2025.08.15	00:46:54.530		1.35331			4
2025.08.15	00:46:54.835		1.35310			4
2025.08.15	00:47:00.105	1.35269				2
2025.08.15	00:47:01.333		1.35331			4
2025.08.15	00:47:21.766		1.35310			4
2025.08.15	00:47:27.634		1.35331			4
2025.08.15	00:47:31.343	1.35270				2
2025.08.15	00:47:34.445	1.35272				2
2025.08.15	00:47:55.480		1.35313			4
2025.08.15	00:47:58.561	1.35273				2
2025.08.15	00:48:00.108	1.35273				2
2025.08.15	00:48:00.721		1.35331			4
2025.08.15	00:48:01.030		1.35334			4
2025.08.15	00:48:14.305	1.35272				2
2025.08.15	00:48:27.635		1.35313			4
2025.08.15	00:48:33.511		1.35334			4
2025.08.15	00:48:50.169	1.35266				2
2025.08.15	00:48:52.330	1.35272				2
2025.08.15	00:48:52.644	1.35271				2
2025.08.15	00:49:00.070	1.35271				2
2025.08.15	00:49:01.314		1.35313			4
2025.08.15	00:49:07.180		1.35334			4
2025.08.15	00:49:33.784		1.35313			4
2025.08.15	00:49:39.650		1.35334			4
2025.08.15	00:50:00.011	1.35271				2
2025.08.15	00:50:03.721		1.35313			4
2025.08.15	00:50:10.515		1.35334			4
2025.08.15	00:50:33.354		1.35314			4
2025.08.15	00:50:33.658		1.35313			4
2025.08.15	00:50:34.285	1.35272				2
2025.08.15	00:50:38.598		1.35334			4
2025.08.15	00:51:00.209	1.35272				2
2025.08.15	00:51:06.393		1.35313			4
2025.08.15	00:51:13.505		1.35334			4
2025.08.15	00:51:31.391	1.35271				2
2025.08.15	00:51:35.425		1.35313			4
2025.08.15	00:51:40.692		1.35334			4
2025.08.15	00:52:00.147	1.35271				2
2025.08.15	00:52:08.484		1.35313			4
2025.08.15	00:52:14.352		1.35334			4
2025.08.15	00:52:27.327	1.35272				2
2025.08.15	00:52:37.529		1.35313			4
2025.08.15	00:52:44.018		1.35334			4
2025.08.15	00:52:48.337	1.35271				2
2025.08.15	00:53:00.079	1.35271				2
2025.08.15	00:53:01.005		1.35333			4
2025.08.15	00:53:10.279		1.35313			4
2025.08.15	00:53:15.510		1.35333			4
2025.08.15	00:53:27.552	1.35272				2
2025.08.15	00:53:37.138	1.35271				2
2025.08.15	00:53:39.290		1.35312			4
2025.08.15	00:53:45.793		1.35333			4
2025.08.15	00:53:56.340	1.35267				2
2025.08.15	00:54:00.046	1.35267				2
2025.08.15	00:54:07.463		1.35312			4
2025.08.15	00:54:14.251		1.35333			4
2025.08.15	00:54:15.188	1.35248	1.35338			6
2025.08.15	00:54:15.490	1.35247	1.35329			6
2025.08.15	00:54:15.799	1.35240				2
2025.08.15	00:54:16.420		1.35327			4
2025.08.15	00:54:16.722		1.35336			4
2025.08.15	00:54:19.797	1.35246	1.35324			6
2025.08.15	00:54:21.022		1.35322			4
2025.08.15	00:54:21.326		1.35321			4
2025.08.15	00:54:26.570		1.35322			4
2025.08.15	00:54:27.203	1.35253	1.35324			6
2025.08.15	00:54:28.436	1.35255	1.35325			6
2025.08.15	00:54:28.738	1.35262	1.35324			6
2025.08.15	00:54:32.154		1.35322			4
2025.08.15	00:54:32.457		1.35324			4
2025.08.15	00:54:37.394	1.35263				2
2025.08.15	00:54:39.551		1.35319			4
2025.08.15	00:54:40.163	1.35265				2
2025.08.15	00:54:45.413	1.35266				2
2025.08.15	00:54:46.343		1.35330			4
2025.08.15	00:54:55.611	1.35268	1.35329			6
2025.08.15	00:55:00.249	1.35268				2
2025.08.15	00:55:02.728	1.35263	1.35330			6
2025.08.15	00:55:12.645	1.35265	1.35324			6
2025.08.15	00:55:14.190		1.35320			4
2025.08.15	00:55:15.126	1.35262				2
2025.08.15	00:55:19.764		1.35328			4
2025.08.15	00:55:24.715		1.35322			4
2025.08.15	00:55:25.016		1.35324			4
2025.08.15	00:55:25.336		1.35319			4
2025.08.15	00:55:30.278		1.35321			4
2025.08.15	00:55:30.907		1.35327			4
2025.08.15	00:55:32.765		1.35323			4
2025.08.15	00:55:39.829		1.35315			4
2025.08.15	00:55:40.134		1.35317			4
2025.08.15	00:55:41.683		1.35319			4
2025.08.15	00:55:41.984		1.35316			4
2025.08.15	00:55:44.144		1.35319			4
2025.08.15	00:55:45.678		1.35316			4
2025.08.15	00:55:48.146		1.35314			4
2025.08.15	00:55:53.680		1.35315			4
2025.08.15	00:55:54.916		1.35322			4
2025.08.15	00:55:58.591		1.35318			4
2025.08.15	00:55:59.206		1.35315			4
2025.08.15	00:55:59.819		1.35319			4
2025.08.15	00:56:00.126	1.35262	1.35317			6
2025.08.15	00:56:00.739		1.35315			4
2025.08.15	00:56:01.351		1.35319			4
2025.08.15	00:56:02.886		1.35321			4
2025.08.15	00:56:06.595		1.35318			4
2025.08.15	00:56:09.967		1.35316			4
2025.08.15	00:56:10.891		1.35318			4
2025.08.15	00:56:14.573		1.35321			4
2025.08.15	00:56:17.647		1.35320			4
2025.08.15	00:56:21.952		1.35319			4
2025.08.15	00:56:26.259		1.35322			4
2025.08.15	00:56:27.793		1.35324			4
2025.08.15	00:56:28.104		1.35322			4
2025.08.15	00:56:31.792		1.35320			4
2025.08.15	00:56:32.101		1.35322			4
2025.08.15	00:56:32.404		1.35319			4
2025.08.15	00:56:36.711		1.35327			4
2025.08.15	00:56:38.550		1.35320			4
2025.08.15	00:56:39.481		1.35323			4
2025.08.15	00:56:42.863		1.35326			4
2025.08.15	00:56:45.633	1.35263	1.35323			6
2025.08.15	00:56:46.558		1.35321			4
2025.08.15	00:56:46.866		1.35320			4
2025.08.15	00:56:48.092		1.35319			4
2025.08.15	00:56:50.875		1.35316			4
2025.08.15	00:56:51.185	1.35262	1.35320			6
2025.08.15	00:56:51.498	1.35263				2
2025.08.15	00:56:52.119		1.35321			4
2025.08.15	00:56:54.284	1.35262	1.35319			6
2025.08.15	00:56:57.368		1.35316			4
2025.08.15	00:56:58.918		1.35323			4
2025.08.15	00:56:59.227		1.35321			4
2025.08.15	00:57:00.154	1.35262				2
2025.08.15	00:57:02.626		1.35319			4
2025.08.15	00:57:05.714		1.35315			4
2025.08.15	00:57:06.946		1.35313			4
2025.08.15	00:57:08.172		1.35320			4
2025.08.15	00:57:08.800		1.35318			4
2025.08.15	00:57:12.812	1.35263	1.35322			6
2025.08.15	00:57:14.047		1.35320			4
2025.08.15	00:57:14.362	1.35262				2
2025.08.15	00:57:18.382		1.35317			4
2025.08.15	00:57:19.314		1.35315			4
2025.08.15	00:57:20.540		1.35317			4
2025.08.15	00:57:20.860		1.35315			4
2025.08.15	00:57:26.135		1.35322			4
2025.08.15	00:57:36.357		1.35324			4
2025.08.15	00:57:38.519		1.35320			4
2025.08.15	00:57:38.832		1.35317			4
2025.08.15	00:57:39.134		1.35320			4
2025.08.15	00:57:40.064		1.35313			4
2025.08.15	00:57:41.924		1.35310			4
2025.08.15	00:57:44.398		1.35323			4
2025.08.15	00:57:44.705		1.35318			4
2025.08.15	00:57:45.637		1.35315			4
2025.08.15	00:57:47.804		1.35317			4
2025.08.15	00:57:49.032		1.35315			4
2025.08.15	00:57:53.675		1.35317			4
2025.08.15	00:57:54.907		1.35322			4
2025.08.15	00:57:55.529		1.35318			4
2025.08.15	00:57:55.836		1.35315			4
2025.08.15	00:57:57.070		1.35322			4
2025.08.15	00:57:59.861		1.35324			4
2025.08.15	00:58:00.162	1.35262				2
2025.08.15	00:58:03.555		1.35321			4
2025.08.15	00:58:04.486		1.35315			4
2025.08.15	00:58:05.725		1.35317			4
2025.08.15	00:58:07.277		1.35323			4
2025.08.15	00:58:11.281		1.35317			4
2025.08.15	00:58:12.207		1.35322			4
2025.08.15	00:58:18.374		1.35321			4
2025.08.15	00:58:24.871		1.35325			4
2025.08.15	00:58:31.663		1.35329			4
2025.08.15	00:58:31.965		1.35331			4
2025.08.15	00:58:40.305		1.35333			4
2025.08.15	00:58:54.197	1.35266	1.35334			6
2025.08.15	00:59:00.061	1.35266				2
2025.08.15	00:59:04.079	1.35270	1.35330			6
2025.08.15	00:59:17.992	1.35271				2
2025.08.15	00:59:48.278	1.35272				2
2025.08.15	01:00:00.037	1.35272				2
2025.08.15	01:00:00.346	1.35274	1.35332			6
2025.08.15	01:00:00.677	1.35261	1.35321			6
2025.08.15	01:00:00.979	1.35274	1.35316			6
2025.08.15	01:00:01.285		1.35315			4
2025.08.15	01:00:01.591	1.35238	1.35323			6
2025.08.15	01:00:01.900	1.35230	1.35324			6
2025.08.15	01:00:02.214	1.35237				2
2025.08.15	01:00:02.531	1.35242				2
2025.08.15	01:00:02.840	1.35234	1.35319			6
2025.08.15	01:00:03.144	1.35257	1.35307			6
2025.08.15	01:00:03.463	1.35220	1.35329			6
2025.08.15	01:00:04.696	1.35222				2
2025.08.15	01:00:05.012	1.35228	1.35328			6
2025.08.15	01:00:05.319	1.35231				2
2025.08.15	01:00:05.625	1.35228	1.35329			6
2025.08.15	01:00:06.247	1.35232	1.35327			6
2025.08.15	01:00:06.859	1.35229				2
2025.08.15	01:00:07.173	1.35265	1.35292			6
2025.08.15	01:00:07.479	1.35255				2
2025.08.15	01:00:08.086	1.35257				2
2025.08.15	01:00:09.019	1.35254	1.35299			6
2025.08.15	01:00:09.637	1.35255	1.35292			6
2025.08.15	01:00:10.241	1.35257	1.35288			6
2025.08.15	01:00:10.548	1.35258				2
2025.08.15	01:00:10.856	1.35255				2
2025.08.15	01:00:11.167	1.35256				2
2025.08.15	01:00:11.785	1.35257				2
2025.08.15	01:00:13.016	1.35256	1.35289			6
2025.08.15	01:00:13.324	1.35255	1.35288			6
2025.08.15	01:00:13.939	1.35256				2
2025.08.15	01:00:14.246	1.35261	1.35289			6
2025.08.15	01:00:14.857		1.35288			4
2025.08.15	01:00:15.158		1.35289			4
2025.08.15	01:00:16.067	1.35272	1.35295			6
2025.08.15	01:00:16.369	1.35252	1.35294			6
2025.08.15	01:00:16.673	1.35266	1.35289			6
2025.08.15	01:00:17.299	1.35255	1.35290			6
2025.08.15	01:00:17.600	1.35265	1.35288			6
2025.08.15	01:00:17.904	1.35264	1.35287			6
2025.08.15	01:00:18.205	1.35263	1.35288			6
2025.08.15	01:00:18.512	1.35265	1.35290			6
2025.08.15	01:00:18.819	1.35267				2
2025.08.15	01:00:19.125	1.35253	1.35295			6
2025.08.15	01:00:19.427	1.35262	1.35287			6
2025.08.15	01:00:19.731	1.35263	1.35286			6
2025.08.15	01:00:20.646	1.35254	1.35294			6
2025.08.15	01:00:20.949	1.35264	1.35289			6
2025.08.15	01:00:21.250	1.35263	1.35288			6
2025.08.15	01:00:22.166	1.35271	1.35298			6
2025.08.15	01:00:22.474	1.35259	1.35308			6
2025.08.15	01:00:22.779		1.35305			4
2025.08.15	01:00:23.085		1.35306			4
2025.08.15	01:00:24.314		1.35308			4
2025.08.15	01:00:26.166	1.35286	1.35296			6
2025.08.15	01:00:26.474		1.35295			4
2025.08.15	01:00:26.778	1.35287	1.35296			6
2025.08.15	01:00:27.083	1.35286	1.35295			6
2025.08.15	01:00:27.384	1.35279	1.35293			6
2025.08.15	01:00:37.571	1.35276	1.35286			6
2025.08.15	01:00:45.521	1.35277				2
2025.08.15	01:00:47.058	1.35276				2
2025.08.15	01:00:52.280	1.35277	1.35287			6
2025.08.15	01:00:52.884		1.35286			4
2025.08.15	01:00:53.192	1.35276				2
2025.08.15	01:01:00.230	1.35276				2
2025.08.15	01:01:03.011	1.35275	1.35288			6
2025.08.15	01:01:03.622	1.35287	1.35293			6
2025.08.15	01:01:03.923	1.35288	1.35298			6
2025.08.15	01:01:04.224	1.35287				2
2025.08.15	01:01:04.850	1.35288	1.35304			6
2025.08.15	01:01:05.163	1.35289	1.35306			6
2025.08.15	01:01:05.464	1.35288				2
2025.08.15	01:01:06.385	1.35289				2
2025.08.15	01:01:07.920	1.35288				2
2025.08.15	01:01:08.841	1.35292				2
2025.08.15	01:01:09.149	1.35290	1.35307			6
2025.08.15	01:01:11.604	1.35288	1.35306			6
2025.08.15	01:01:15.885	1.35293	1.35296			6
2025.08.15	01:01:16.188	1.35288	1.35306			6
2025.08.15	01:01:18.646	1.35296	1.35314			6
2025.08.15	01:01:18.949		1.35315			4
2025.08.15	01:01:28.409	1.35298				2
2025.08.15	01:01:32.085	1.35297				2
2025.08.15	01:01:32.394	1.35298				2
2025.08.15	01:01:34.854	1.35296	1.35311			6
2025.08.15	01:01:35.466		1.35299			4
2025.08.15	01:01:41.881	1.35297	1.35300			6
2025.08.15	01:01:44.326	1.35298	1.35301			6
2025.08.15	01:01:45.569	1.35293	1.35309			6
2025.08.15	01:01:48.620	1.35294				2
2025.08.15	01:01:51.987		1.35297			4
2025.08.15	01:01:52.601		1.35309			4
2025.08.15	01:01:55.659		1.35308			4
2025.08.15	01:02:00.270	1.35294				2
2025.08.15	01:02:00.878	1.35295	1.35298			6
2025.08.15	01:02:03.644	1.35296	1.35299			6
2025.08.15	01:02:19.533	1.35297	1.35300			6
2025.08.15	01:02:21.993	1.35296	1.35299			6
2025.08.15	01:02:27.805	1.35297	1.35300			6
2025.08.15	01:02:44.647	1.35296	1.35299			6
2025.08.15	01:02:44.957	1.35297	1.35300			6
2025.08.15	01:02:45.266	1.35296	1.35299			6
2025.08.15	01:02:48.943	1.35298				2
2025.08.15	01:02:49.246	1.35299	1.35302			6
2025.08.15	01:02:50.760	1.35298	1.35300			6
2025.08.15	01:02:52.275		1.35299			4
2025.08.15	01:02:52.579		1.35300			4
2025.08.15	01:02:54.416	1.35295	1.35297			6
2025.08.15	01:02:54.721		1.35298			4
2025.08.15	01:02:55.635	1.35296	1.35299			6
2025.08.15	01:02:56.243	1.35297	1.35300			6
2025.08.15	01:02:56.543	1.35296	1.35299			6
2025.08.15	01:02:57.753		1.35298			4
2025.08.15	01:02:59.609	1.35295				2
2025.08.15	01:03:00.216	1.35295				2
2025.08.15	01:03:03.577	1.35296	1.35299			6
2025.08.15	01:03:03.885	1.35295	1.35298			6
2025.08.15	01:03:10.312	1.35296	1.35299			6
2025.08.15	01:03:11.229	1.35295	1.35298			6
2025.08.15	01:03:12.775	1.35296	1.35299			6
2025.08.15	01:03:19.195	1.35295	1.35298			6
2025.08.15	01:03:21.331	1.35296	1.35299			6
2025.08.15	01:03:22.562	1.35295	1.35298			6
2025.08.15	01:03:45.829	1.35294	1.35297			6
2025.08.15	01:03:46.131	1.35295	1.35298			6
2025.08.15	01:03:50.105	1.35296	1.35299			6
2025.08.15	01:03:54.117	1.35295	1.35298			6
2025.08.15	01:03:54.420	1.35296	1.35299			6
2025.08.15	01:03:56.868	1.35295	1.35298			6
2025.08.15	01:04:00.257	1.35295				2
2025.08.15	01:04:02.102	1.35296	1.35299			6
2025.08.15	01:04:03.325	1.35294	1.35297			6
2025.08.15	01:04:13.760		1.35296			4
2025.08.15	01:04:14.373		1.35297			4
2025.08.15	01:04:14.680	1.35293	1.35296			6
2025.08.15	01:04:19.893	1.35294	1.35295			6
2025.08.15	01:04:21.103		1.35296			4
2025.08.15	01:04:23.253		1.35297			4
2025.08.15	01:04:25.701		1.35296			4
2025.08.15	01:04:28.159		1.35297			4
2025.08.15	01:04:29.369		1.35296			4
2025.08.15	01:04:29.671	1.35300	1.35301			6
2025.08.15	01:05:00.275	1.35302	1.35303			6
2025.08.15	01:05:00.582	1.35308	1.35310			6
2025.08.15	01:05:02.724		1.35309			4
2025.08.15	01:05:04.560		1.35310			4
2025.08.15	01:05:11.295		1.35309			4
2025.08.15	01:05:14.040		1.35310			4
2025.08.15	01:05:20.772		1.35311			4
2025.08.15	01:05:21.073		1.35310			4
2025.08.15	01:05:31.174		1.35309			4
2025.08.15	01:05:31.791	1.35309	1.35310			6
2025.08.15	01:05:56.254	1.35308	1.35309			6
2025.08.15	01:05:56.557	1.35309	1.35310			6
2025.08.15	01:05:57.472	1.35308	1.35309			6
2025.08.15	01:05:59.312	1.35309	1.35310			6
2025.08.15	01:05:59.927	1.35308	1.35309			6
2025.08.15	01:06:00.229	1.35308				2
2025.08.15	01:06:00.532	1.35309	1.35310			6
2025.08.15	01:06:04.565	1.35313	1.35316			6
2025.08.15	01:06:07.369	1.35314	1.35317			6
2025.08.15	01:06:08.296	1.35313	1.35316			6
2025.08.15	01:06:09.545	1.35314	1.35317			6
2025.08.15	01:06:12.347	1.35316	1.35319			6
2025.08.15	01:06:12.656	1.35317	1.35320			6
2025.08.15	01:06:17.003	1.35313	1.35316			6
2025.08.15	01:07:00.058	1.35313				2
2025.08.15	01:07:01.918	1.35314	1.35317			6
2025.08.15	01:07:05.025	1.35316	1.35319			6
2025.08.15	01:07:07.183	1.35317	1.35320			6
2025.08.15	01:07:09.352	1.35316	1.35319			6
2025.08.15	01:07:22.963	1.35318	1.35321			6
2025.08.15	01:07:23.265	1.35320	1.35323			6
2025.08.15	01:07:27.593	1.35322	1.35325			6
2025.08.15	01:07:28.837	1.35323	1.35326			6
2025.08.15	01:07:31.640	1.35322	1.35325			6
2025.08.15	01:07:37.539	1.35326	1.35329			6
2025.08.15	01:07:45.289	1.35325	1.35328			6
2025.08.15	01:07:45.599	1.35326	1.35329			6
2025.08.15	01:07:52.742	1.35327	1.35330			6
2025.08.15	01:08:00.178	1.35327				2
2025.08.15	01:08:01.740	1.35326	1.35329			6
2025.08.15	01:08:25.230	1.35323	1.35326			6
2025.08.15	01:08:26.470	1.35320	1.35323			6
2025.08.15	01:08:45.613	1.35322	1.35325			6
2025.08.15	01:08:45.928	1.35323	1.35326			6
2025.08.15	01:08:46.543	1.35324	1.35327			6
2025.08.15	01:09:00.271	1.35324				2
2025.08.15	01:09:02.122	1.35323	1.35326			6
2025.08.15	01:09:04.279	1.35316	1.35319			6
2025.08.15	01:09:10.442		1.35317			4
2025.08.15	01:09:14.755	1.35314				2
2025.08.15	01:09:32.356	1.35309	1.35312			6
2025.08.15	01:09:37.285	1.35311	1.35314			6
2025.08.15	01:09:37.908		1.35313			4
2025.08.15	01:09:38.527	1.35312	1.35315			6
2025.08.15	01:09:39.450	1.35313	1.35316			6
2025.08.15	01:09:49.290	1.35314	1.35317			6
2025.08.15	01:09:49.606	1.35312	1.35315			6
2025.08.15	01:09:52.387	1.35313	1.35316			6
2025.08.15	01:09:55.466	1.35314	1.35317			6
2025.08.15	01:10:00.120	1.35314				2
2025.08.15	01:10:00.426	1.35322	1.35325			6
2025.08.15	01:10:00.746	1.35318	1.35321			6
2025.08.15	01:10:01.372	1.35317	1.35320			6
2025.08.15	01:10:06.329	1.35318	1.35321			6
2025.08.15	01:10:07.567	1.35317	1.35320			6
2025.08.15	01:10:10.686	1.35319	1.35321			6
2025.08.15	01:10:10.996	1.35317	1.35320			6
2025.08.15	01:10:11.922	1.35315	1.35317			6
2025.08.15	01:10:12.246	1.35317	1.35320			6
2025.08.15	01:10:12.551	1.35318	1.35321			6
2025.08.15	01:10:18.138	1.35317	1.35318			6
2025.08.15	01:10:18.441	1.35313	1.35316			6
2025.08.15	01:10:18.761	1.35314	1.35317			6
2025.08.15	01:10:21.245	1.35313	1.35316			6
2025.08.15	01:10:29.945	1.35311	1.35314			6
2025.08.15	01:10:30.883	1.35313	1.35316			6
2025.08.15	01:10:43.294	1.35314	1.35317			6
2025.08.15	01:10:47.296	1.35310	1.35311			6
2025.08.15	01:10:47.600	1.35305	1.35308			6
2025.08.15	01:10:52.235		1.35307			4
2025.08.15	01:10:52.543	1.35303	1.35306			6
2025.08.15	01:10:53.506	1.35304	1.35307			6
2025.08.15	01:10:59.674	1.35303	1.35306			6
2025.08.15	01:11:00.289	1.35303				2
2025.08.15	01:11:03.387	1.35302	1.35305			6
2025.08.15	01:11:04.313	1.35303	1.35306			6
2025.08.15	01:11:04.630	1.35302	1.35305			6
2025.08.15	01:11:06.811	1.35303	1.35306			6
2025.08.15	01:11:14.578	1.35302	1.35305			6
2025.08.15	01:11:20.441	1.35301	1.35304			6
2025.08.15	01:11:20.744	1.35302	1.35305			6
2025.08.15	01:11:21.986	1.35303	1.35306			6
2025.08.15	01:11:22.598	1.35302	1.35305			6
2025.08.15	01:11:24.463	1.35303	1.35306			6
2025.08.15	01:11:24.772	1.35302	1.35305			6
2025.08.15	01:11:25.703	1.35304	1.35307			6
2025.08.15	01:11:26.006	1.35305	1.35308			6
2025.08.15	01:11:26.919	1.35304	1.35307			6
2025.08.15	01:11:27.235	1.35305	1.35308			6
2025.08.15	01:11:29.386	1.35304	1.35307			6
2025.08.15	01:11:30.629	1.35305	1.35308			6
2025.08.15	01:11:30.938	1.35304	1.35307			6
2025.08.15	01:11:31.247	1.35303	1.35306			6
2025.08.15	01:11:31.871	1.35304	1.35307			6
2025.08.15	01:11:34.344	1.35303	1.35306			6
2025.08.15	01:11:38.985	1.35304	1.35307			6
2025.08.15	01:11:39.916	1.35303	1.35306			6
2025.08.15	01:11:42.415	1.35302	1.35305			6
2025.08.15	01:11:46.765	1.35303	1.35306			6
2025.08.15	01:11:48.306	1.35302	1.35305			6
2025.08.15	01:11:53.278	1.35299	1.35302			6
2025.08.15	01:11:53.586	1.35303	1.35306			6
2025.08.15	01:12:00.077	1.35303				2
2025.08.15	01:12:00.707	1.35302	1.35305			6
2025.08.15	01:12:16.440	1.35301	1.35304			6
2025.08.15	01:12:43.742	1.35303	1.35306			6
2025.08.15	01:12:44.366	1.35299	1.35302			6
2025.08.15	01:12:44.684	1.35303	1.35306			6
2025.08.15	01:12:45.923	1.35302	1.35305			6
2025.08.15	01:12:58.650	1.35299	1.35302			6
2025.08.15	01:12:59.582	1.35300	1.35303			6
2025.08.15	01:13:00.203	1.35300				2
2025.08.15	01:13:01.750	1.35303	1.35306			6
2025.08.15	01:13:03.911	1.35304	1.35307			6
2025.08.15	01:13:13.525	1.35300	1.35301			6
2025.08.15	01:13:13.829	1.35299	1.35300			6
2025.08.15	01:13:14.135	1.35298				2
2025.08.15	01:13:15.064	1.35297				2
2025.08.15	01:13:20.640	1.35298	1.35301			6
2025.08.15	01:13:32.279	1.35299	1.35302			6
2025.08.15	01:13:37.227	1.35294	1.35297			6
2025.08.15	01:13:37.533	1.35295	1.35298			6
2025.08.15	01:13:49.855	1.35293	1.35296			6
2025.08.15	01:13:50.165	1.35296	1.35299			6
2025.08.15	01:13:50.470	1.35295	1.35298			6
2025.08.15	01:13:50.777	1.35296	1.35299			6
2025.08.15	01:13:55.709	1.35297	1.35300			6
2025.08.15	01:13:57.558	1.35299	1.35302			6
2025.08.15	01:14:00.036	1.35299				2
2025.08.15	01:14:00.647	1.35302	1.35305			6
2025.08.15	01:14:01.272	1.35301	1.35304			6
2025.08.15	01:14:05.618	1.35302	1.35305			6
2025.08.15	01:14:20.480	1.35304	1.35307			6
2025.08.15	01:14:20.792	1.35302	1.35305			6
2025.08.15	01:15:00.199	1.35302				2
2025.08.15	01:15:14.134	1.35301	1.35304			6
2025.08.15	01:15:17.863	1.35298	1.35301			6
2025.08.15	01:15:18.178	1.35301	1.35304			6
2025.08.15	01:15:19.402	1.35299	1.35302			6
2025.08.15	01:15:19.721	1.35292	1.35295			6
2025.08.15	01:15:20.024	1.35288	1.35291			6
2025.08.15	01:15:20.644	1.35287	1.35290			6
2025.08.15	01:15:21.881	1.35288	1.35291			6
2025.08.15	01:15:22.504	1.35287	1.35290			6
2025.08.15	01:15:23.757	1.35288	1.35291			6
2025.08.15	01:15:24.693	1.35287	1.35290			6
2025.08.15	01:15:26.538	1.35286	1.35289			6
2025.08.15	01:15:26.843	1.35287	1.35290			6
2025.08.15	01:15:28.091	1.35288	1.35291			6
2025.08.15	01:15:29.031	1.35287	1.35290			6
2025.08.15	01:15:29.647	1.35288	1.35291			6
2025.08.15	01:15:30.271	1.35287	1.35290			6
2025.08.15	01:15:37.059	1.35288	1.35291			6
2025.08.15	01:15:37.365	1.35287	1.35290			6
2025.08.15	01:15:42.615	1.35288	1.35291			6
2025.08.15	01:15:43.558	1.35285	1.35288			6
2025.08.15	01:15:43.863	1.35288	1.35291			6
2025.08.15	01:16:00.247	1.35288				2
2025.08.15	01:16:32.143	1.35289	1.35292			6
2025.08.15	01:16:44.205	1.35288	1.35291			6
2025.08.15	01:16:46.060	1.35289	1.35292			6
2025.08.15	01:16:47.296	1.35288	1.35291			6
2025.08.15	01:16:48.528	1.35289	1.35292			6
2025.08.15	01:16:48.843	1.35288	1.35291			6
2025.08.15	01:16:50.690	1.35289	1.35292			6
2025.08.15	01:16:51.309	1.35288	1.35291			6
2025.08.15	01:16:58.441	1.35290	1.35293			6
2025.08.15	01:16:59.370	1.35291	1.35294			6
2025.08.15	01:17:00.294	1.35291				2
2025.08.15	01:17:00.608	1.35290	1.35293			6
2025.08.15	01:17:01.227	1.35294	1.35297			6
2025.08.15	01:17:01.533	1.35295	1.35298			6
2025.08.15	01:17:03.703	1.35299	1.35300			6
2025.08.15	01:17:04.015	1.35295	1.35298			6
2025.08.15	01:17:07.117	1.35294	1.35297			6
2025.08.15	01:17:10.520	1.35295	1.35298			6
2025.08.15	01:17:15.455	1.35294	1.35297			6
2025.08.15	01:17:21.301	1.35295	1.35298			6
2025.08.15	01:17:26.225	1.35293	1.35296			6
2025.08.15	01:17:26.526	1.35294	1.35297			6
2025.08.15	01:17:29.012	1.35289	1.35292			6
2025.08.15	01:17:29.321	1.35294	1.35297			6
2025.08.15	01:17:45.458	1.35293	1.35296			6
2025.08.15	01:17:50.104	1.35294	1.35297			6
2025.08.15	01:17:51.651	1.35293	1.35296			6
2025.08.15	01:17:56.295	1.35294	1.35297			6
2025.08.15	01:18:00.018	1.35294				2
2025.08.15	01:18:01.248	1.35293	1.35296			6
2025.08.15	01:18:03.407	1.35294	1.35297			6
2025.08.15	01:18:05.587	1.35293	1.35296			6
2025.08.15	01:18:15.498	1.35294	1.35297			6
2025.08.15	01:18:17.044	1.35293	1.35296			6
2025.08.15	01:18:20.455	1.35294	1.35297			6
2025.08.15	01:18:21.073	1.35293	1.35296			6
2025.08.15	01:18:22.004	1.35294	1.35297			6
2025.08.15	01:18:30.064	1.35295	1.35298			6
2025.08.15	01:18:31.298	1.35296	1.35299			6
2025.08.15	01:18:32.535	1.35295	1.35298			6
2025.08.15	01:18:35.635	1.35294	1.35297			6
2025.08.15	01:18:42.449	1.35297	1.35300			6
2025.08.15	01:18:47.729	1.35295	1.35298			6
2025.08.15	01:18:59.200	1.35294	1.35297			6
2025.08.15	01:18:59.502	1.35295	1.35298			6
2025.08.15	01:19:00.128	1.35295				2
2025.08.15	01:19:00.746	1.35294	1.35297			6
2025.08.15	01:19:06.651	1.35298	1.35301			6
2025.08.15	01:19:06.966	1.35294	1.35297			6
2025.08.15	01:19:24.340	1.35290	1.35293			6
2025.08.15	01:19:24.656	1.35294	1.35297			6
2025.08.15	01:19:27.135	1.35295				2
2025.08.15	01:19:27.442	1.35296	1.35299			6
2025.08.15	01:19:41.101	1.35297	1.35300			6
2025.08.15	01:19:41.418	1.35295	1.35298			6
2025.08.15	01:19:59.097	1.35296	1.35299			6
2025.08.15	01:19:59.414	1.35297	1.35300			6
2025.08.15	01:20:00.025	1.35297				2
2025.08.15	01:20:27.325		1.35299			4
2025.08.15	01:20:42.245		1.35300			4
2025.08.15	01:21:00.298	1.35296	1.35297			6
2025.08.15	01:21:00.604	1.35297	1.35300			6
2025.08.15	01:21:01.229	1.35300	1.35303			6
2025.08.15	01:21:09.911	1.35303	1.35304			6
2025.08.15	01:21:10.217	1.35299	1.35302			6
2025.08.15	01:21:14.888	1.35300	1.35303			6
2025.08.15	01:21:47.580	1.35301	1.35304			6
2025.08.15	01:21:57.500	1.35302	1.35305			6
2025.08.15	01:21:57.814	1.35301	1.35304			6
2025.08.15	01:22:00.285	1.35301				2
2025.08.15	01:22:01.845	1.35296	1.35299			6
2025.08.15	01:22:02.149	1.35293	1.35296			6
2025.08.15	01:22:03.073	1.35292	1.35295			6
2025.08.15	01:22:07.722	1.35293	1.35296			6
2025.08.15	01:22:10.201	1.35294	1.35297			6
2025.08.15	01:22:11.756	1.35293	1.35296			6
2025.08.15	01:22:15.166	1.35294	1.35297			6
2025.08.15	01:22:16.093	1.35293	1.35296			6
2025.08.15	01:22:16.398	1.35294	1.35297			6
2025.08.15	01:22:19.163	1.35293	1.35296			6
2025.08.15	01:22:20.384	1.35291	1.35294			6
2025.08.15	01:22:20.693	1.35293	1.35296			6
2025.08.15	01:22:22.530	1.35294	1.35297			6
2025.08.15	01:22:22.835	1.35293	1.35296			6
2025.08.15	01:22:26.852	1.35294	1.35297			6
2025.08.15	01:22:41.642	1.35292	1.35295			6
2025.08.15	01:22:41.946	1.35293	1.35296			6
2025.08.15	01:22:46.287	1.35294	1.35297			6
2025.08.15	01:22:49.696	1.35293	1.35296			6
2025.08.15	01:22:54.042	1.35292	1.35295			6
2025.08.15	01:22:54.656	1.35293	1.35296			6
2025.08.15	01:22:59.318	1.35294	1.35297			6
2025.08.15	01:23:00.247	1.35294				2
2025.08.15	01:23:01.176	1.35293	1.35296			6
2025.08.15	01:23:03.979	1.35295	1.35298			6
2025.08.15	01:23:05.228	1.35294	1.35297			6
2025.08.15	01:23:21.271	1.35295	1.35298			6
2025.08.15	01:23:22.830	1.35294	1.35297			6
2025.08.15	01:23:29.016	1.35295	1.35298			6
2025.08.15	01:23:30.875	1.35294	1.35297			6
2025.08.15	01:23:32.427	1.35299	1.35301			6
2025.08.15	01:23:32.737	1.35294	1.35297			6
2025.08.15	01:24:00.215	1.35294				2
2025.08.15	01:24:07.613	1.35292	1.35295			6
2025.08.15	01:24:07.918	1.35294	1.35297			6
2025.08.15	01:24:45.779	1.35297	1.35300			6
2025.08.15	01:24:55.624	1.35301	1.35304			6
2025.08.15	01:24:55.934	1.35297	1.35300			6
2025.08.15	01:25:00.238	1.35297				2
2025.08.15	01:25:01.153	1.35300	1.35303			6
2025.08.15	01:25:14.682	1.35301	1.35304			6
2025.08.15	01:26:00.267	1.35301				2
2025.08.15	01:26:01.504	1.35300	1.35303			6
2025.08.15	01:26:01.820	1.35302	1.35304			6
2025.08.15	01:26:02.446	1.35301				2
2025.08.15	01:26:02.754	1.35299	1.35302			6
2025.08.15	01:26:32.641	1.35297	1.35299			6
2025.08.15	01:26:33.266	1.35298	1.35301			6
2025.08.15	01:26:35.139	1.35299	1.35302			6
2025.08.15	01:26:35.441	1.35298	1.35301			6
2025.08.15	01:26:36.369	1.35296	1.35298			6
2025.08.15	01:26:36.678	1.35298	1.35301			6
2025.08.15	01:27:00.172	1.35298				2
2025.08.15	01:27:03.593	1.35299	1.35302			6
2025.08.15	01:27:03.902	1.35298	1.35301			6
2025.08.15	01:27:04.521	1.35299	1.35302			6
2025.08.15	01:27:43.937	1.35298	1.35301			6
2025.08.15	01:27:44.239	1.35294	1.35297			6
2025.08.15	01:27:54.751	1.35296	1.35299			6
2025.08.15	01:27:58.794	1.35297	1.35300			6
2025.08.15	01:28:00.023	1.35297				2
2025.08.15	01:28:00.653	1.35296	1.35299			6
2025.08.15	01:28:00.957	1.35297	1.35300			6
2025.08.15	01:28:02.811	1.35296	1.35299			6
2025.08.15	01:28:03.119	1.35297	1.35300			6
2025.08.15	01:28:03.731	1.35296	1.35299			6
2025.08.15	01:28:06.816	1.35297	1.35300			6
2025.08.15	01:28:12.040	1.35296	1.35299			6
2025.08.15	01:28:13.883	1.35298	1.35301			6
2025.08.15	01:28:14.196	1.35296	1.35299			6
2025.08.15	01:28:15.114	1.35297	1.35300			6
2025.08.15	01:28:16.037	1.35296	1.35299			6
2025.08.15	01:28:23.437	1.35297	1.35300			6
2025.08.15	01:28:31.492	1.35296	1.35299			6
2025.08.15	01:28:35.954	1.35298	1.35301			6
2025.08.15	01:29:00.169	1.35298				2
2025.08.15	01:29:13.190	1.35299	1.35302			6
2025.08.15	01:29:15.367	1.35298	1.35301			6
2025.08.15	01:29:53.087	1.35294	1.35297			6
2025.08.15	01:29:57.114	1.35293	1.35296			6
2025.08.15	01:30:00.202	1.35293				2
2025.08.15	01:30:00.814	1.35294	1.35297			6
2025.08.15	01:30:01.432	1.35293	1.35296			6
2025.08.15	01:30:01.739	1.35294	1.35297			6
2025.08.15	01:30:03.291	1.35293	1.35296			6
2025.08.15	01:30:06.072	1.35294	1.35297			6
2025.08.15	01:30:23.693	1.35295	1.35298			6
2025.08.15	01:30:25.252	1.35294	1.35297			6
2025.08.15	01:30:35.580	1.35299	1.35302			6
2025.08.15	01:30:45.839	1.35297	1.35298			6
2025.08.15	01:30:46.153	1.35299	1.35302			6
2025.08.15	01:31:00.126	1.35299				2
2025.08.15	01:31:00.746	1.35297	1.35300			6
2025.08.15	01:31:01.982	1.35298	1.35301			6
2025.08.15	01:31:12.467	1.35299	1.35302			6
2025.08.15	01:31:35.931	1.35296	1.35299			6
2025.08.15	01:31:36.866	1.35295	1.35298			6
2025.08.15	01:31:37.184	1.35296	1.35299			6
2025.08.15	01:31:51.656	1.35295	1.35296			6
2025.08.15	01:31:51.964	1.35296	1.35299			6
2025.08.15	01:32:00.256	1.35296				2
2025.08.15	01:32:02.709	1.35297	1.35300			6
2025.08.15	01:32:10.718	1.35300	1.35302			6
2025.08.15	01:32:11.024	1.35297	1.35300			6
2025.08.15	01:32:37.170		1.35299			4
2025.08.15	01:32:51.103	1.35298	1.35301			6
2025.08.15	01:32:51.409	1.35300	1.35303			6
2025.08.15	01:33:00.097	1.35300				2
2025.08.15	01:33:26.084	1.35298	1.35299			6
2025.08.15	01:33:26.390	1.35300	1.35303			6
2025.08.15	01:33:54.794	1.35301	1.35304			6
2025.08.15	01:34:00.093	1.35301				2
2025.08.15	01:34:47.107	1.35299	1.35302			6
2025.08.15	01:35:00.203	1.35299				2
2025.08.15	01:35:03.652	1.35298	1.35299			6
2025.08.15	01:35:03.961	1.35299	1.35302			6
2025.08.15	01:35:05.834	1.35300	1.35303			6
2025.08.15	01:35:14.255	1.35299	1.35302			6
2025.08.15	01:35:40.313	1.35298	1.35301			6
2025.08.15	01:35:59.238	1.35299	1.35302			6
2025.08.15	01:36:00.163	1.35299				2
2025.08.15	01:36:00.468	1.35290	1.35293			6
2025.08.15	01:36:01.707		1.35292			4
2025.08.15	01:36:07.587	1.35289				2
2025.08.15	01:36:08.820	1.35290	1.35293			6
2025.08.15	01:36:09.128	1.35293	1.35294			6
2025.08.15	01:36:09.439	1.35290	1.35293			6
2025.08.15	01:36:10.047	1.35289	1.35292			6
2025.08.15	01:36:10.356	1.35290	1.35293			6
2025.08.15	01:36:16.195	1.35294	1.35297			6
2025.08.15	01:36:16.814	1.35293	1.35296			6
2025.08.15	01:36:36.223	1.35290	1.35293			6
2025.08.15	01:36:36.526	1.35289	1.35292			6
2025.08.15	01:36:37.450	1.35290	1.35293			6
2025.08.15	01:36:38.063	1.35289	1.35292			6
2025.08.15	01:36:39.909	1.35290	1.35293			6
2025.08.15	01:36:42.382	1.35289	1.35292			6
2025.08.15	01:36:46.396	1.35290	1.35293			6
2025.08.15	01:36:48.870	1.35289	1.35292			6
2025.08.15	01:36:50.729	1.35290	1.35293			6
2025.08.15	01:36:52.893	1.35289	1.35292			6
2025.08.15	01:36:55.975	1.35290	1.35293			6
2025.08.15	01:36:56.904	1.35289	1.35292			6
2025.08.15	01:37:00.312	1.35290	1.35293			6
2025.08.15	01:37:00.619	1.35289	1.35292			6
2025.08.15	01:37:04.023	1.35290	1.35293			6
2025.08.15	01:37:09.588	1.35289	1.35292			6
2025.08.15	01:37:10.826	1.35290	1.35293			6
2025.08.15	01:37:13.606	1.35289	1.35292			6
2025.08.15	01:37:16.080	1.35294	1.35297			6
2025.08.15	01:37:16.393	1.35293	1.35296			6
2025.08.15	01:37:27.509	1.35292	1.35295			6
2025.08.15	01:37:28.130	1.35293	1.35296			6
2025.08.15	01:37:44.201	1.35292	1.35295			6
2025.08.15	01:37:44.817	1.35293	1.35296			6
2025.08.15	01:37:47.929	1.35292	1.35295			6
2025.08.15	01:37:49.166	1.35293	1.35296			6
2025.08.15	01:37:51.964	1.35292	1.35295			6
2025.08.15	01:37:54.124	1.35293	1.35296			6
2025.08.15	01:37:55.973	1.35292	1.35295			6
2025.08.15	01:37:58.435	1.35293	1.35296			6
2025.08.15	01:38:00.276	1.35293				2
2025.08.15	01:38:10.756	1.35289	1.35292			6
2025.08.15	01:38:11.064	1.35293	1.35296			6
2025.08.15	01:38:14.763	1.35294	1.35297			6
2025.08.15	01:38:27.125	1.35295				2
2025.08.15	01:38:27.438	1.35294				2
2025.08.15	01:38:36.997	1.35295				2
2025.08.15	01:38:50.633	1.35290	1.35293			6
2025.08.15	01:38:50.942	1.35294	1.35297			6
2025.08.15	01:38:58.354	1.35296	1.35298			6
2025.08.15	01:39:00.220	1.35296				2
2025.08.15	01:39:05.187	1.35295				2
2025.08.15	01:39:08.282	1.35296				2
2025.08.15	01:39:14.792	1.35298	1.35299			6
2025.08.15	01:39:48.221	1.35300	1.35301			6
2025.08.15	01:39:48.531	1.35298	1.35299			6
2025.08.15	01:39:56.239	1.35299	1.35300			6
2025.08.15	01:39:56.549	1.35298	1.35299			6
2025.08.15	01:40:00.237	1.35298				2
2025.08.15	01:40:25.239	1.35296	1.35298			6
2025.08.15	01:40:25.552	1.35298	1.35299			6
2025.08.15	01:41:00.306	1.35298				2
2025.08.15	01:41:07.993	1.35297	1.35298			6
2025.08.15	01:41:10.148	1.35296				2
2025.08.15	01:41:10.455		1.35297			4
2025.08.15	01:41:16.290	1.35293	1.35296			6
2025.08.15	01:41:16.597	1.35292	1.35295			6
2025.08.15	01:41:17.826	1.35293	1.35296			6
2025.08.15	01:41:28.005	1.35296	1.35297			6
2025.08.15	01:41:28.316	1.35298	1.35301			6
2025.08.15	01:41:30.789	1.35297	1.35300			6
2025.08.15	01:41:32.028	1.35298	1.35301			6
2025.08.15	01:41:34.810	1.35297	1.35300			6
2025.08.15	01:41:35.428	1.35296	1.35297			6
2025.08.15	01:41:35.740	1.35297	1.35300			6
2025.08.15	01:41:39.115	1.35298	1.35301			6
2025.08.15	01:41:39.733	1.35297	1.35300			6
2025.08.15	01:41:40.656	1.35296	1.35299			6
2025.08.15	01:41:43.421	1.35297	1.35300			6
2025.08.15	01:41:57.329	1.35296	1.35299			6
2025.08.15	01:42:00.117	1.35296				2
2025.08.15	01:42:04.449		1.35297			4
2025.08.15	01:42:04.761		1.35299			4
2025.08.15	01:42:12.793		1.35297			4
2025.08.15	01:42:14.034		1.35299			4
2025.08.15	01:42:31.565	1.35299	1.35302			6
2025.08.15	01:42:31.877	1.35296	1.35299			6
2025.08.15	01:42:49.394		1.35298			4
2025.08.15	01:42:51.843	1.35291	1.35294			6
2025.08.15	01:42:52.145	1.35296	1.35297			6
2025.08.15	01:42:52.755		1.35298			4
2025.08.15	01:42:58.596	1.35298	1.35301			6
2025.08.15	01:42:58.903	1.35296	1.35298			6
2025.08.15	01:43:00.132	1.35298	1.35301			6
2025.08.15	01:43:14.301	1.35295	1.35297			6
2025.08.15	01:43:16.154	1.35297	1.35298			6
2025.08.15	01:43:27.012		1.35299			4
2025.08.15	01:43:31.339	1.35290	1.35292			6
2025.08.15	01:43:31.650		1.35293			4
2025.08.15	01:43:32.889	1.35288	1.35291			6
2025.08.15	01:43:33.206		1.35290			4
2025.08.15	01:43:35.695	1.35287				2
2025.08.15	01:43:37.864		1.35289			4
2025.08.15	01:43:39.107	1.35289	1.35292			6
2025.08.15	01:43:39.420	1.35287	1.35289			6
2025.08.15	01:43:41.280	1.35289	1.35292			6
2025.08.15	01:43:41.598	1.35287	1.35289			6
2025.08.15	01:43:41.905	1.35289	1.35292			6
2025.08.15	01:43:48.100	1.35287	1.35289			6
2025.08.15	01:43:48.406	1.35290	1.35293			6
2025.08.15	01:43:54.273	1.35289	1.35292			6
2025.08.15	01:44:00.154	1.35289				2
2025.08.15	01:44:07.556	1.35293	1.35296			6
2025.08.15	01:44:07.863	1.35289	1.35292			6
2025.08.15	01:44:30.409	1.35293	1.35296			6
2025.08.15	01:44:56.848	1.35292	1.35293			6
2025.08.15	01:44:57.155	1.35290				2
2025.08.15	01:45:00.249	1.35290				2
2025.08.15	01:45:00.551	1.35283	1.35286			6
2025.08.15	01:45:00.856	1.35285	1.35288			6
2025.08.15	01:45:07.334	1.35286	1.35289			6
2025.08.15	01:45:07.640	1.35287	1.35290			6
2025.08.15	01:45:45.109	1.35286	1.35287			6
2025.08.15	01:45:45.415	1.35288	1.35291			6
2025.08.15	01:45:56.270	1.35293	1.35294			6
2025.08.15	01:45:56.581	1.35288	1.35291			6
2025.08.15	01:46:00.301	1.35288				2
2025.08.15	01:46:08.305	1.35289	1.35292			6
2025.08.15	01:46:23.441	1.35286	1.35288			6
2025.08.15	01:46:23.746	1.35289	1.35292			6
2025.08.15	01:46:43.101	1.35288	1.35291			6
2025.08.15	01:47:00.060	1.35288				2
2025.08.15	01:47:00.671	1.35287	1.35290			6
2025.08.15	01:47:17.922	1.35291	1.35293			6
2025.08.15	01:47:18.238	1.35287	1.35290			6
2025.08.15	01:47:21.321	1.35288	1.35291			6
2025.08.15	01:47:41.966	1.35292	1.35294			6
2025.08.15	01:47:42.270	1.35288	1.35291			6
2025.08.15	01:48:00.183	1.35288				2
2025.08.15	01:48:17.714	1.35290	1.35293			6
2025.08.15	01:48:19.880	1.35287	1.35290			6
2025.08.15	01:48:20.185	1.35290	1.35293			6
2025.08.15	01:48:22.031	1.35294	1.35295			6
2025.08.15	01:48:22.334	1.35290	1.35293			6
2025.08.15	01:48:27.567	1.35287	1.35290			6
2025.08.15	01:48:31.258	1.35290	1.35293			6
2025.08.15	01:48:48.183	1.35287	1.35290			6
2025.08.15	01:48:48.485	1.35290	1.35293			6
2025.08.15	01:48:52.487	1.35287	1.35290			6
2025.08.15	01:48:52.798	1.35290	1.35293			6
2025.08.15	01:48:56.491	1.35286	1.35289			6
2025.08.15	01:48:56.797	1.35290	1.35293			6
2025.08.15	01:49:00.178	1.35290				2
2025.08.15	01:49:00.487	1.35286	1.35288			6
2025.08.15	01:49:00.794	1.35288	1.35291			6
2025.08.15	01:49:11.610	1.35287	1.35290			6
2025.08.15	01:49:12.544	1.35291	1.35294			6
2025.08.15	01:49:13.162	1.35290				2
2025.08.15	01:49:17.180	1.35291				2
2025.08.15	01:49:18.413	1.35292	1.35295			6
2025.08.15	01:49:18.720	1.35290	1.35293			6
2025.08.15	01:49:19.345	1.35289				2
2025.08.15	01:49:20.273	1.35290				2
2025.08.15	01:49:22.735	1.35293	1.35296			6
2025.08.15	01:49:23.050	1.35290	1.35293			6
2025.08.15	01:49:23.353	1.35289				2
2025.08.15	01:49:23.663	1.35290				2
2025.08.15	01:49:26.123	1.35289				2
2025.08.15	01:49:30.442	1.35292	1.35296			6
2025.08.15	01:49:31.372	1.35289	1.35293			6
2025.08.15	01:49:34.766	1.35288	1.35292			6
2025.08.15	01:49:35.697	1.35286	1.35289			6
2025.08.15	01:49:37.249	1.35288	1.35292			6
2025.08.15	01:49:37.564	1.35286	1.35289			6
2025.08.15	01:49:42.208		1.35288			4
2025.08.15	01:49:42.520	1.35287	1.35291			6
2025.08.15	01:49:46.855	1.35290	1.35294			6
2025.08.15	01:49:47.162	1.35287	1.35291			6
2025.08.15	01:49:48.724	1.35286	1.35288			6
2025.08.15	01:49:49.341		1.35289			4
2025.08.15	01:49:50.573		1.35290			4
2025.08.15	01:49:50.874		1.35289			4
2025.08.15	01:49:52.733	1.35287	1.35292			6
2025.08.15	01:49:53.670	1.35286	1.35289			6
2025.08.15	01:50:00.160	1.35286				2
2025.08.15	01:50:01.088		1.35290			4
2025.08.15	01:50:01.407	1.35287	1.35292			6
2025.08.15	01:50:12.219		1.35291			4
2025.08.15	01:50:13.789	1.35286	1.35288			6
2025.08.15	01:50:14.097	1.35287	1.35292			6
2025.08.15	01:50:14.404	1.35286	1.35289			6
2025.08.15	01:50:15.339		1.35290			4
2025.08.15	01:50:19.333		1.35289			4
2025.08.15	01:50:22.100		1.35288			4
2025.08.15	01:50:22.403	1.35287	1.35291			6
2025.08.15	01:50:22.708	1.35286	1.35288			6
2025.08.15	01:50:23.328	1.35287	1.35291			6
2025.08.15	01:50:23.635	1.35286	1.35289			6
2025.08.15	01:50:24.255	1.35287	1.35291			6
2025.08.15	01:50:24.563	1.35286	1.35289			6
2025.08.15	01:50:25.182	1.35287	1.35291			6
2025.08.15	01:50:25.488	1.35286	1.35288			6
2025.08.15	01:50:27.363		1.35289			4
2025.08.15	01:50:27.977		1.35288			4
2025.08.15	01:50:28.902	1.35287	1.35291			6
2025.08.15	01:50:29.217	1.35286	1.35288			6
2025.08.15	01:50:30.456	1.35287	1.35291			6
2025.08.15	01:50:30.771	1.35286	1.35288			6
2025.08.15	01:50:31.078	1.35287	1.35291			6
2025.08.15	01:50:32.325		1.35292			4
2025.08.15	01:50:32.949	1.35286	1.35289			6
2025.08.15	01:50:33.561	1.35287	1.35292			6
2025.08.15	01:50:37.074	1.35286	1.35289			6
2025.08.15	01:50:37.388		1.35290			4
2025.08.15	01:50:37.693	1.35287	1.35292			6
2025.08.15	01:50:38.001	1.35286	1.35289			6
2025.08.15	01:50:38.628	1.35287	1.35292			6
2025.08.15	01:50:53.522	1.35282	1.35285			6
2025.08.15	01:50:53.827		1.35287			4
2025.08.15	01:50:56.005	1.35283				2
2025.08.15	01:51:00.043	1.35283				2
2025.08.15	01:51:01.899	1.35285	1.35290			6
2025.08.15	01:51:02.215	1.35283	1.35287			6
2025.08.15	01:51:06.866		1.35286			4
2025.08.15	01:51:11.783	1.35282	1.35287			6
2025.08.15	01:51:12.086		1.35286			4
2025.08.15	01:51:13.012	1.35283				2
2025.08.15	01:51:14.863	1.35280	1.35285			6
2025.08.15	01:51:15.784	1.35279	1.35282			6
2025.08.15	01:51:16.094	1.35280	1.35285			6
2025.08.15	01:51:18.245	1.35278	1.35283			6
2025.08.15	01:51:22.577	1.35277	1.35280			6
2025.08.15	01:51:22.881	1.35278	1.35283			6
2025.08.15	01:51:26.306	1.35277	1.35280			6
2025.08.15	01:51:31.256		1.35282			4
2025.08.15	01:51:32.198		1.35280			4
2025.08.15	01:51:36.277	1.35275	1.35278			6
2025.08.15	01:51:38.132		1.35280			4
2025.08.15	01:51:45.292		1.35278			4
2025.08.15	01:51:51.204		1.35280			4
2025.08.15	01:51:51.520	1.35276	1.35281			6
2025.08.15	01:51:51.831	1.35275	1.35277			6
2025.08.15	01:51:52.132		1.35280			4
2025.08.15	01:51:54.605		1.35277			4
2025.08.15	01:51:54.917		1.35280			4
2025.08.15	01:51:55.221	1.35272	1.35275			6
2025.08.15	01:51:55.532		1.35276			4
2025.08.15	01:52:00.193	1.35272				2
2025.08.15	01:52:00.499	1.35273	1.35279			6
2025.08.15	01:52:00.804	1.35272	1.35276			6
2025.08.15	01:52:01.118		1.35275			4
2025.08.15	01:52:06.372		1.35276			4
2025.08.15	01:52:07.303	1.35271				2
2025.08.15	01:52:07.604	1.35270	1.35275			6
2025.08.15	01:52:21.868		1.35273			4
2025.08.15	01:52:22.187		1.35274			4
2025.08.15	01:52:22.809	1.35272	1.35277			6
2025.08.15	01:52:23.120	1.35270	1.35274			6
2025.08.15	01:52:33.353		1.35273			4
2025.08.15	01:52:54.116	1.35275	1.35278			6
2025.08.15	01:53:00.000	1.35275				2
2025.08.15	01:53:00.609	1.35276				2
2025.08.15	01:53:16.625	1.35277	1.35279			6
2025.08.15	01:53:16.932		1.35278			4
2025.08.15	01:53:30.758	1.35278	1.35282			6
2025.08.15	01:53:31.063	1.35277	1.35278			6
2025.08.15	01:53:39.073	1.35276				2
2025.08.15	01:53:42.472	1.35277				2
2025.08.15	01:53:43.404	1.35276				2
2025.08.15	01:53:44.320	1.35277				2
2025.08.15	01:53:44.632	1.35276				2
2025.08.15	01:53:45.244	1.35277				2
2025.08.15	01:53:45.865	1.35278	1.35279			6
2025.08.15	01:53:49.881	1.35277	1.35278			6
2025.08.15	01:53:50.186	1.35278	1.35279			6
2025.08.15	01:53:56.362	1.35277				2
2025.08.15	01:53:56.668	1.35278				2
2025.08.15	01:54:00.062	1.35278				2
2025.08.15	01:54:04.383		1.35280			4
2025.08.15	01:54:06.217	1.35277				2
2025.08.15	01:54:08.941	1.35278				2
2025.08.15	01:54:18.750		1.35279			4
2025.08.15	01:54:26.717	1.35277				2
2025.08.15	01:54:29.763	1.35278				2
2025.08.15	01:55:00.113	1.35278				2
2025.08.15	01:55:09.075	1.35277				2
2025.08.15	01:55:14.334	1.35278				2
2025.08.15	01:55:18.956	1.35277	1.35279			6
2025.08.15	01:55:27.255	1.35278	1.35280			6
2025.08.15	01:55:40.848		1.35281			4
2025.08.15	01:55:41.155	1.35279				2
2025.08.15	01:55:56.953	1.35280	1.35282			6
2025.08.15	01:55:58.805	1.35279				2
2025.08.15	01:55:59.415		1.35281			4
2025.08.15	01:56:00.042	1.35279				2
2025.08.15	01:56:05.624		1.35282			4
2025.08.15	01:56:17.029	1.35284	1.35285			6
2025.08.15	01:56:17.344	1.35279	1.35282			6
2025.08.15	01:56:30.319		1.35281			4
2025.08.15	01:56:50.160	1.35280	1.35282			6
2025.08.15	01:56:50.791		1.35281			4
2025.08.15	01:57:00.089	1.35280				2
2025.08.15	01:57:13.153	1.35284	1.35285			6
2025.08.15	01:57:13.464	1.35280	1.35281			6
2025.08.15	01:57:43.374	1.35281	1.35282			6
2025.08.15	01:57:44.003		1.35283			4
2025.08.15	01:57:44.312		1.35282			4
2025.08.15	01:58:00.141	1.35281				2
2025.08.15	01:58:07.266	1.35282	1.35283			6
2025.08.15	01:58:20.321	1.35286	1.35287			6
2025.08.15	01:58:20.639	1.35282	1.35283			6
2025.08.15	01:58:29.032	1.35281	1.35282			6
2025.08.15	01:58:31.500		1.35283			4
2025.08.15	01:58:38.631	1.35280				2
2025.08.15	01:58:44.179	1.35281				2
2025.08.15	01:58:44.485	1.35280				2
2025.08.15	01:58:44.790		1.35282			4
2025.08.15	01:58:46.025		1.35283			4
2025.08.15	01:58:54.973	1.35281				2
2025.08.15	01:58:55.583		1.35284			4
2025.08.15	01:58:57.134		1.35283			4
2025.08.15	01:58:59.914	1.35282	1.35284			6
2025.08.15	01:59:00.222	1.35282				2
2025.08.15	01:59:00.526	1.35284	1.35285			6
2025.08.15	01:59:00.829	1.35285	1.35287			6
2025.08.15	01:59:02.080	1.35288	1.35289			6
2025.08.15	01:59:02.399	1.35285	1.35287			6
2025.08.15	01:59:03.019		1.35286			4
2025.08.15	01:59:06.112	1.35284				2
2025.08.15	01:59:07.054	1.35285				2
2025.08.15	01:59:08.290	1.35283	1.35285			6
2025.08.15	01:59:08.598		1.35284			4
2025.08.15	01:59:09.222	1.35284	1.35285			6
2025.08.15	01:59:13.603	1.35283	1.35284			6
2025.08.15	01:59:18.285		1.35285			4
2025.08.15	01:59:21.405		1.35286			4
2025.08.15	01:59:30.081	1.35286	1.35287			6
2025.08.15	02:00:00.002	1.35286				2
2025.08.15	02:00:00.308	1.35285				2
2025.08.15	02:00:00.611	1.35279	1.35281			6
2025.08.15	02:00:00.913		1.35280			4
2025.08.15	02:00:06.217	1.35276	1.35278			6
2025.08.15	02:00:06.533	1.35278	1.35279			6
2025.08.15	02:00:06.845	1.35277	1.35278			6
2025.08.15	02:00:11.509	1.35273	1.35274			6
2025.08.15	02:00:12.127	1.35272	1.35273			6
2025.08.15	02:00:13.380	1.35273	1.35274			6
2025.08.15	02:00:15.240	1.35272	1.35273			6
2025.08.15	02:00:34.024	1.35269	1.35270			6
2025.08.15	02:00:57.861	1.35270	1.35271			6
2025.08.15	02:01:00.015	1.35270				2
2025.08.15	02:01:00.325	1.35269	1.35270			6
2025.08.15	02:01:01.856	1.35270	1.35271			6
2025.08.15	02:01:04.017	1.35269	1.35270			6
2025.08.15	02:01:05.553	1.35270	1.35271			6
2025.08.15	02:01:06.479	1.35269	1.35270			6
2025.08.15	02:01:06.785	1.35270	1.35271			6
2025.08.15	02:01:10.795	1.35269	1.35270			6
2025.08.15	02:01:13.261	1.35270	1.35272			6
2025.08.15	02:01:13.577	1.35269	1.35270			6
2025.08.15	02:01:14.194	1.35270	1.35271			6
2025.08.15	02:01:19.432		1.35273			4
2025.08.15	02:01:19.744		1.35271			4
2025.08.15	02:01:35.832	1.35271	1.35272			6
2025.08.15	02:01:36.138	1.35270	1.35271			6
2025.08.15	02:01:37.063	1.35269	1.35270			6
2025.08.15	02:01:37.672	1.35270	1.35271			6
2025.08.15	02:01:38.615	1.35269	1.35270			6
2025.08.15	02:01:38.923	1.35270	1.35271			6
2025.08.15	02:01:48.473	1.35271	1.35274			6
2025.08.15	02:01:48.779	1.35270	1.35271			6
2025.08.15	02:02:00.163	1.35270				2
2025.08.15	02:02:06.337	1.35271	1.35272			6
2025.08.15	02:02:17.398		1.35273			4
2025.08.15	02:02:26.614		1.35272			4
2025.08.15	02:02:27.226	1.35275	1.35276			6
2025.08.15	02:02:29.382	1.35272	1.35275			6
2025.08.15	02:02:33.086	1.35275	1.35276			6
2025.08.15	02:03:00.187	1.35275				2
2025.08.15	02:03:03.594	1.35272	1.35275			6
2025.08.15	02:03:03.900		1.35274			4
2025.08.15	02:03:05.747		1.35273			4
2025.08.15	02:03:06.676	1.35271				2
2025.08.15	02:03:14.682	1.35270	1.35272			6
2025.08.15	02:03:16.247	1.35269				2
2025.08.15	02:03:18.124	1.35271	1.35274			6
2025.08.15	02:03:18.431	1.35269	1.35272			6
2025.08.15	02:03:28.084	1.35271	1.35274			6
2025.08.15	02:03:33.972		1.35273			4
2025.08.15	02:03:34.285		1.35274			4
2025.08.15	02:03:37.692		1.35273			4
2025.08.15	02:03:54.388		1.35274			4
2025.08.15	02:03:55.324		1.35273			4
2025.08.15	02:03:56.560	1.35277	1.35278			6
2025.08.15	02:04:00.308	1.35277				2
2025.08.15	02:04:00.936		1.35279			4
2025.08.15	02:04:02.181		1.35278			4
2025.08.15	02:04:02.807		1.35279			4
2025.08.15	02:04:03.109		1.35278			4
2025.08.15	02:04:05.592		1.35279			4
2025.08.15	02:04:07.141		1.35278			4
2025.08.15	02:04:07.763		1.35279			4
2025.08.15	02:04:08.379		1.35278			4
2025.08.15	02:04:08.999		1.35279			4
2025.08.15	02:04:09.317		1.35278			4
2025.08.15	02:04:09.930		1.35279			4
2025.08.15	02:04:12.410		1.35278			4
2025.08.15	02:04:20.169	1.35278	1.35281			6
2025.08.15	02:04:28.798		1.35279			4
2025.08.15	02:04:29.100	1.35273	1.35276			6
2025.08.15	02:04:30.039	1.35274				2
2025.08.15	02:04:33.134	1.35276	1.35277			6
2025.08.15	02:04:33.450	1.35274	1.35276			6
2025.08.15	02:04:44.311	1.35275				2
2025.08.15	02:04:44.613	1.35274				2
2025.08.15	02:04:56.677	1.35275				2
2025.08.15	02:04:58.852	1.35273				2
2025.08.15	02:04:59.159	1.35274				2
2025.08.15	02:04:59.779	1.35272	1.35275			6
2025.08.15	02:05:00.097	1.35272				2
2025.08.15	02:05:01.021	1.35271	1.35274			6
2025.08.15	02:05:01.333	1.35272	1.35275			6
2025.08.15	02:05:04.110	1.35273	1.35276			6
2025.08.15	02:05:10.590	1.35274	1.35277			6
2025.08.15	02:05:15.233	1.35273	1.35274			6
2025.08.15	02:05:15.540		1.35275			4
2025.08.15	02:05:15.843		1.35276			4
2025.08.15	02:05:16.767		1.35275			4
2025.08.15	02:05:19.846		1.35276			4
2025.08.15	02:05:29.114	1.35277	1.35278			6
2025.08.15	02:05:34.101		1.35279			4
2025.08.15	02:05:37.204		1.35278			4
2025.08.15	02:05:37.524		1.35279			4
2025.08.15	02:05:44.322	1.35278	1.35280			6
2025.08.15	02:05:44.626	1.35280	1.35282			6
2025.08.15	02:05:44.927		1.35281			4
2025.08.15	02:05:45.535	1.35279	1.35282			6
2025.08.15	02:05:48.624	1.35280				2
2025.08.15	02:05:49.567		1.35281			4
2025.08.15	02:05:54.845		1.35282			4
2025.08.15	02:05:55.795		1.35283			4
2025.08.15	02:05:57.037		1.35282			4
2025.08.15	02:06:00.119	1.35280				2
2025.08.15	02:06:00.436		1.35283			4
2025.08.15	02:06:00.747		1.35282			4
2025.08.15	02:06:01.063	1.35279				2
2025.08.15	02:06:01.365	1.35280	1.35281			6
2025.08.15	02:06:03.243		1.35283			4
2025.08.15	02:06:06.957	1.35278	1.35281			6
2025.08.15	02:06:12.861	1.35275	1.35278			6
2025.08.15	02:06:13.493	1.35276				2
2025.08.15	02:06:13.806	1.35275				2
2025.08.15	02:06:25.277	1.35276				2
2025.08.15	02:06:58.532	1.35282	1.35285			6
2025.08.15	02:06:59.161	1.35281	1.35284			6
2025.08.15	02:07:00.089	1.35281				2
2025.08.15	02:07:00.394	1.35280	1.35283			6
2025.08.15	02:07:14.647	1.35279	1.35280			6
2025.08.15	02:07:14.952	1.35280	1.35283			6
2025.08.15	02:07:57.925	1.35284	1.35285			6
2025.08.15	02:07:58.242	1.35280	1.35283			6
2025.08.15	02:08:00.085	1.35280				2
2025.08.15	02:08:00.705	1.35279				2
2025.08.15	02:08:06.897	1.35280				2
2025.08.15	02:08:07.198	1.35281	1.35285			6
2025.08.15	02:08:18.020	1.35280	1.35283			6
2025.08.15	02:08:39.355	1.35281	1.35284			6
2025.08.15	02:08:49.260	1.35279	1.35280			6
2025.08.15	02:08:49.576	1.35280	1.35283			6
2025.08.15	02:08:51.739	1.35278	1.35281			6
2025.08.15	02:08:56.999	1.35279	1.35282			6
2025.08.15	02:09:00.092	1.35279				2
2025.08.15	02:09:25.559	1.35280	1.35283			6
2025.08.15	02:09:26.484	1.35281				2
2025.08.15	02:09:33.313		1.35284			4
2025.08.15	02:09:47.551	1.35280	1.35283			6
2025.08.15	02:09:53.476	1.35281	1.35284			6
2025.08.15	02:10:00.301	1.35281				2
2025.08.15	02:10:02.802	1.35280	1.35281			6
2025.08.15	02:10:03.110	1.35281	1.35284			6
2025.08.15	02:10:05.283	1.35278	1.35281			6
2025.08.15	02:10:05.595	1.35279	1.35282			6
2025.08.15	02:10:28.916	1.35280	1.35283			6
2025.08.15	02:10:36.679	1.35278	1.35281			6
2025.08.15	02:10:40.720	1.35277	1.35280			6
2025.08.15	02:10:41.022		1.35279			4
2025.08.15	02:10:48.160		1.35280			4
2025.08.15	02:10:50.031	1.35276	1.35279			6
2025.08.15	02:10:50.967	1.35277	1.35280			6
2025.08.15	02:10:58.125	1.35276	1.35279			6
2025.08.15	02:10:58.742	1.35272	1.35275			6
2025.08.15	02:10:59.056	1.35270	1.35273			6
2025.08.15	02:11:00.305	1.35270				2
2025.08.15	02:11:08.419	1.35269	1.35270			6
2025.08.15	02:11:08.737	1.35270	1.35273			6
2025.08.15	02:11:11.218	1.35269	1.35272			6
2025.08.15	02:11:38.514	1.35268	1.35271			6
2025.08.15	02:11:56.412	1.35267	1.35268			6
2025.08.15	02:11:56.715	1.35268	1.35271			6
2025.08.15	02:11:58.572	1.35269	1.35272			6
2025.08.15	02:12:00.123	1.35269				2
2025.08.15	02:12:01.369	1.35268	1.35271			6
2025.08.15	02:12:15.288	1.35267	1.35270			6
2025.08.15	02:12:30.789		1.35269			4
2025.08.15	02:12:32.349	1.35266				2
2025.08.15	02:12:33.278	1.35267	1.35270			6
2025.08.15	02:12:34.523	1.35264	1.35267			6
2025.08.15	02:12:34.826	1.35263	1.35266			6
2025.08.15	02:12:35.132	1.35264	1.35267			6
2025.08.15	02:12:39.455	1.35262	1.35264			6
2025.08.15	02:12:39.773	1.35264	1.35267			6
2025.08.15	02:12:41.023	1.35260	1.35263			6
2025.08.15	02:13:00.267	1.35260				2
2025.08.15	02:13:03.644	1.35266	1.35269			6
2025.08.15	02:13:03.949	1.35264	1.35267			6
2025.08.15	02:13:04.884	1.35263	1.35266			6
2025.08.15	02:13:05.496	1.35264	1.35267			6
2025.08.15	02:13:24.343	1.35267	1.35268			6
2025.08.15	02:13:24.661	1.35264	1.35267			6
2025.08.15	02:13:30.837	1.35267	1.35270			6
2025.08.15	02:13:31.157	1.35266	1.35269			6
2025.08.15	02:13:40.098	1.35267	1.35270			6
2025.08.15	02:13:41.024	1.35266	1.35269			6
2025.08.15	02:13:53.057		1.35267			4
2025.08.15	02:13:53.365		1.35269			4
2025.08.15	02:13:55.513		1.35267			4
2025.08.15	02:13:55.827		1.35269			4
2025.08.15	02:14:00.161	1.35266				2
2025.08.15	02:14:02.641		1.35267			4
2025.08.15	02:14:02.949		1.35269			4
2025.08.15	02:14:10.061	1.35267	1.35270			6
2025.08.15	02:14:10.684	1.35266	1.35269			6
2025.08.15	02:14:14.385	1.35267	1.35270			6
2025.08.15	02:14:42.309	1.35266	1.35269			6
2025.08.15	02:14:53.796	1.35267	1.35270			6
2025.08.15	02:14:55.031	1.35266	1.35269			6
2025.08.15	02:15:00.269	1.35266				2
2025.08.15	02:15:01.215	1.35265	1.35268			6
2025.08.15	02:15:01.520	1.35264	1.35267			6
2025.08.15	02:15:01.825	1.35261	1.35264			6
2025.08.15	02:15:03.393	1.35260	1.35263			6
2025.08.15	02:15:03.701	1.35261	1.35264			6
2025.08.15	02:15:05.243	1.35262	1.35265			6
2025.08.15	02:15:15.521	1.35261	1.35264			6
2025.08.15	02:15:19.893	1.35262	1.35265			6
2025.08.15	02:15:21.459	1.35263				2
2025.08.15	02:15:24.553		1.35266			4
2025.08.15	02:15:27.020	1.35261	1.35264			6
2025.08.15	02:15:27.963	1.35262	1.35265			6
2025.08.15	02:15:32.351	1.35264	1.35266			6
2025.08.15	02:15:32.658	1.35262	1.35265			6
2025.08.15	02:15:34.837	1.35263	1.35266			6
2025.08.15	02:15:39.497	1.35262	1.35265			6
2025.08.15	02:15:49.194	1.35263	1.35266			6
2025.08.15	02:15:51.682	1.35262	1.35265			6
2025.08.15	02:15:53.874	1.35264	1.35267			6
2025.08.15	02:15:54.505	1.35265	1.35268			6
2025.08.15	02:15:57.002	1.35267	1.35270			6
2025.08.15	02:15:57.927	1.35266	1.35269			6
2025.08.15	02:16:00.101	1.35266				2
2025.08.15	02:16:00.721	1.35267	1.35270			6
2025.08.15	02:16:01.022	1.35266	1.35269			6
2025.08.15	02:16:05.997		1.35267			4
2025.08.15	02:16:06.306		1.35269			4
2025.08.15	02:16:07.238	1.35268	1.35271			6
2025.08.15	02:16:11.893	1.35267	1.35270			6
2025.08.15	02:16:12.200	1.35266	1.35269			6
2025.08.15	02:16:41.265	1.35268	1.35271			6
2025.08.15	02:16:42.814	1.35269	1.35272			6
2025.08.15	02:16:46.215	1.35268	1.35271			6
2025.08.15	02:16:49.316	1.35269	1.35272			6
2025.08.15	02:16:51.472	1.35270	1.35273			6
2025.08.15	02:16:53.614	1.35271	1.35274			6
2025.08.15	02:16:55.467	1.35268	1.35271			6
2025.08.15	02:16:55.769	1.35271	1.35274			6
2025.08.15	02:17:00.089	1.35271				2
2025.08.15	02:17:55.913		1.35274			4
2025.08.15	02:18:00.249	1.35271				2
2025.08.15	02:18:31.687	1.35274	1.35275			6
2025.08.15	02:18:32.004	1.35271	1.35274			6
2025.08.15	02:19:00.057	1.35271				2
2025.08.15	02:19:21.116	1.35274	1.35275			6
2025.08.15	02:19:21.433	1.35271	1.35274			6
2025.08.15	02:19:46.848	1.35269	1.35270			6
2025.08.15	02:19:47.156	1.35271	1.35274			6
2025.08.15	02:20:00.159	1.35271				2
2025.08.15	02:20:47.394		1.35274			4
2025.08.15	02:20:47.710	1.35274	1.35275			6
2025.08.15	02:20:48.014	1.35271	1.35274			6
2025.08.15	02:21:00.123	1.35271				2
2025.08.15	02:21:10.683	1.35279	1.35282			6
2025.08.15	02:21:11.300	1.35280				2
2025.08.15	02:21:11.924	1.35279				2
2025.08.15	02:21:12.239	1.35280				2
2025.08.15	02:21:12.547		1.35283			4
2025.08.15	02:21:13.168	1.35283	1.35284			6
2025.08.15	02:21:13.479	1.35281				2
2025.08.15	02:21:32.373	1.35284	1.35285			6
2025.08.15	02:21:32.675	1.35281	1.35284			6
2025.08.15	02:21:57.194	1.35282	1.35285			6
2025.08.15	02:21:57.501	1.35281	1.35284			6
2025.08.15	02:22:00.302	1.35281				2
2025.08.15	02:22:20.823	1.35282	1.35285			6
2025.08.15	02:22:22.071	1.35281	1.35284			6
2025.08.15	02:23:00.230	1.35281				2
2025.08.15	02:23:13.219	1.35279	1.35280			6
2025.08.15	02:23:13.532	1.35281	1.35284			6
2025.08.15	02:24:00.106	1.35281				2
2025.08.15	02:24:05.693	1.35280	1.35283			6
2025.08.15	02:24:06.314	1.35278	1.35281			6
2025.08.15	02:24:07.242	1.35279	1.35282			6
2025.08.15	02:24:14.337	1.35278	1.35281			6
2025.08.15	02:24:15.573	1.35279	1.35282			6
2025.08.15	02:24:16.196	1.35278	1.35281			6
2025.08.15	02:24:16.807	1.35279	1.35282			6
2025.08.15	02:24:17.425	1.35278	1.35281			6
2025.08.15	02:24:18.641	1.35279	1.35282			6
2025.08.15	02:24:19.572	1.35278	1.35281			6
2025.08.15	02:24:19.879	1.35279	1.35282			6
2025.08.15	02:24:20.494	1.35280				2
2025.08.15	02:24:20.799	1.35279				2
2025.08.15	02:24:23.562	1.35280				2
2025.08.15	02:24:23.874	1.35279				2
2025.08.15	02:24:24.485	1.35280				2
2025.08.15	02:24:24.790	1.35279				2
2025.08.15	02:24:25.106	1.35280				2
2025.08.15	02:24:25.412	1.35279				2
2025.08.15	02:24:26.034	1.35280				2
2025.08.15	02:24:27.273	1.35279				2
2025.08.15	02:24:27.597	1.35280				2
2025.08.15	02:24:27.911	1.35279				2
2025.08.15	02:24:28.218	1.35280				2
2025.08.15	02:24:29.161	1.35279				2
2025.08.15	02:24:29.469	1.35280				2
2025.08.15	02:24:29.789	1.35279				2
2025.08.15	02:24:33.232	1.35280				2
2025.08.15	02:24:33.542	1.35279				2
2025.08.15	02:25:00.141	1.35279				2
2025.08.15	02:25:07.609	1.35278	1.35281			6
2025.08.15	02:25:07.928	1.35279	1.35282			6
2025.08.15	02:25:44.207	1.35278	1.35281			6
2025.08.15	02:25:44.825	1.35279	1.35282			6
2025.08.15	02:25:52.311	1.35278	1.35281			6
2025.08.15	02:25:52.621	1.35279	1.35282			6
2025.08.15	02:25:53.876	1.35278	1.35281			6
2025.08.15	02:25:54.187	1.35279	1.35282			6
2025.08.15	02:26:00.067	1.35279				2
2025.08.15	02:26:07.854	1.35278	1.35281			6
2025.08.15	02:26:08.164	1.35279	1.35282			6
2025.08.15	02:26:08.490	1.35278	1.35281			6
2025.08.15	02:26:08.795	1.35279	1.35282			6
2025.08.15	02:26:09.102	1.35278	1.35281			6
2025.08.15	02:26:09.417	1.35279	1.35282			6
2025.08.15	02:26:09.725	1.35278	1.35281			6
2025.08.15	02:26:10.037	1.35279	1.35282			6
2025.08.15	02:26:10.338	1.35278	1.35281			6
2025.08.15	02:26:10.656	1.35279	1.35282			6
2025.08.15	02:26:14.057	1.35280				2
2025.08.15	02:26:14.377	1.35279				2
2025.08.15	02:26:19.361		1.35281			4
2025.08.15	02:26:19.663	1.35278				2
2025.08.15	02:26:20.289	1.35279				2
2025.08.15	02:26:20.897	1.35278				2
2025.08.15	02:26:29.921	1.35279	1.35282			6
2025.08.15	02:26:30.237	1.35278	1.35281			6
2025.08.15	02:26:32.079	1.35279	1.35282			6
2025.08.15	02:26:37.149	1.35280				2
2025.08.15	02:26:37.462	1.35279				2
2025.08.15	02:26:37.770	1.35280				2
2025.08.15	02:26:38.076	1.35279				2
2025.08.15	02:26:38.391	1.35280				2
2025.08.15	02:26:38.697	1.35279				2
2025.08.15	02:26:39.320	1.35280				2
2025.08.15	02:26:41.186	1.35279				2
2025.08.15	02:26:41.487	1.35280				2
2025.08.15	02:26:41.793	1.35279				2
2025.08.15	02:26:42.109	1.35280				2
2025.08.15	02:26:54.479		1.35283			4
2025.08.15	02:26:59.104	1.35281	1.35284			6
2025.08.15	02:27:00.023	1.35281				2
2025.08.15	02:27:01.265	1.35282				2
2025.08.15	02:27:01.570	1.35281				2
2025.08.15	02:27:01.880	1.35282				2
2025.08.15	02:27:03.426	1.35281				2
2025.08.15	02:27:04.034	1.35280	1.35283			6
2025.08.15	02:27:33.982	1.35281	1.35284			6
2025.08.15	02:27:34.288	1.35280	1.35283			6
2025.08.15	02:27:40.443	1.35279	1.35282			6
2025.08.15	02:27:43.846	1.35280	1.35283			6
2025.08.15	02:27:44.153	1.35279	1.35282			6
2025.08.15	02:27:44.456	1.35280	1.35283			6
2025.08.15	02:27:45.382	1.35279	1.35282			6
2025.08.15	02:27:45.688	1.35280	1.35283			6
2025.08.15	02:27:46.002	1.35279	1.35282			6
2025.08.15	02:27:46.309	1.35280	1.35283			6
2025.08.15	02:28:00.249	1.35280				2
2025.08.15	02:28:00.860	1.35279	1.35282			6
2025.08.15	02:28:06.143	1.35280	1.35283			6
2025.08.15	02:28:06.460	1.35279	1.35282			6
2025.08.15	02:28:12.960	1.35280	1.35283			6
2025.08.15	02:28:19.763	1.35281				2
2025.08.15	02:28:21.007	1.35280				2
2025.08.15	02:28:21.926	1.35281				2
2025.08.15	02:28:22.232	1.35280				2
2025.08.15	02:28:25.625	1.35279	1.35282			6
2025.08.15	02:28:25.929	1.35280	1.35283			6
2025.08.15	02:28:27.782	1.35279	1.35282			6
2025.08.15	02:28:34.547	1.35280	1.35283			6
2025.08.15	02:28:34.849	1.35279	1.35281			6
2025.08.15	02:28:35.155	1.35278				2
2025.08.15	02:28:40.698	1.35279				2
2025.08.15	02:28:41.333	1.35278				2
2025.08.15	02:28:53.977	1.35276	1.35278			6
2025.08.15	02:28:54.280	1.35278	1.35281			6
2025.08.15	02:28:57.387	1.35279	1.35282			6
2025.08.15	02:29:00.183	1.35279				2
2025.08.15	02:29:02.648	1.35278	1.35281			6
2025.08.15	02:29:22.456	1.35277	1.35280			6
2025.08.15	02:29:22.777	1.35278				2
2025.08.15	02:29:23.713	1.35277				2
2025.08.15	02:29:27.146	1.35276	1.35279			6
2025.08.15	02:29:32.455	1.35275	1.35276			6
2025.08.15	02:29:32.765	1.35276	1.35279			6
2025.08.15	02:29:34.332	1.35277	1.35280			6
2025.08.15	02:29:39.242	1.35278				2
2025.08.15	02:29:58.460	1.35277				2
2025.08.15	02:30:00.016	1.35277				2
2025.08.15	02:30:05.921	1.35275	1.35276			6
2025.08.15	02:30:06.222	1.35272	1.35275			6
2025.08.15	02:30:07.150	1.35271	1.35274			6
2025.08.15	02:30:12.439	1.35269	1.35271			6
2025.08.15	02:30:12.748	1.35271	1.35274			6
2025.08.15	02:30:13.053	1.35272	1.35275			6
2025.08.15	02:30:15.225	1.35271	1.35274			6
2025.08.15	02:30:15.545	1.35272	1.35275			6
2025.08.15	02:30:15.848	1.35271	1.35274			6
2025.08.15	02:30:16.153	1.35272	1.35275			6
2025.08.15	02:30:21.109	1.35271	1.35274			6
2025.08.15	02:30:21.416	1.35272	1.35275			6
2025.08.15	02:30:22.029	1.35271	1.35274			6
2025.08.15	02:30:22.342	1.35272	1.35275			6
2025.08.15	02:30:24.185	1.35271	1.35274			6
2025.08.15	02:30:24.498	1.35272	1.35275			6
2025.08.15	02:30:25.115	1.35273				2
2025.08.15	02:30:25.735	1.35272				2
2025.08.15	02:30:40.868		1.35274			4
2025.08.15	02:30:41.178	1.35271				2
2025.08.15	02:30:52.369	1.35273				2
2025.08.15	02:30:52.677	1.35271				2
2025.08.15	02:30:59.752	1.35272	1.35275			6
2025.08.15	02:31:00.061	1.35272				2
2025.08.15	02:31:00.671	1.35275	1.35277			6
2025.08.15	02:31:00.977	1.35276				2
2025.08.15	02:31:02.223	1.35275				2
2025.08.15	02:31:06.277	1.35279	1.35281			6
2025.08.15	02:31:06.583	1.35278				2
2025.08.15	02:31:16.797	1.35277	1.35280			6
2025.08.15	02:31:17.714	1.35278	1.35281			6
2025.08.15	02:31:23.274	1.35277	1.35280			6
2025.08.15	02:31:25.713	1.35279	1.35282			6
2025.08.15	02:31:26.018	1.35278	1.35281			6
2025.08.15	02:31:27.893	1.35279	1.35282			6
2025.08.15	02:31:36.281	1.35278	1.35281			6
2025.08.15	02:31:36.897	1.35279	1.35282			6
2025.08.15	02:31:39.682	1.35282	1.35283			6
2025.08.15	02:31:53.909	1.35281				2
2025.08.15	02:31:54.214	1.35282				2
2025.08.15	02:31:56.365	1.35281				2
2025.08.15	02:31:59.150	1.35289	1.35292			6
2025.08.15	02:31:59.461	1.35290				2
2025.08.15	02:32:00.086	1.35287				2
2025.08.15	02:32:00.401	1.35288				2
2025.08.15	02:32:10.362	1.35284	1.35288			6
2025.08.15	02:32:11.296	1.35283				2
2025.08.15	02:32:19.073		1.35289			4
2025.08.15	02:32:21.248	1.35282				2
2025.08.15	02:32:23.412	1.35283				2
2025.08.15	02:32:24.951	1.35282				2
2025.08.15	02:32:28.340	1.35283				2
2025.08.15	02:32:29.270	1.35282				2
2025.08.15	02:32:34.210	1.35283				2
2025.08.15	02:32:47.792		1.35288			4
2025.08.15	02:32:57.988	1.35284				2
2025.08.15	02:32:58.914	1.35285	1.35289			6
2025.08.15	02:33:00.145	1.35285				2
2025.08.15	02:33:00.450	1.35287				2
2025.08.15	02:33:00.766	1.35285				2
2025.08.15	02:33:01.695	1.35284				2
2025.08.15	02:33:15.239		1.35288			4
2025.08.15	02:33:17.691	1.35286	1.35290			6
2025.08.15	02:33:17.994	1.35287	1.35291			6
2025.08.15	02:33:18.303		1.35292			4
2025.08.15	02:33:32.207		1.35291			4
2025.08.15	02:33:48.746	1.35288	1.35292			6
2025.08.15	02:33:49.363	1.35287	1.35291			6
2025.08.15	02:33:56.204		1.35290			4
2025.08.15	02:33:56.507	1.35286	1.35289			6
2025.08.15	02:33:57.445	1.35285				2
2025.08.15	02:34:00.225	1.35285				2
2025.08.15	02:34:01.142	1.35286				2
2025.08.15	02:34:01.449	1.35285	1.35288			6
2025.08.15	02:34:10.945	1.35286	1.35289			6
2025.08.15	02:34:12.170	1.35285	1.35288			6
2025.08.15	02:34:12.480	1.35286	1.35289			6
2025.08.15	02:34:13.391	1.35285	1.35288			6
2025.08.15	02:34:13.692	1.35289	1.35292			6
2025.08.15	02:34:15.236	1.35288				2
2025.08.15	02:34:18.959	1.35287	1.35290			6
2025.08.15	02:34:19.265	1.35288	1.35292			6
2025.08.15	02:34:22.065	1.35287	1.35291			6
2025.08.15	02:34:22.372	1.35288				2
2025.08.15	02:34:22.998	1.35289	1.35292			6
2025.08.15	02:34:23.603	1.35286	1.35288			6
2025.08.15	02:34:24.205	1.35284	1.35287			6
2025.08.15	02:34:24.517	1.35285	1.35288			6
2025.08.15	02:34:25.132	1.35284	1.35289			6
2025.08.15	02:34:28.547	1.35285				2
2025.08.15	02:34:30.097	1.35284				2
2025.08.15	02:34:34.132	1.35285				2
2025.08.15	02:34:34.448	1.35284				2
2025.08.15	02:34:36.313	1.35286				2
2025.08.15	02:34:36.692	1.35284				2
2025.08.15	02:34:38.248	1.35283				2
2025.08.15	02:34:40.106	1.35284				2
2025.08.15	02:34:42.281		1.35288			4
2025.08.15	02:34:42.586	1.35283				2
2025.08.15	02:34:42.888	1.35284				2
2025.08.15	02:34:45.057	1.35283				2
2025.08.15	02:34:48.164	1.35284				2
2025.08.15	02:34:50.959	1.35283				2
2025.08.15	02:34:54.050	1.35284				2
2025.08.15	02:34:54.364	1.35283				2
2025.08.15	02:34:57.155		1.35287			4
2025.08.15	02:34:59.026	1.35280	1.35284			6
2025.08.15	02:34:59.955	1.35283	1.35287			6
2025.08.15	02:35:00.262	1.35282				2
2025.08.15	02:35:01.191	1.35281				2
2025.08.15	02:35:02.120	1.35282				2
2025.08.15	02:35:08.951	1.35280	1.35285			6
2025.08.15	02:35:09.255	1.35279				2
2025.08.15	02:35:18.834	1.35278				2
2025.08.15	02:35:20.997	1.35279				2
2025.08.15	02:35:21.314	1.35281	1.35286			6
2025.08.15	02:35:21.622		1.35287			4
2025.08.15	02:35:32.458	1.35282				2
2025.08.15	02:35:36.184		1.35288			4
2025.08.15	02:35:37.423		1.35287			4
2025.08.15	02:35:41.427		1.35288			4
2025.08.15	02:35:42.358	1.35281				2
2025.08.15	02:35:42.971	1.35282				2
2025.08.15	02:35:50.408	1.35283				2
2025.08.15	02:35:54.463	1.35284				2
2025.08.15	02:35:55.090	1.35283				2
2025.08.15	02:35:56.016	1.35284				2
2025.08.15	02:36:00.053	1.35284				2
2025.08.15	02:36:00.662	1.35288	1.35291			6
2025.08.15	02:36:00.980	1.35287				2
2025.08.15	02:36:01.289	1.35286				2
2025.08.15	02:36:02.209	1.35285	1.35290			6
2025.08.15	02:36:02.510	1.35284	1.35289			6
2025.08.15	02:36:07.477		1.35290			4
2025.08.15	02:36:08.102		1.35289			4
2025.08.15	02:36:11.206	1.35283				2
2025.08.15	02:36:13.690	1.35286	1.35290			6
2025.08.15	02:36:16.476		1.35292			4
2025.08.15	02:36:39.362	1.35284	1.35290			6
2025.08.15	02:36:40.927	1.35283	1.35289			6
2025.08.15	02:36:41.232	1.35284	1.35290			6
2025.08.15	02:36:42.779	1.35286				2
2025.08.15	02:36:43.088	1.35284				2
2025.08.15	02:36:44.318	1.35283				2
2025.08.15	02:36:45.557		1.35289			4
2025.08.15	02:36:50.836	1.35284				2
2025.08.15	02:36:51.447		1.35290			4
2025.08.15	02:36:53.312	1.35285				2
2025.08.15	02:36:56.694	1.35284				2
2025.08.15	02:37:00.098	1.35284				2
2025.08.15	02:37:01.033		1.35289			4
2025.08.15	02:37:02.573	1.35283				2
2025.08.15	02:37:18.333	1.35284				2
2025.08.15	02:37:22.011	1.35283	1.35288			6
2025.08.15	02:37:25.691	1.35284	1.35289			6
2025.08.15	02:37:28.761	1.35283	1.35288			6
2025.08.15	02:37:29.067	1.35286	1.35289			6
2025.08.15	02:37:29.372	1.35284				2
2025.08.15	02:37:32.134		1.35288			4
2025.08.15	02:37:34.576	1.35288	1.35292			6
2025.08.15	02:37:34.881	1.35287	1.35291			6
2025.08.15	02:37:35.188	1.35286	1.35292			6
2025.08.15	02:37:38.312	1.35287				2
2025.08.15	02:37:40.495	1.35288				2
2025.08.15	02:37:44.843	1.35287				2
2025.08.15	02:37:53.209	1.35286	1.35290			6
2025.08.15	02:37:53.525	1.35287	1.35292			6
2025.08.15	02:37:55.386	1.35286				2
2025.08.15	02:37:56.004	1.35296	1.35300			6
2025.08.15	02:37:56.317	1.35297				2
2025.08.15	02:38:00.044	1.35297				2
2025.08.15	02:38:21.425		1.35301			4
2025.08.15	02:38:30.113	1.35299	1.35302			6
2025.08.15	02:38:35.707		1.35303			4
2025.08.15	02:38:41.264	1.35297				2
2025.08.15	02:38:44.673	1.35296				2
2025.08.15	02:38:44.979		1.35302			4
2025.08.15	02:38:46.211		1.35303			4
2025.08.15	02:39:00.180	1.35296				2
2025.08.15	02:39:01.100	1.35299				2
2025.08.15	02:39:03.259	1.35297				2
2025.08.15	02:39:03.892	1.35299				2
2025.08.15	02:39:32.874	1.35300	1.35304			6
2025.08.15	02:39:43.379		1.35303			4
2025.08.15	02:40:00.008	1.35300				2
2025.08.15	02:40:00.626		1.35304			4
2025.08.15	02:40:28.134	1.35301				2
2025.08.15	02:40:37.950	1.35300	1.35302			6
2025.08.15	02:40:38.253	1.35301	1.35304			6
2025.08.15	02:40:45.011		1.35305			4
2025.08.15	02:40:45.316		1.35304			4
2025.08.15	02:40:46.236	1.35300				2
2025.08.15	02:40:48.368	1.35301				2
2025.08.15	02:40:49.597	1.35300	1.35303			6
2025.08.15	02:40:50.824	1.35301	1.35304			6
2025.08.15	02:41:00.293	1.35301				2
2025.08.15	02:41:03.347	1.35302				2
2025.08.15	02:41:06.745	1.35299	1.35302			6
2025.08.15	02:41:07.049	1.35302	1.35304			6
2025.08.15	02:41:08.288	1.35301				2
2025.08.15	02:41:21.129	1.35299	1.35302			6
2025.08.15	02:41:21.434	1.35302	1.35304			6
2025.08.15	02:41:34.273	1.35301				2
2025.08.15	02:41:38.268	1.35302				2
2025.08.15	02:41:38.571	1.35301				2
2025.08.15	02:41:41.946	1.35302				2
2025.08.15	02:41:52.617	1.35301				2
2025.08.15	02:41:52.925	1.35302				2
2025.08.15	02:41:55.685	1.35301				2
2025.08.15	02:41:55.986	1.35302				2
2025.08.15	02:42:00.282	1.35302				2
2025.08.15	02:42:07.590	1.35301				2
2025.08.15	02:42:07.895	1.35302				2
2025.08.15	02:42:14.028	1.35301				2
2025.08.15	02:42:14.947	1.35302				2
2025.08.15	02:42:15.560	1.35301				2
2025.08.15	02:42:16.484	1.35302				2
2025.08.15	02:42:17.400	1.35301				2
2025.08.15	02:42:18.323		1.35303			4
2025.08.15	02:42:25.333		1.35304			4
2025.08.15	02:42:25.647		1.35303			4
2025.08.15	02:42:25.951		1.35304			4
2025.08.15	02:42:26.874	1.35302				2
2025.08.15	02:42:27.176	1.35301				2
2025.08.15	02:42:28.387	1.35302				2
2025.08.15	02:42:30.848	1.35301				2
2025.08.15	02:42:31.461	1.35299	1.35300			6
2025.08.15	02:42:31.764	1.35301	1.35304			6
2025.08.15	02:42:37.307		1.35303			4
2025.08.15	02:42:37.614	1.35302	1.35304			6
2025.08.15	02:42:39.465	1.35301				2
2025.08.15	02:42:42.549		1.35303			4
2025.08.15	02:42:42.858	1.35302	1.35304			6
2025.08.15	02:43:00.150	1.35302				2
2025.08.15	02:43:01.380	1.35301				2
2025.08.15	02:43:01.683	1.35302				2
2025.08.15	02:43:01.994	1.35301				2
2025.08.15	02:43:02.302	1.35303				2
2025.08.15	02:43:02.915	1.35302				2
2025.08.15	02:43:20.236	1.35310	1.35311			6
2025.08.15	02:43:20.839		1.35312			4
2025.08.15	02:43:21.152	1.35308				2
2025.08.15	02:43:23.621	1.35307				2
2025.08.15	02:43:25.171	1.35308				2
2025.08.15	02:43:29.209	1.35309				2
2025.08.15	02:43:29.515	1.35308				2
2025.08.15	02:43:35.690	1.35309				2
2025.08.15	02:43:39.088	1.35310	1.35311			6
2025.08.15	02:43:39.398	1.35309	1.35310			6
2025.08.15	02:43:40.318	1.35308				2
2025.08.15	02:43:52.644	1.35309				2
2025.08.15	02:43:55.096	1.35310	1.35311			6
2025.08.15	02:44:00.293	1.35310				2
2025.08.15	02:44:32.288		1.35312			4
2025.08.15	02:44:49.848	1.35309	1.35311			6
2025.08.15	02:44:50.166		1.35312			4
2025.08.15	02:44:52.642	1.35310				2
2025.08.15	02:45:00.045	1.35310				2
2025.08.15	02:45:04.064	1.35309	1.35311			6
2025.08.15	02:45:04.369		1.35312			4
2025.08.15	02:45:14.283		1.35311			4
2025.08.15	02:45:14.602		1.35312			4
2025.08.15	02:45:16.454	1.35307	1.35310			6
2025.08.15	02:45:22.674	1.35304	1.35306			6
2025.08.15	02:45:28.570	1.35307	1.35309			6
2025.08.15	02:45:28.878	1.35308				2
2025.08.15	02:45:29.195	1.35307				2
2025.08.15	02:45:30.135	1.35308				2
2025.08.15	02:45:31.371		1.35310			4
2025.08.15	02:45:50.276	1.35307				2
2025.08.15	02:46:00.216	1.35307				2
2025.08.15	02:46:02.071	1.35308				2
2025.08.15	02:46:04.240	1.35310	1.35313			6
2025.08.15	02:46:04.549	1.35311				2
2025.08.15	02:46:05.802	1.35310				2
2025.08.15	02:46:17.303	1.35311	1.35314			6
2025.08.15	02:46:18.848	1.35312				2
2025.08.15	02:46:19.164	1.35311				2
2025.08.15	02:46:19.482		1.35313			4
2025.08.15	02:46:21.653		1.35314			4
2025.08.15	02:46:23.821		1.35313			4
2025.08.15	02:46:30.321	1.35309	1.35310			6
2025.08.15	02:46:31.254	1.35308				2
2025.08.15	02:46:36.838		1.35309			4
2025.08.15	02:46:41.486	1.35307				2
2025.08.15	02:46:41.793		1.35310			4
2025.08.15	02:46:46.774		1.35309			4
2025.08.15	02:46:47.075	1.35308				2
2025.08.15	02:46:47.701	1.35307				2
2025.08.15	02:46:58.223	1.35308				2
2025.08.15	02:47:00.069	1.35308				2
2025.08.15	02:47:00.375	1.35310	1.35312			6
2025.08.15	02:47:00.685	1.35311				2
2025.08.15	02:47:02.218	1.35310	1.35311			6
2025.08.15	02:47:02.534	1.35309				2
2025.08.15	02:47:02.839	1.35308	1.35309			6
2025.08.15	02:47:09.685	1.35307				2
2025.08.15	02:47:10.931	1.35308				2
2025.08.15	02:47:36.208	1.35309	1.35310			6
2025.08.15	02:47:41.752	1.35308	1.35309			6
2025.08.15	02:47:59.672	1.35306				2
2025.08.15	02:47:59.986	1.35308				2
2025.08.15	02:48:00.299	1.35308				2
2025.08.15	02:48:16.111	1.35309	1.35310			6
2025.08.15	02:48:20.748	1.35308	1.35309			6
2025.08.15	02:48:30.920	1.35311	1.35312			6
2025.08.15	02:48:31.229	1.35312	1.35313			6
2025.08.15	02:48:32.153	1.35311	1.35312			6
2025.08.15	02:48:33.392	1.35312	1.35313			6
2025.08.15	02:48:40.798	1.35311	1.35312			6
2025.08.15	02:49:00.210	1.35311				2
2025.08.15	02:49:01.140	1.35312	1.35313			6
2025.08.15	02:49:25.981	1.35311	1.35312			6
2025.08.15	02:49:26.287	1.35312	1.35313			6
2025.08.15	02:49:47.100	1.35310	1.35311			6
2025.08.15	02:49:47.404	1.35309	1.35310			6
2025.08.15	02:49:47.729	1.35310	1.35311			6
2025.08.15	02:49:51.451	1.35308	1.35310			6
2025.08.15	02:49:51.757	1.35309				2
2025.08.15	02:49:52.062	1.35310	1.35311			6
2025.08.15	02:49:55.151	1.35309	1.35310			6
2025.08.15	02:50:00.090	1.35309				2
2025.08.15	02:50:00.396	1.35312	1.35313			6
2025.08.15	02:50:00.713	1.35311	1.35312			6
2025.08.15	02:50:06.918		1.35313			4
2025.08.15	02:50:17.806	1.35312	1.35314			6
2025.08.15	02:50:18.115	1.35314	1.35316			6
2025.08.15	02:50:18.422	1.35316	1.35317			6
2025.08.15	02:50:20.901	1.35314	1.35315			6
2025.08.15	02:50:23.715	1.35315	1.35316			6
2025.08.15	02:50:25.577	1.35314	1.35315			6
2025.08.15	02:50:28.361	1.35312				2
2025.08.15	02:50:28.673	1.35314				2
2025.08.15	02:50:30.841	1.35313	1.35314			6
2025.08.15	02:50:32.706	1.35309	1.35310			6
2025.08.15	02:50:33.025	1.35305	1.35307			6
2025.08.15	02:50:33.334	1.35303				2
2025.08.15	02:50:33.655		1.35309			4
2025.08.15	02:50:33.961	1.35304				2
2025.08.15	02:50:34.587	1.35305				2
2025.08.15	02:50:34.896	1.35306				2
2025.08.15	02:50:36.136	1.35305				2
2025.08.15	02:50:40.786	1.35306				2
2025.08.15	02:50:41.720	1.35305				2
2025.08.15	02:50:42.954	1.35306				2
2025.08.15	02:50:48.201	1.35307				2
2025.08.15	02:51:00.230	1.35307				2
2025.08.15	02:51:08.526	1.35308				2
2025.08.15	02:51:12.278	1.35307				2
2025.08.15	02:51:13.207	1.35305				2
2025.08.15	02:51:13.528	1.35307				2
2025.08.15	02:51:14.136	1.35306				2
2025.08.15	02:51:15.065		1.35310			4
2025.08.15	02:51:15.987		1.35309			4
2025.08.15	02:51:21.558		1.35310			4
2025.08.15	02:51:21.861	1.35308	1.35312			6
2025.08.15	02:51:23.097	1.35307				2
2025.08.15	02:51:23.719	1.35306				2
2025.08.15	02:51:26.184	1.35307				2
2025.08.15	02:51:36.739	1.35309	1.35313			6
2025.08.15	02:51:37.675	1.35308	1.35312			6
2025.08.15	02:51:48.214	1.35309				2
2025.08.15	02:51:50.683	1.35308				2
2025.08.15	02:52:00.229	1.35308				2
2025.08.15	02:52:01.451	1.35305	1.35309			6
2025.08.15	02:52:01.755	1.35306				2
2025.08.15	02:52:03.586	1.35305				2
2025.08.15	02:52:04.202		1.35308			4
2025.08.15	02:52:09.384		1.35309			4
2025.08.15	02:52:16.078	1.35307				2
2025.08.15	02:52:18.519	1.35308				2
2025.08.15	02:52:27.992	1.35310	1.35311			6
2025.08.15	02:52:28.298	1.35311	1.35312			6
2025.08.15	02:52:28.608	1.35310	1.35311			6
2025.08.15	02:52:29.224	1.35309				2
2025.08.15	02:52:33.227	1.35310				2
2025.08.15	02:52:36.313	1.35311	1.35312			6
2025.08.15	02:52:52.206		1.35313			4
2025.08.15	02:52:54.033	1.35310				2
2025.08.15	02:52:58.290		1.35312			4
2025.08.15	02:53:00.119	1.35310	1.35311			6
2025.08.15	02:53:00.434	1.35308	1.35309			6
2025.08.15	02:53:00.737	1.35307				2
2025.08.15	02:53:01.342	1.35306				2
2025.08.15	02:53:01.655	1.35307				2
2025.08.15	02:53:02.887	1.35308				2
2025.08.15	02:53:08.402	1.35305	1.35307			6
2025.08.15	02:53:08.707	1.35303	1.35305			6
2025.08.15	02:53:09.316	1.35301				2
2025.08.15	02:53:11.191	1.35300				2
2025.08.15	02:53:12.117	1.35301				2
2025.08.15	02:53:17.987	1.35299	1.35300			6
2025.08.15	02:53:18.304	1.35298				2
2025.08.15	02:53:18.608	1.35297				2
2025.08.15	02:53:19.228	1.35295				2
2025.08.15	02:53:24.455	1.35294				2
2025.08.15	02:53:24.763	1.35295				2
2025.08.15	02:53:25.371	1.35296				2
2025.08.15	02:53:26.301	1.35297				2
2025.08.15	02:53:27.847	1.35296				2
2025.08.15	02:53:28.774	1.35297				2
2025.08.15	02:53:30.314	1.35296				2
2025.08.15	02:53:34.948	1.35295	1.35297			6
2025.08.15	02:53:35.256	1.35294	1.35300			6
2025.08.15	02:53:36.793	1.35295				2
2025.08.15	02:53:37.111	1.35294				2
2025.08.15	02:53:39.259	1.35295				2
2025.08.15	02:53:45.123	1.35296				2
2025.08.15	02:53:45.430	1.35295				2
2025.08.15	02:53:49.137	1.35296				2
2025.08.15	02:53:58.375	1.35294	1.35296			6
2025.08.15	02:53:58.681		1.35298			4
2025.08.15	02:53:59.291		1.35299			4
2025.08.15	02:53:59.598	1.35295				2
2025.08.15	02:53:59.905	1.35294				2
2025.08.15	02:54:00.209	1.35295				2
2025.08.15	02:54:00.518	1.35294				2
2025.08.15	02:54:05.149		1.35298			4
2025.08.15	02:54:06.374	1.35295	1.35299			6
2025.08.15	02:54:06.675	1.35294	1.35298			6
2025.08.15	02:54:16.526	1.35293	1.35296			6
2025.08.15	02:54:16.828	1.35292				2
2025.08.15	02:54:17.440	1.35293				2
2025.08.15	02:54:20.530	1.35292	1.35295			6
2025.08.15	02:54:25.205	1.35290	1.35294			6
2025.08.15	02:54:25.513	1.35292	1.35295			6
2025.08.15	02:54:26.136	1.35293				2
2025.08.15	02:54:38.094		1.35296			4
2025.08.15	02:54:39.627	1.35294				2
2025.08.15	02:54:43.883	1.35293	1.35295			6
2025.08.15	02:54:44.193	1.35292				2
2025.08.15	02:54:45.728	1.35291	1.35294			6
2025.08.15	02:54:50.951	1.35292				2
2025.08.15	02:54:54.013	1.35291				2
2025.08.15	02:54:54.324	1.35292				2
2025.08.15	02:54:54.633	1.35291				2
2025.08.15	02:54:57.383	1.35293	1.35295			6
2025.08.15	02:55:00.125	1.35293				2
2025.08.15	02:55:00.426	1.35294	1.35296			6
2025.08.15	02:55:00.730	1.35297	1.35299			6
2025.08.15	02:55:01.037	1.35298				2
2025.08.15	02:55:02.267	1.35296				2
2025.08.15	02:55:08.175	1.35297				2
2025.08.15	02:55:11.892	1.35294	1.35296			6
2025.08.15	02:55:12.193	1.35293				2
2025.08.15	02:55:13.118	1.35292				2
2025.08.15	02:55:31.305	1.35293				2
2025.08.15	02:55:45.234	1.35294				2
2025.08.15	02:55:45.547	1.35293				2
2025.08.15	02:55:51.416	1.35292				2
2025.08.15	02:55:53.273	1.35294				2
