<DATE>	<TIME>	<BID>	<ASK>	<LAST>	<VOLUME>	<FLAGS>
2025.10.09	00:03:30.488	1.34027	1.34114			6
2025.10.09	00:04:00.052	1.34027				2
2025.10.09	00:04:30.536		1.34114			4
2025.10.09	00:05:00.107	1.34027				2
2025.10.09	00:05:00.417	1.34024				2
2025.10.09	00:05:11.489	1.34025				2
2025.10.09	00:05:13.947		1.34113			4
2025.10.09	00:05:16.098	1.34027	1.34117			6
2025.10.09	00:05:19.493	1.34025	1.34113			6
2025.10.09	00:05:21.346	1.34027	1.34117			6
2025.10.09	00:05:25.669	1.34025	1.34113			6
2025.10.09	00:10:26.444	1.33965	1.34062			6
2025.10.09	00:10:26.771	1.33934				2
2025.10.09	00:10:27.619	1.33967				2
2025.10.09	00:10:30.966	1.33970				2
2025.10.09	00:10:31.805	1.33966				2
2025.10.09	00:10:33.061	1.33965				2
2025.10.09	00:10:35.634	1.33966				2
2025.10.09	00:10:43.335	1.33972				2
2025.10.09	00:10:47.031	1.33968				2
2025.10.09	00:10:47.643	1.33967				2
2025.10.09	00:10:47.949	1.33968				2
2025.10.09	00:10:48.269	1.33960				2
2025.10.09	00:10:48.567	1.33957				2
2025.10.09	00:10:48.874	1.33963				2
2025.10.09	00:10:49.792	1.33957				2
2025.10.09	00:10:53.812	1.33956				2
2025.10.09	00:11:00.287	1.33975	1.34065			6
2025.10.09	00:11:03.688	1.33978	1.34068			6
2025.10.09	00:11:04.614	1.33976	1.34066			6
2025.10.09	00:11:04.930	1.33975	1.34065			6
2025.10.09	00:11:05.237	1.33976	1.34066			6
2025.10.09	00:11:22.517	1.33975	1.34065			6
2025.10.09	00:11:33.809	1.33980	1.34070			6
2025.10.09	00:11:34.727		1.34066			4
2025.10.09	00:11:43.656	1.33978				2
2025.10.09	00:11:44.579	1.33976				2
2025.10.09	00:11:49.174	1.33977				2
2025.10.09	00:12:00.221	1.33977				2
2025.10.09	00:12:00.533	1.33978				2
2025.10.09	00:12:05.770	1.33976				2
2025.10.09	00:12:07.004	1.33970	1.34062			6
2025.10.09	00:12:09.170	1.33972				2
2025.10.09	00:12:09.481	1.33971				2
2025.10.09	00:12:11.329	1.33970				2
2025.10.09	00:12:13.807	1.33969				2
2025.10.09	00:12:14.431	1.33968				2
2025.10.09	00:12:15.361	1.33969				2
2025.10.09	00:12:19.375	1.33968				2
2025.10.09	00:12:20.310	1.33973				2
2025.10.09	00:12:20.613	1.33985	1.34067			6
2025.10.09	00:12:34.286	1.33987				2
2025.10.09	00:12:39.231	1.33985	1.34073			6
2025.10.09	00:12:40.154		1.34075			4
2025.10.09	00:13:00.196	1.33985				2
2025.10.09	00:13:01.735	1.33993	1.34082			6
2025.10.09	00:13:38.747	1.34012	1.34087			6
2025.10.09	00:13:39.054		1.34091			4
2025.10.09	00:13:48.609		1.34089			4
2025.10.09	00:13:49.538		1.34088			4
2025.10.09	00:13:49.849	1.34008				2
2025.10.09	00:13:53.235		1.34090			4
2025.10.09	00:13:54.775		1.34091			4
2025.10.09	00:13:55.082		1.34090			4
2025.10.09	00:13:58.179		1.34089			4
2025.10.09	00:14:00.028	1.34008				2
2025.10.09	00:14:01.575	1.34003	1.34091			6
2025.10.09	00:14:04.336		1.34092			4
2025.10.09	00:14:06.490		1.34081			4
2025.10.09	00:14:06.798		1.34091			4
2025.10.09	00:14:08.651		1.34092			4
2025.10.09	00:14:10.502	1.34018	1.34108			6
2025.10.09	00:14:12.661	1.34014	1.34104			6
2025.10.09	00:14:14.519	1.34018	1.34108			6
2025.10.09	00:14:18.512	1.34013	1.34103			6
2025.10.09	00:14:18.822	1.34014	1.34104			6
2025.10.09	00:14:19.133	1.34013	1.34103			6
2025.10.09	00:14:19.437	1.34014	1.34104			6
2025.10.09	00:14:20.364	1.34018	1.34108			6
2025.10.09	00:14:20.677		1.34107			4
2025.10.09	00:14:20.978	1.34017	1.34105			6
2025.10.09	00:14:21.902	1.34015				2
2025.10.09	00:14:24.676	1.34009	1.34099			6
2025.10.09	00:14:25.616	1.34010	1.34100			6
2025.10.09	00:14:26.541	1.34015	1.34105			6
2025.10.09	00:14:30.535	1.34009	1.34099			6
2025.10.09	00:14:31.155	1.34008	1.34098			6
2025.10.09	00:14:32.089	1.34009	1.34099			6
2025.10.09	00:14:32.396	1.34015	1.34105			6
2025.10.09	00:14:35.176	1.34012	1.34078			6
2025.10.09	00:14:35.794		1.34079			4
2025.10.09	00:14:36.716	1.34011	1.34074			6
2025.10.09	00:14:37.018	1.34012	1.34080			6
2025.10.09	00:14:37.326		1.34079			4
2025.10.09	00:14:37.633		1.34081			4
2025.10.09	00:14:42.549	1.34011	1.34080			6
2025.10.09	00:14:42.854	1.34012	1.34078			6
2025.10.09	00:14:43.157		1.34082			4
2025.10.09	00:14:48.716	1.34011	1.34077			6
2025.10.09	00:14:49.027	1.34013	1.34083			6
2025.10.09	00:14:51.487	1.34014	1.34087			6
2025.10.09	00:14:54.570		1.34088			4
2025.10.09	00:14:54.878	1.34012	1.34079			6
2025.10.09	00:14:55.189	1.34014	1.34088			6
2025.10.09	00:14:55.499	1.34013				2
2025.10.09	00:15:00.119	1.34013				2
2025.10.09	00:15:00.730	1.34012	1.34080			6
2025.10.09	00:15:01.038	1.34014	1.34087			6
2025.10.09	00:15:01.344	1.34013	1.34084			6
2025.10.09	00:15:01.657		1.34085			4
2025.10.09	00:15:03.812		1.34086			4
2025.10.09	00:15:06.575		1.34084			4
2025.10.09	00:15:06.887	1.34011	1.34079			6
2025.10.09	00:15:07.196	1.34012	1.34084			6
2025.10.09	00:15:07.509	1.34013				2
2025.10.09	00:15:13.050		1.34088			4
2025.10.09	00:15:13.356		1.34085			4
2025.10.09	00:15:13.666		1.34088			4
2025.10.09	00:15:14.594		1.34100			4
2025.10.09	00:15:15.516	1.34014				2
2025.10.09	00:15:17.980	1.34013				2
2025.10.09	00:15:18.908	1.34011				2
2025.10.09	00:15:19.223	1.34013				2
2025.10.09	00:15:23.234	1.34014				2
2025.10.09	00:15:24.471	1.34013				2
2025.10.09	00:15:24.782	1.34014				2
2025.10.09	00:15:25.095	1.34012				2
2025.10.09	00:15:25.401	1.34013				2
2025.10.09	00:15:30.680	1.34012				2
2025.10.09	00:15:30.991	1.34014				2
2025.10.09	00:15:31.298	1.34012				2
2025.10.09	00:15:31.605	1.34014				2
2025.10.09	00:15:32.220		1.34090			4
2025.10.09	00:15:32.531	1.34015				2
2025.10.09	00:15:34.082	1.34014	1.34088			6
2025.10.09	00:15:34.388		1.34089			4
2025.10.09	00:15:36.858	1.34015	1.34080			6
2025.10.09	00:15:37.165	1.34014	1.34091			6
2025.10.09	00:15:37.474	1.34015	1.34090			6
2025.10.09	00:15:42.124		1.34091			4
2025.10.09	00:15:42.746	1.34014	1.34086			6
2025.10.09	00:15:43.054	1.34013	1.34091			6
2025.10.09	00:15:43.358	1.34015	1.34090			6
2025.10.09	00:15:47.062		1.34091			4
2025.10.09	00:15:48.609	1.34014	1.34090			6
2025.10.09	00:15:48.917	1.34012	1.34081			6
2025.10.09	00:15:49.227	1.34015	1.34090			6
2025.10.09	00:15:49.535	1.34014				2
2025.10.09	00:15:53.871	1.34015				2
2025.10.09	00:15:54.175	1.34016				2
2025.10.09	00:15:54.491	1.34013	1.34081			6
2025.10.09	00:15:54.803	1.34015	1.34091			6
2025.10.09	00:15:55.113	1.34013	1.34082			6
2025.10.09	00:15:55.416	1.34015	1.34086			6
2025.10.09	00:15:55.723		1.34091			4
2025.10.09	00:15:56.961	1.34016	1.34092			6
2025.10.09	00:16:00.049	1.34016				2
2025.10.09	00:16:00.659		1.34088			4
2025.10.09	00:16:00.969	1.34014	1.34087			6
2025.10.09	00:16:01.283	1.34013	1.34083			6
2025.10.09	00:16:01.589	1.34015	1.34093			6
2025.10.09	00:16:03.447		1.34092			4
2025.10.09	00:16:06.524	1.34013	1.34083			6
2025.10.09	00:16:06.832	1.34015	1.34089			6
2025.10.09	00:16:07.145		1.34088			4
2025.10.09	00:16:07.457	1.34016	1.34092			6
2025.10.09	00:16:08.693	1.34015	1.34090			6
2025.10.09	00:16:12.702	1.34013	1.34082			6
2025.10.09	00:16:13.012	1.34016	1.34092			6
2025.10.09	00:16:13.323	1.34013	1.34085			6
2025.10.09	00:16:13.630	1.34015	1.34091			6
2025.10.09	00:16:18.569	1.34014				2
2025.10.09	00:16:18.875	1.34013	1.34082			6
2025.10.09	00:16:19.189	1.34014	1.34086			6
2025.10.09	00:16:19.493	1.34015	1.34091			6
2025.10.09	00:16:23.203	1.34016	1.34093			6
2025.10.09	00:16:24.744	1.34015	1.34090			6
2025.10.09	00:16:25.057	1.34016	1.34091			6
2025.10.09	00:16:25.359	1.34017	1.34090			6
2025.10.09	00:16:25.670	1.34015	1.34093			6
2025.10.09	00:16:25.979	1.34016				2
2025.10.09	00:16:27.217		1.34095			4
2025.10.09	00:16:30.611	1.34015	1.34094			6
2025.10.09	00:16:30.922	1.34014	1.34087			6
2025.10.09	00:16:31.231	1.34016	1.34094			6
2025.10.09	00:16:31.536		1.34095			4
2025.10.09	00:16:34.027		1.34092			4
2025.10.09	00:16:36.502	1.34014	1.34085			6
2025.10.09	00:16:36.806	1.34015	1.34090			6
2025.10.09	00:16:37.115	1.34014	1.34086			6
2025.10.09	00:16:37.422	1.34015	1.34094			6
2025.10.09	00:16:37.735	1.34016				2
2025.10.09	00:16:42.680	1.34014	1.34086			6
2025.10.09	00:16:42.990	1.34016	1.34090			6
2025.10.09	00:16:43.298	1.34014	1.34086			6
2025.10.09	00:16:43.611	1.34016	1.34093			6
2025.10.09	00:16:45.468	1.34017	1.34095			6
2025.10.09	00:16:46.708		1.34093			4
2025.10.09	00:16:48.556	1.34015	1.34089			6
2025.10.09	00:16:48.861	1.34014	1.34082			6
2025.10.09	00:16:49.165	1.34015	1.34088			6
2025.10.09	00:16:49.473	1.34017	1.34094			6
2025.10.09	00:16:52.251		1.34093			4
2025.10.09	00:16:52.565	1.34016				2
2025.10.09	00:16:54.105		1.34094			4
2025.10.09	00:16:54.416	1.34017	1.34095			6
2025.10.09	00:16:54.723	1.34014	1.34087			6
2025.10.09	00:16:55.037	1.34017	1.34099			6
2025.10.09	00:16:55.342	1.34016	1.34098			6
2025.10.09	00:16:55.654	1.34018				2
2025.10.09	00:17:00.284	1.34018				2
2025.10.09	00:17:00.593	1.34017				2
2025.10.09	00:17:00.901	1.34014	1.34087			6
2025.10.09	00:17:01.209	1.34017	1.34099			6
2025.10.09	00:17:01.525	1.34016	1.34098			6
2025.10.09	00:17:02.149		1.34099			4
2025.10.09	00:17:02.458	1.34017				2
2025.10.09	00:17:03.073	1.34019				2
2025.10.09	00:17:06.788	1.34017				2
2025.10.09	00:17:07.410	1.34019				2
2025.10.09	00:17:10.801	1.34020				2
2025.10.09	00:17:12.656	1.34019				2
2025.10.09	00:17:12.961	1.34018				2
2025.10.09	00:17:13.274	1.34017				2
2025.10.09	00:17:13.591	1.34018				2
2025.10.09	00:17:18.849	1.34019				2
2025.10.09	00:17:19.157	1.34018				2
2025.10.09	00:17:19.462	1.34019				2
2025.10.09	00:17:24.721	1.34017				2
2025.10.09	00:17:25.027	1.34018				2
2025.10.09	00:17:30.590	1.34019				2
2025.10.09	00:17:30.897	1.34017				2
2025.10.09	00:17:31.206	1.34018				2
2025.10.09	00:17:31.516	1.34019				2
2025.10.09	00:17:36.765	1.34018				2
2025.10.09	00:17:38.006	1.34019				2
2025.10.09	00:17:42.951	1.34018	1.34098			6
2025.10.09	00:17:43.256	1.34017	1.34089			6
2025.10.09	00:17:43.559	1.34019	1.34099			6
2025.10.09	00:17:48.489	1.34018	1.34098			6
2025.10.09	00:17:48.791		1.34099			4
2025.10.09	00:17:49.096	1.34017	1.34098			6
2025.10.09	00:17:49.404	1.34019	1.34099			6
2025.10.09	00:17:54.633	1.34018				2
2025.10.09	00:17:54.940	1.34015				2
2025.10.09	00:17:55.245	1.34019				2
2025.10.09	00:18:00.159	1.34019				2
2025.10.09	00:18:00.772	1.34017				2
2025.10.09	00:18:01.078	1.34018				2
2025.10.09	00:18:01.388	1.34017				2
2025.10.09	00:18:01.700	1.34018				2
2025.10.09	00:18:05.069		1.34094			4
2025.10.09	00:18:06.606	1.34017	1.34092			6
2025.10.09	00:18:06.918		1.34090			4
2025.10.09	00:18:07.220	1.34019	1.34093			6
2025.10.09	00:18:12.475	1.34000	1.34088			6
2025.10.09	00:18:12.778	1.34009	1.34097			6
2025.10.09	00:18:13.102	1.34013	1.34099			6
2025.10.09	00:18:13.406	1.34016	1.34097			6
2025.10.09	00:18:14.334	1.34019				2
2025.10.09	00:18:14.645	1.34018				2
2025.10.09	00:18:18.662	1.34019	1.34101			6
2025.10.09	00:18:18.977	1.34016	1.34103			6
2025.10.09	00:18:19.287	1.34015				2
2025.10.09	00:18:19.598	1.34017	1.34099			6
2025.10.09	00:18:21.149	1.34015	1.34095			6
2025.10.09	00:18:24.550		1.34103			4
2025.10.09	00:18:24.858	1.34016				2
2025.10.09	00:18:25.163		1.34094			4
2025.10.09	00:18:30.730	1.34013	1.34103			6
2025.10.09	00:18:31.036	1.34016	1.34093			6
2025.10.09	00:18:31.342	1.34015	1.34096			6
2025.10.09	00:18:31.656	1.34016	1.34094			6
2025.10.09	00:18:36.599		1.34095			4
2025.10.09	00:18:36.908	1.34013	1.34103			6
2025.10.09	00:18:37.210	1.34017	1.34094			6
2025.10.09	00:18:37.526	1.34016	1.34093			6
2025.10.09	00:18:42.468		1.34096			4
2025.10.09	00:18:42.776		1.34097			4
2025.10.09	00:18:43.083	1.34013	1.34103			6
2025.10.09	00:18:43.396	1.34016	1.34093			6
2025.10.09	00:18:43.708	1.34017				2
2025.10.09	00:18:44.635	1.34016				2
2025.10.09	00:18:48.644	1.34015	1.34096			6
2025.10.09	00:18:48.956	1.34016	1.34094			6
2025.10.09	00:18:49.259		1.34103			4
2025.10.09	00:18:49.574	1.34015	1.34093			6
2025.10.09	00:18:52.654		1.34094			4
2025.10.09	00:18:54.509	1.34013	1.34103			6
2025.10.09	00:18:54.817	1.34015	1.34094			6
2025.10.09	00:18:55.127		1.34097			4
2025.10.09	00:18:55.442	1.34017	1.34093			6
2025.10.09	00:19:00.064	1.34017				2
2025.10.09	00:19:00.683	1.34012	1.34102			6
2025.10.09	00:19:00.995	1.34016	1.34093			6
2025.10.09	00:19:01.303	1.34013	1.34103			6
2025.10.09	00:19:01.613	1.34015	1.34093			6
2025.10.09	00:19:04.712	1.34016				2
2025.10.09	00:19:06.873		1.34099			4
2025.10.09	00:19:07.180	1.34015	1.34094			6
2025.10.09	00:19:07.504	1.34016	1.34093			6
2025.10.09	00:19:13.059	1.34013	1.34103			6
2025.10.09	00:19:13.363	1.34015	1.34093			6
2025.10.09	00:19:14.604	1.34016				2
2025.10.09	00:19:18.616		1.34094			4
2025.10.09	00:19:18.930	1.34013	1.34099			6
2025.10.09	00:19:19.238	1.34017	1.34093			6
2025.10.09	00:19:19.547	1.34016				2
2025.10.09	00:19:24.496	1.34013	1.34103			6
2025.10.09	00:19:24.802	1.34017	1.34093			6
2025.10.09	00:19:25.108	1.34013	1.34103			6
2025.10.09	00:19:25.420	1.34017	1.34092			6
2025.10.09	00:19:27.585		1.34093			4
2025.10.09	00:19:30.683	1.34013	1.34103			6
2025.10.09	00:19:30.993	1.34015	1.34099			6
2025.10.09	00:19:31.296	1.34013	1.34103			6
2025.10.09	00:19:31.602	1.34016	1.34093			6
2025.10.09	00:19:36.543	1.34013	1.34097			6
2025.10.09	00:19:36.847	1.34016	1.34093			6
2025.10.09	00:19:37.158		1.34094			4
2025.10.09	00:19:37.471	1.34017	1.34093			6
2025.10.09	00:19:42.722	1.34013	1.34103			6
2025.10.09	00:19:43.035	1.34016	1.34093			6
2025.10.09	00:19:43.339		1.34094			4
2025.10.09	00:19:44.883		1.34093			4
2025.10.09	00:19:48.595	1.34017				2
2025.10.09	00:19:48.907	1.34013	1.34103			6
2025.10.09	00:19:49.218	1.34016	1.34093			6
2025.10.09	00:19:49.531	1.34015				2
2025.10.09	00:19:54.483	1.34013	1.34103			6
2025.10.09	00:19:54.793	1.34016	1.34093			6
2025.10.09	00:19:55.106	1.34013	1.34103			6
2025.10.09	00:19:55.417	1.34016	1.34092			6
2025.10.09	00:19:59.429	1.34015	1.34093			6
2025.10.09	00:20:00.050	1.34015				2
2025.10.09	00:20:00.662	1.34017				2
2025.10.09	00:20:00.972	1.34015	1.34100			6
2025.10.09	00:20:01.292	1.34013	1.34103			6
2025.10.09	00:20:01.594	1.34017	1.34093			6
2025.10.09	00:20:04.680	1.34016				2
2025.10.09	00:20:06.531	1.34012	1.34102			6
2025.10.09	00:20:06.840	1.34016	1.34093			6
2025.10.09	00:20:07.148	1.34015	1.34096			6
2025.10.09	00:20:07.456	1.34016	1.34093			6
2025.10.09	00:20:08.078	1.34002	1.34089			6
2025.10.09	00:20:12.719		1.34083			4
2025.10.09	00:20:13.035		1.34086			4
2025.10.09	00:20:13.338		1.34085			4
2025.10.09	00:20:13.657		1.34087			4
2025.10.09	00:20:14.582		1.34090			4
2025.10.09	00:20:14.895		1.34086			4
2025.10.09	00:20:15.198		1.34088			4
2025.10.09	00:20:18.598		1.34086			4
2025.10.09	00:20:18.907		1.34084			4
2025.10.09	00:20:19.213		1.34086			4
2025.10.09	00:20:19.526		1.34088			4
2025.10.09	00:20:24.783		1.34084			4
2025.10.09	00:20:25.396		1.34088			4
2025.10.09	00:20:25.707		1.34089			4
2025.10.09	00:20:30.649		1.34086			4
2025.10.09	00:20:30.952		1.34087			4
2025.10.09	00:20:31.262		1.34084			4
2025.10.09	00:20:31.577		1.34089			4
2025.10.09	00:20:34.979		1.34087			4
2025.10.09	00:20:35.283		1.34089			4
2025.10.09	00:20:36.519		1.34082			4
2025.10.09	00:20:36.828		1.34087			4
2025.10.09	00:20:37.134		1.34085			4
2025.10.09	00:20:37.448		1.34086			4
2025.10.09	00:20:42.707		1.34081			4
2025.10.09	00:20:43.011		1.34087			4
2025.10.09	00:20:43.317		1.34083			4
2025.10.09	00:20:43.619		1.34087			4
2025.10.09	00:20:45.166		1.34089			4
2025.10.09	00:20:48.870		1.34084			4
2025.10.09	00:20:49.181		1.34089			4
2025.10.09	00:20:49.491		1.34088			4
2025.10.09	00:20:54.721		1.34084			4
2025.10.09	00:20:55.029		1.34087			4
2025.10.09	00:20:55.341		1.34088			4
2025.10.09	00:20:55.655		1.34089			4
2025.10.09	00:21:00.295	1.34002				2
2025.10.09	00:21:00.600		1.34088			4
2025.10.09	00:21:00.913		1.34084			4
2025.10.09	00:21:01.218		1.34089			4
2025.10.09	00:21:04.927		1.34087			4
2025.10.09	00:21:05.240		1.34089			4
2025.10.09	00:21:07.096		1.34083			4
2025.10.09	00:21:07.403		1.34088			4
2025.10.09	00:21:12.653		1.34089			4
2025.10.09	00:21:12.958		1.34087			4
2025.10.09	00:21:13.566		1.34088			4
2025.10.09	00:21:15.104		1.34086			4
2025.10.09	00:21:15.412		1.34088			4
2025.10.09	00:21:18.502		1.34083			4
2025.10.09	00:21:18.807		1.34088			4
2025.10.09	00:21:19.122		1.34083			4
2025.10.09	00:21:19.430		1.34088			4
2025.10.09	00:21:24.673		1.34083			4
2025.10.09	00:21:24.979		1.34086			4
2025.10.09	00:21:25.296		1.34084			4
2025.10.09	00:21:25.605		1.34089			4
2025.10.09	00:21:30.548		1.34084			4
2025.10.09	00:21:30.849		1.34088			4
2025.10.09	00:21:31.461		1.34087			4
2025.10.09	00:21:35.164		1.34088			4
2025.10.09	00:21:36.713		1.34081			4
2025.10.09	00:21:37.019		1.34087			4
2025.10.09	00:21:41.645		1.34088			4
2025.10.09	00:21:42.582		1.34085			4
2025.10.09	00:21:42.886		1.34083			4
2025.10.09	00:21:43.193		1.34088			4
2025.10.09	00:21:45.051		1.34086			4
2025.10.09	00:21:45.355		1.34088			4
2025.10.09	00:21:48.758		1.34086			4
2025.10.09	00:21:49.059		1.34083			4
2025.10.09	00:21:49.362		1.34088			4
2025.10.09	00:21:54.621		1.34086			4
2025.10.09	00:21:54.929		1.34083			4
2025.10.09	00:21:55.232		1.34088			4
2025.10.09	00:21:55.541		1.34089			4
2025.10.09	00:22:00.173	1.34002				2
2025.10.09	00:22:00.781		1.34086			4
2025.10.09	00:22:01.096		1.34084			4
2025.10.09	00:22:01.404		1.34089			4
2025.10.09	00:22:05.115		1.34088			4
2025.10.09	00:22:05.423		1.34089			4
2025.10.09	00:22:06.656		1.34085			4
2025.10.09	00:22:06.958		1.34089			4
2025.10.09	00:22:07.271		1.34086			4
2025.10.09	00:22:07.591		1.34088			4
2025.10.09	00:22:12.520		1.34085			4
2025.10.09	00:22:12.828		1.34089			4
2025.10.09	00:22:15.314		1.34086			4
2025.10.09	00:22:15.624		1.34089			4
2025.10.09	00:22:18.709		1.34084			4
2025.10.09	00:22:19.016		1.34089			4
2025.10.09	00:22:19.325		1.34088			4
2025.10.09	00:22:24.576		1.34086			4
2025.10.09	00:22:24.878		1.34084			4
2025.10.09	00:22:25.196		1.34088			4
2025.10.09	00:22:25.507		1.34087			4
2025.10.09	00:22:30.759		1.34086			4
2025.10.09	00:22:31.064		1.34084			4
2025.10.09	00:22:31.378		1.34088			4
2025.10.09	00:22:35.390		1.34089			4
2025.10.09	00:22:36.621		1.34086			4
2025.10.09	00:22:36.933		1.34085			4
2025.10.09	00:22:37.243		1.34088			4
2025.10.09	00:22:37.558		1.34089			4
2025.10.09	00:22:42.502		1.34085			4
2025.10.09	00:22:42.810		1.34089			4
2025.10.09	00:22:43.124		1.34086			4
2025.10.09	00:22:43.430		1.34089			4
2025.10.09	00:22:45.288		1.34085			4
2025.10.09	00:22:45.593		1.34089			4
2025.10.09	00:22:48.682		1.34081			4
2025.10.09	00:22:48.993		1.34088			4
2025.10.09	00:22:49.304		1.34086			4
2025.10.09	00:22:49.614		1.34089			4
2025.10.09	00:22:54.536		1.34085			4
2025.10.09	00:22:54.841		1.34089			4
2025.10.09	00:23:00.089	1.34002				2
2025.10.09	00:23:00.707		1.34083			4
2025.10.09	00:23:01.014		1.34089			4
2025.10.09	00:23:01.322		1.34084			4
2025.10.09	00:23:01.630		1.34089			4
2025.10.09	00:23:06.572		1.34086			4
2025.10.09	00:23:06.885		1.34084			4
2025.10.09	00:23:07.196		1.34089			4
2025.10.09	00:23:12.749		1.34086			4
2025.10.09	00:23:13.062		1.34084			4
2025.10.09	00:23:13.376		1.34088			4
2025.10.09	00:23:15.238		1.34086			4
2025.10.09	00:23:15.548		1.34088			4
2025.10.09	00:23:18.649		1.34087			4
2025.10.09	00:23:18.954		1.34089			4
2025.10.09	00:23:19.604		1.34090			4
2025.10.09	00:23:24.529		1.34086			4
2025.10.09	00:23:24.840		1.34089			4
2025.10.09	00:23:25.461		1.34088			4
2025.10.09	00:23:30.708		1.34084			4
2025.10.09	00:23:31.017		1.34089			4
2025.10.09	00:23:31.334		1.34088			4
2025.10.09	00:23:35.351		1.34087			4
2025.10.09	00:23:35.662		1.34089			4
2025.10.09	00:23:43.365		1.34086			4
2025.10.09	00:23:43.670		1.34090			4
2025.10.09	00:23:43.978		1.34089			4
2025.10.09	00:23:44.296		1.34087			4
2025.10.09	00:23:45.530		1.34085			4
2025.10.09	00:23:45.847		1.34088			4
2025.10.09	00:23:48.619		1.34089			4
2025.10.09	00:23:48.929		1.34085			4
2025.10.09	00:23:49.237		1.34088			4
2025.10.09	00:23:49.549		1.34090			4
2025.10.09	00:23:52.939		1.34089			4
2025.10.09	00:23:54.485		1.34085			4
2025.10.09	00:23:54.793		1.34088			4
2025.10.09	00:23:55.106		1.34084			4
2025.10.09	00:23:55.415		1.34089			4
2025.10.09	00:24:00.044	1.34002				2
2025.10.09	00:24:00.658		1.34086			4
2025.10.09	00:24:00.969		1.34089			4
2025.10.09	00:24:01.282		1.34085			4
2025.10.09	00:24:01.588		1.34089			4
2025.10.09	00:24:05.600		1.34086			4
2025.10.09	00:24:05.910		1.34089			4
2025.10.09	00:24:06.525		1.34085			4
2025.10.09	00:24:06.835		1.34089			4
2025.10.09	00:24:07.147		1.34088			4
2025.10.09	00:24:07.459		1.34089			4
2025.10.09	00:24:12.697		1.34083			4
2025.10.09	00:24:13.003		1.34090			4
2025.10.09	00:24:13.311		1.34086			4
2025.10.09	00:24:13.619		1.34089			4
2025.10.09	00:24:15.477		1.34087			4
2025.10.09	00:24:15.788		1.34089			4
2025.10.09	00:24:18.566		1.34086			4
2025.10.09	00:24:18.871		1.34076			4
2025.10.09	00:24:19.178		1.34085			4
2025.10.09	00:24:24.739		1.34080			4
2025.10.09	00:24:25.046		1.34085			4
2025.10.09	00:24:30.920		1.34077			4
2025.10.09	00:24:31.226		1.34085			4
2025.10.09	00:24:36.477		1.34082			4
2025.10.09	00:24:36.789		1.34085			4
2025.10.09	00:24:37.103		1.34077			4
2025.10.09	00:24:37.405		1.34084			4
2025.10.09	00:24:42.660		1.34085			4
2025.10.09	00:24:42.967		1.34084			4
2025.10.09	00:24:43.283		1.34077			4
2025.10.09	00:24:43.590		1.34085			4
2025.10.09	00:24:48.527		1.34077			4
2025.10.09	00:24:48.839		1.34085			4
2025.10.09	00:24:49.457		1.34084			4
2025.10.09	00:24:51.315		1.34087			4
2025.10.09	00:24:51.616		1.34088			4
2025.10.09	00:24:54.700		1.34064			4
2025.10.09	00:24:55.012		1.34088			4
2025.10.09	00:24:55.320		1.34082			4
2025.10.09	00:24:55.628		1.34087			4
2025.10.09	00:25:00.257	1.34002				2
2025.10.09	00:25:00.561		1.34081			4
2025.10.09	00:25:00.862		1.34064			4
2025.10.09	00:25:01.178		1.34087			4
2025.10.09	00:25:04.560		1.34088			4
2025.10.09	00:25:04.869		1.34089			4
2025.10.09	00:25:06.705	1.34003	1.34084			6
2025.10.09	00:25:07.012		1.34089			4
2025.10.09	00:25:07.324		1.34088			4
2025.10.09	00:25:07.633		1.34089			4
2025.10.09	00:25:08.859	1.34005				2
2025.10.09	00:25:09.176		1.34091			4
2025.10.09	00:25:11.649		1.34092			4
2025.10.09	00:25:12.574	1.34002	1.34089			6
2025.10.09	00:25:12.879		1.34085			4
2025.10.09	00:25:13.191		1.34090			4
2025.10.09	00:25:13.511		1.34089			4
2025.10.09	00:25:15.673		1.34088			4
2025.10.09	00:25:15.976	1.34003	1.34093			6
2025.10.09	00:25:18.756	1.34002	1.34092			6
2025.10.09	00:25:19.060		1.34089			4
2025.10.09	00:25:19.362	1.34003	1.34093			6
2025.10.09	00:25:22.448	1.34002	1.34091			6
2025.10.09	00:25:24.911		1.34087			4
2025.10.09	00:25:25.220		1.34092			4
2025.10.09	00:25:25.537		1.34091			4
2025.10.09	00:25:26.162	1.34004	1.34094			6
2025.10.09	00:25:30.498	1.34002	1.34090			6
2025.10.09	00:25:30.816	1.34004	1.34094			6
2025.10.09	00:25:31.120	1.34003	1.34093			6
2025.10.09	00:25:31.438	1.34004	1.34094			6
2025.10.09	00:25:32.988	1.34002	1.34092			6
2025.10.09	00:25:33.302	1.34004	1.34094			6
2025.10.09	00:25:36.703	1.33999	1.34086			6
2025.10.09	00:25:37.006	1.34003	1.34093			6
2025.10.09	00:25:37.319	1.34005	1.34095			6
2025.10.09	00:25:42.579	1.34000	1.34090			6
2025.10.09	00:25:42.887	1.33999	1.34089			6
2025.10.09	00:25:43.205	1.34002	1.34092			6
2025.10.09	00:25:43.519	1.34005	1.34095			6
2025.10.09	00:25:45.997	1.34000	1.34090			6
2025.10.09	00:25:46.299	1.34005	1.34095			6
2025.10.09	00:25:48.776	1.34003	1.34093			6
2025.10.09	00:25:49.088	1.33999	1.34087			6
2025.10.09	00:25:49.394	1.34000	1.34090			6
2025.10.09	00:25:49.711	1.34004	1.34094			6
2025.10.09	00:25:52.170	1.34005	1.34095			6
2025.10.09	00:25:54.648	1.33999	1.34089			6
2025.10.09	00:25:54.952	1.34000	1.34090			6
2025.10.09	00:25:55.267	1.33999	1.34088			6
2025.10.09	00:25:55.575	1.34001	1.34091			6
2025.10.09	00:25:55.890	1.34000	1.34090			6
2025.10.09	00:25:57.751	1.34001	1.34091			6
2025.10.09	00:26:00.220	1.34001				2
2025.10.09	00:26:00.530	1.33999	1.34086			6
2025.10.09	00:26:00.838	1.34000	1.34090			6
2025.10.09	00:26:01.153	1.34004	1.34094			6
2025.10.09	00:26:06.098	1.34005	1.34095			6
2025.10.09	00:26:06.713	1.33999	1.34086			6
2025.10.09	00:26:07.022		1.34087			4
2025.10.09	00:26:07.338		1.34089			4
2025.10.09	00:26:12.597		1.34088			4
2025.10.09	00:26:12.900		1.34089			4
2025.10.09	00:26:13.202		1.34087			4
2025.10.09	00:26:13.514	1.34003	1.34093			6
2025.10.09	00:26:15.671	1.34004				2
2025.10.09	00:26:15.979	1.33999	1.34089			6
2025.10.09	00:26:16.290	1.34004	1.34093			6
2025.10.09	00:26:20.357		1.34094			4
2025.10.09	00:26:23.748	1.34000	1.34090			6
2025.10.09	00:26:24.055	1.34005	1.34094			6
2025.10.09	00:26:32.373	1.34002	1.34092			6
2025.10.09	00:26:32.681	1.34003	1.34093			6
2025.10.09	00:26:34.845	1.34004	1.34094			6
2025.10.09	00:26:36.380	1.34002	1.34092			6
2025.10.09	00:26:55.179	1.34004	1.34094			6
2025.10.09	00:26:56.101	1.34002	1.34092			6
2025.10.09	00:26:56.410	1.34005	1.34095			6
2025.10.09	00:26:59.477	1.34001	1.34091			6
2025.10.09	00:27:00.084	1.34000	1.34090			6
2025.10.09	00:27:02.548	1.34001	1.34091			6
2025.10.09	00:27:06.231	1.33999	1.34087			6
2025.10.09	00:27:06.539	1.34003	1.34093			6
2025.10.09	00:27:08.693	1.34013				2
2025.10.09	00:27:08.994	1.34003				2
2025.10.09	00:27:09.298	1.34013				2
2025.10.09	00:27:09.602	1.34003				2
2025.10.09	00:27:09.915	1.34013				2
2025.10.09	00:27:10.218	1.34003				2
2025.10.09	00:27:10.526	1.34013				2
2025.10.09	00:27:10.832	1.34003				2
2025.10.09	00:27:11.139	1.34013				2
2025.10.09	00:27:11.754	1.34003				2
2025.10.09	00:27:12.371	1.34002	1.34092			6
2025.10.09	00:27:16.363	1.33999	1.34088			6
2025.10.09	00:27:16.672	1.34000	1.34090			6
2025.10.09	00:27:23.409	1.33999	1.34089			6
2025.10.09	00:27:26.167		1.34086			4
2025.10.09	00:27:26.475	1.34001	1.34091			6
2025.10.09	00:27:32.303	1.33999	1.34089			6
2025.10.09	00:27:36.282		1.34087			4
2025.10.09	00:27:36.592	1.34002	1.34092			6
2025.10.09	00:27:46.452	1.33999	1.34087			6
2025.10.09	00:27:46.761	1.34002	1.34092			6
2025.10.09	00:27:56.334	1.33999	1.34087			6
2025.10.09	00:27:56.645	1.34002	1.34092			6
2025.10.09	00:28:00.045	1.34002				2
2025.10.09	00:28:06.221	1.34003	1.34093			6
2025.10.09	00:28:06.526	1.33999	1.34089			6
2025.10.09	00:28:06.836	1.34001	1.34091			6
2025.10.09	00:28:09.305	1.33999	1.34085			6
2025.10.09	00:28:10.236	1.34001				2
2025.10.09	00:28:16.099	1.33999				2
2025.10.09	00:28:16.574	1.34000				2
2025.10.09	00:28:22.413		1.34084			4
2025.10.09	00:28:24.856	1.34001	1.34087			6
2025.10.09	00:28:26.087	1.34000				2
2025.10.09	00:28:26.392	1.33999	1.34086			6
2025.10.09	00:28:26.695	1.34001	1.34087			6
2025.10.09	00:28:28.845		1.34085			4
2025.10.09	00:28:35.610	1.33999	1.34084			6
2025.10.09	00:29:00.284	1.33999				2
2025.10.09	00:29:03.063		1.34082			4
2025.10.09	00:29:16.740		1.34081			4
2025.10.09	00:29:18.680		1.34083			4
2025.10.09	00:29:28.481		1.34082			4
2025.10.09	00:29:35.626		1.34081			4
2025.10.09	00:29:36.781		1.34080			4
2025.10.09	00:29:55.295		1.34079			4
2025.10.09	00:29:57.163		1.34081			4
2025.10.09	00:30:00.376	1.34006	1.34086			6
2025.10.09	00:30:06.853	1.34003				2
2025.10.09	00:30:09.943		1.34087			4
2025.10.09	00:30:10.247		1.34086			4
2025.10.09	00:30:12.093		1.34087			4
2025.10.09	00:30:14.571		1.34086			4
2025.10.09	00:30:16.100		1.34085			4
2025.10.09	00:30:27.233		1.34086			4
2025.10.09	00:30:28.163		1.34085			4
2025.10.09	00:30:31.545		1.34086			4
2025.10.09	00:30:32.166		1.34087			4
2025.10.09	00:30:38.319		1.34086			4
2025.10.09	00:30:38.633		1.34085			4
2025.10.09	00:30:46.966		1.34084			4
2025.10.09	00:30:47.267		1.34085			4
2025.10.09	00:30:51.596		1.34084			4
2025.10.09	00:30:52.211		1.34083			4
2025.10.09	00:30:52.529		1.34084			4
2025.10.09	00:30:53.753	1.34006				2
2025.10.09	00:31:00.227	1.34006				2
2025.10.09	00:31:09.489		1.34086			4
2025.10.09	00:31:12.269		1.34085			4
2025.10.09	00:31:20.280		1.34084			4
2025.10.09	00:31:36.576		1.34083			4
2025.10.09	00:31:37.495		1.34084			4
2025.10.09	00:31:39.347		1.34085			4
2025.10.09	00:31:39.667		1.34084			4
2025.10.09	00:31:40.586	1.34008	1.34081			6
2025.10.09	00:31:45.210	1.34002				2
2025.10.09	00:31:52.598		1.34082			4
2025.10.09	00:32:00.304	1.34002				2
2025.10.09	00:32:07.381		1.34081			4
2025.10.09	00:32:12.000		1.34082			4
2025.10.09	00:32:15.702		1.34080			4
2025.10.09	00:32:16.014		1.34082			4
2025.10.09	00:32:16.935		1.34081			4
2025.10.09	00:32:36.326		1.34080			4
2025.10.09	00:32:37.553		1.34081			4
2025.10.09	00:32:59.364		1.34079			4
2025.10.09	00:32:59.981		1.34081			4
2025.10.09	00:33:00.289	1.34002				2
2025.10.09	00:33:03.061		1.34078			4
2025.10.09	00:33:03.990		1.34081			4
2025.10.09	00:33:06.461		1.34080			4
2025.10.09	00:33:08.917		1.34081			4
2025.10.09	00:33:16.922		1.34080			4
2025.10.09	00:33:30.141	1.33992				2
2025.10.09	00:33:32.597	1.34000	1.34081			6
2025.10.09	00:33:44.005		1.34080			4
2025.10.09	00:33:52.328		1.34081			4
2025.10.09	00:34:00.039	1.34000				2
2025.10.09	00:34:00.351	1.33997				2
2025.10.09	00:34:05.593		1.34080			4
2025.10.09	00:34:06.829		1.34079			4
2025.10.09	00:34:12.387		1.34080			4
2025.10.09	00:34:22.586		1.34081			4
2025.10.09	00:34:24.754		1.34079			4
2025.10.09	00:34:25.060		1.34078			4
2025.10.09	00:34:25.370		1.34080			4
2025.10.09	00:34:30.311	1.33998				2
2025.10.09	00:34:49.449		1.34079			4
2025.10.09	00:34:53.463		1.34080			4
2025.10.09	00:35:00.254	1.33998				2
2025.10.09	00:35:16.077		1.34079			4
2025.10.09	00:35:16.385		1.34080			4
2025.10.09	00:35:25.359	1.34000				2
2025.10.09	00:35:25.982		1.34077			4
2025.10.09	00:35:30.323	1.33994	1.34079			6
2025.10.09	00:35:34.369		1.34080			4
2025.10.09	00:35:35.600	1.34004				2
2025.10.09	00:35:35.912		1.34078			4
2025.10.09	00:35:39.004		1.34077			4
2025.10.09	00:35:40.546		1.34078			4
2025.10.09	00:35:42.393		1.34077			4
2025.10.09	00:35:43.322		1.34075			4
2025.10.09	00:35:43.631		1.34076			4
2025.10.09	00:35:45.174		1.34078			4
2025.10.09	00:35:51.960		1.34076			4
2025.10.09	00:35:52.580		1.34077			4
2025.10.09	00:36:00.299	1.34006	1.34078			6
2025.10.09	00:36:05.240		1.34079			4
2025.10.09	00:36:06.164		1.34078			4
2025.10.09	00:36:12.624		1.34077			4
2025.10.09	00:36:18.191	1.34002				2
2025.10.09	00:36:19.427		1.34076			4
2025.10.09	00:36:23.104		1.34077			4
2025.10.09	00:36:23.716		1.34076			4
2025.10.09	00:36:24.632		1.34077			4
2025.10.09	00:36:33.728		1.34076			4
2025.10.09	00:36:34.343		1.34075			4
2025.10.09	00:36:34.956		1.34076			4
2025.10.09	00:36:35.578		1.34077			4
2025.10.09	00:36:42.613		1.34075			4
2025.10.09	00:36:43.234		1.34076			4
2025.10.09	00:36:44.468		1.34075			4
2025.10.09	00:36:44.776		1.34076			4
2025.10.09	00:36:46.330		1.34075			4
2025.10.09	00:36:51.577		1.34077			4
2025.10.09	00:36:52.689		1.34076			4
2025.10.09	00:36:53.608		1.34075			4
2025.10.09	00:36:54.539	1.33986	1.34073			6
2025.10.09	00:36:55.162	1.33984	1.34065			6
2025.10.09	00:36:55.471		1.34074			4
2025.10.09	00:36:56.408	1.33985	1.34075			6
2025.10.09	00:36:56.715	1.33987	1.34077			6
2025.10.09	00:36:57.029	1.33986	1.34076			6
2025.10.09	00:36:57.951		1.34075			4
2025.10.09	00:36:58.576		1.34073			4
2025.10.09	00:37:00.116	1.33986				2
2025.10.09	00:37:00.425		1.34072			4
2025.10.09	00:37:04.423		1.34074			4
2025.10.09	00:37:09.020		1.34073			4
2025.10.09	00:37:15.167		1.34074			4
2025.10.09	00:37:24.729		1.34073			4
2025.10.09	00:37:29.654		1.34072			4
2025.10.09	00:37:36.738		1.34071			4
2025.10.09	00:37:38.581		1.34070			4
2025.10.09	00:37:40.112	1.33985				2
2025.10.09	00:37:40.424		1.34073			4
2025.10.09	00:37:57.930		1.34072			4
2025.10.09	00:38:00.075	1.33985				2
2025.10.09	00:38:02.231		1.34073			4
2025.10.09	00:38:10.210		1.34072			4
2025.10.09	00:38:11.136		1.34071			4
2025.10.09	00:38:13.598		1.34070			4
2025.10.09	00:38:15.123	1.33984	1.34072			6
2025.10.09	00:38:24.939		1.34073			4
2025.10.09	00:38:26.477		1.34072			4
2025.10.09	00:38:45.180	1.33985				2
2025.10.09	00:39:02.413	1.33985				2
2025.10.09	00:39:09.446		1.34063			4
2025.10.09	00:39:11.640	1.33984	1.34072			6
2025.10.09	00:39:12.255	1.33987	1.34071			6
2025.10.09	00:39:12.758	1.33984				2
2025.10.09	00:39:14.005	1.33987				2
2025.10.09	00:39:17.015	1.33984				2
2025.10.09	00:39:17.321	1.33987				2
2025.10.09	00:39:25.341	1.33984	1.34070			6
2025.10.09	00:39:26.072		1.34069			4
2025.10.09	00:39:27.303		1.34056			4
2025.10.09	00:39:27.606	1.33986				2
2025.10.09	00:39:30.395		1.34055			4
2025.10.09	00:39:31.772		1.34056			4
2025.10.09	00:39:35.888		1.34055			4
2025.10.09	00:39:36.655		1.34056			4
2025.10.09	00:39:40.338	1.33984				2
2025.10.09	00:39:41.284		1.34055			4
2025.10.09	00:39:42.948		1.34068			4
2025.10.09	00:39:43.258		1.34055			4
2025.10.09	00:39:43.563		1.34068			4
2025.10.09	00:39:44.178		1.34055			4
2025.10.09	00:39:44.783		1.34068			4
2025.10.09	00:39:45.090		1.34065			4
2025.10.09	00:39:45.404		1.34068			4
2025.10.09	00:39:45.706		1.34055			4
2025.10.09	00:39:46.008		1.34066			4
2025.10.09	00:39:46.317		1.34055			4
2025.10.09	00:39:46.928		1.34068			4
2025.10.09	00:39:47.238		1.34054			4
2025.10.09	00:39:47.546		1.34060			4
2025.10.09	00:39:56.677		1.34059			4
2025.10.09	00:39:58.762		1.34068			4
2025.10.09	00:39:59.471	1.33987				2
2025.10.09	00:40:02.583	1.33987				2
2025.10.09	00:40:08.520		1.34059			4
2025.10.09	00:40:09.128		1.34068			4
2025.10.09	00:40:09.433		1.34059			4
2025.10.09	00:40:09.739		1.34068			4
2025.10.09	00:40:17.287		1.34061			4
2025.10.09	00:40:18.173	1.33988	1.34068			6
2025.10.09	00:40:22.662		1.34060			4
2025.10.09	00:40:24.053	1.33987				2
2025.10.09	00:40:24.365	1.33988				2
2025.10.09	00:40:24.742		1.34059			4
2025.10.09	00:40:25.412	1.33987				2
2025.10.09	00:40:26.487	1.33990				2
2025.10.09	00:40:33.961		1.34058			4
2025.10.09	00:40:35.344		1.34060			4
2025.10.09	00:40:36.878		1.34059			4
2025.10.09	00:40:38.116		1.34058			4
2025.10.09	00:40:38.891		1.34059			4
2025.10.09	00:40:43.688		1.34058			4
2025.10.09	00:40:45.799		1.34059			4
2025.10.09	00:40:47.055		1.34058			4
2025.10.09	00:40:47.359		1.34060			4
2025.10.09	00:40:47.949		1.34058			4
2025.10.09	00:40:49.339		1.34060			4
2025.10.09	00:40:49.988		1.34059			4
2025.10.09	00:40:53.748		1.34058			4
2025.10.09	00:40:56.372		1.34059			4
2025.10.09	00:40:58.381		1.34060			4
2025.10.09	00:40:59.349		1.34059			4
2025.10.09	00:41:00.136	1.33990	1.34058			6
2025.10.09	00:41:02.660		1.34059			4
2025.10.09	00:41:04.059		1.34058			4
2025.10.09	00:41:04.369		1.34059			4
2025.10.09	00:41:08.862		1.34061			4
2025.10.09	00:41:10.404	1.33989				2
2025.10.09	00:41:11.279		1.34059			4
2025.10.09	00:41:11.625		1.34061			4
2025.10.09	00:41:11.988		1.34060			4
2025.10.09	00:41:14.761		1.34059			4
2025.10.09	00:41:19.504		1.34060			4
2025.10.09	00:41:20.502		1.34059			4
2025.10.09	00:41:21.875		1.34058			4
2025.10.09	00:41:22.389		1.34059			4
2025.10.09	00:41:25.041		1.34060			4
2025.10.09	00:41:26.455		1.34059			4
2025.10.09	00:41:32.324		1.34061			4
2025.10.09	00:41:39.062		1.34060			4
2025.10.09	00:41:41.054	1.33991				2
2025.10.09	00:41:41.884		1.34058			4
2025.10.09	00:41:44.602		1.34059			4
2025.10.09	00:41:55.057	1.33992				2
2025.10.09	00:41:55.361	1.33996	1.34066			6
2025.10.09	00:41:56.345		1.34068			4
2025.10.09	00:42:00.377	1.33996				2
2025.10.09	00:42:05.287		1.34062			4
2025.10.09	00:42:08.674		1.34061			4
2025.10.09	00:42:09.096		1.34063			4
2025.10.09	00:42:10.220	1.34000	1.34068			6
2025.10.09	00:42:25.146	1.33996				2
2025.10.09	00:43:01.714	1.33996				2
2025.10.09	00:43:10.339		1.34068			4
2025.10.09	00:43:17.728	1.33994	1.34069			6
2025.10.09	00:43:23.420	1.34003	1.34066			6
2025.10.09	00:43:23.723	1.33994	1.34057			6
2025.10.09	00:43:24.039	1.34003	1.34069			6
2025.10.09	00:43:24.340	1.33994				2
2025.10.09	00:43:24.657	1.34003				2
2025.10.09	00:43:25.149	1.33994	1.34056			6
2025.10.09	00:43:25.475	1.34003	1.34069			6
2025.10.09	00:43:25.776	1.33994				2
2025.10.09	00:43:26.399	1.33989	1.34057			6
2025.10.09	00:43:26.705	1.34003				2
2025.10.09	00:43:27.012	1.33989				2
2025.10.09	00:43:28.691	1.33992	1.34068			6
2025.10.09	00:43:29.000		1.34057			4
2025.10.09	00:43:30.508		1.34068			4
2025.10.09	00:43:30.824		1.34057			4
2025.10.09	00:43:34.416	1.33987	1.34068			6
2025.10.09	00:43:34.731	1.33992	1.34057			6
2025.10.09	00:43:36.473	1.33990				2
2025.10.09	00:43:37.986	1.33992	1.34068			6
2025.10.09	00:43:38.602		1.34058			4
2025.10.09	00:43:38.936	1.33987				2
2025.10.09	00:43:39.903	1.33992				2
2025.10.09	00:43:41.337	1.33997	1.34068			6
2025.10.09	00:43:49.101		1.34067			4
2025.10.09	00:43:50.946		1.34068			4
2025.10.09	00:43:53.998	1.33993				2
2025.10.09	00:44:00.575	1.33993				2
2025.10.09	00:44:12.592	1.33994	1.34066			6
2025.10.09	00:44:14.155		1.34068			4
2025.10.09	00:44:15.815		1.34057			4
2025.10.09	00:44:16.339		1.34056			4
2025.10.09	00:44:16.753	1.33993	1.34057			6
2025.10.09	00:44:18.796		1.34058			4
2025.10.09	00:44:20.076	1.33994				2
2025.10.09	00:44:22.662		1.34057			4
2025.10.09	00:44:28.060		1.34058			4
2025.10.09	00:44:28.909	1.33988				2
2025.10.09	00:44:29.218		1.34069			4
2025.10.09	00:44:30.444		1.34057			4
2025.10.09	00:44:32.074	1.33987				2
2025.10.09	00:44:32.623	1.33988	1.34058			6
2025.10.09	00:44:33.238	1.33989	1.34057			6
2025.10.09	00:44:33.551	1.33988	1.34052			6
2025.10.09	00:44:34.300	1.33989	1.34068			6
2025.10.09	00:44:49.347	1.33987	1.34070			6
2025.10.09	00:44:53.060	1.33988	1.34068			6
2025.10.09	00:44:55.137		1.34071			4
2025.10.09	00:45:00.060	1.33988	1.34069			6
2025.10.09	00:45:00.362	1.33987	1.34071			6
2025.10.09	00:45:02.815		1.34072			4
2025.10.09	00:45:03.129	1.33982				2
2025.10.09	00:45:03.431	1.33980	1.34070			6
2025.10.09	00:45:03.739	1.33982	1.34072			6
2025.10.09	00:45:04.670	1.33981	1.34071			6
2025.10.09	00:45:05.900	1.33979	1.34069			6
2025.10.09	00:45:06.516	1.33987				2
2025.10.09	00:45:07.122		1.34072			4
2025.10.09	00:45:08.648		1.34071			4
2025.10.09	00:45:11.766	1.34003	1.34055			6
2025.10.09	00:45:14.321	1.34008				2
2025.10.09	00:45:20.496		1.34054			4
2025.10.09	00:45:23.889	1.34004				2
2025.10.09	00:45:25.131	1.34008	1.34052			6
2025.10.09	00:45:28.836	1.34006				2
2025.10.09	00:45:30.381	1.34008				2
2025.10.09	00:45:35.639	1.34004	1.34055			6
2025.10.09	00:45:38.105	1.34003				2
2025.10.09	00:45:38.413	1.34004	1.34054			6
2025.10.09	00:45:40.268	1.34003				2
2025.10.09	00:45:44.900	1.34004				2
2025.10.09	00:45:46.137	1.34003				2
2025.10.09	00:45:46.440	1.34004				2
2025.10.09	00:45:50.771		1.34052			4
2025.10.09	00:45:51.071	1.34005				2
2025.10.09	00:45:53.550	1.34003				2
2025.10.09	00:45:53.859		1.34054			4
2025.10.09	00:45:54.171	1.34005	1.34052			6
2025.10.09	00:46:00.036	1.34005				2
2025.10.09	00:46:08.066	1.34008				2
2025.10.09	00:46:12.078		1.34054			4
2025.10.09	00:46:20.770	1.34006				2
2025.10.09	00:46:30.348		1.34053			4
2025.10.09	00:46:31.889		1.34054			4
2025.10.09	00:47:00.236	1.34006				2
2025.10.09	00:47:03.025	1.33999	1.34057			6
2025.10.09	00:47:05.791	1.33998	1.34056			6
2025.10.09	00:47:06.405	1.34011	1.34048			6
2025.10.09	00:47:08.553		1.34047			4
2025.10.09	00:47:10.094		1.34048			4
2025.10.09	00:47:12.556		1.34047			4
2025.10.09	00:47:19.647		1.34053			4
2025.10.09	00:47:20.575		1.34052			4
2025.10.09	00:47:21.494		1.34051			4
2025.10.09	00:47:21.805		1.34050			4
2025.10.09	00:47:22.111		1.34052			4
2025.10.09	00:47:22.737		1.34050			4
2025.10.09	00:47:23.964		1.34053			4
2025.10.09	00:47:25.815		1.34052			4
2025.10.09	00:47:27.361		1.34051			4
2025.10.09	00:47:27.676		1.34050			4
2025.10.09	00:47:28.598		1.34053			4
2025.10.09	00:47:29.840		1.34052			4
2025.10.09	00:47:30.452		1.34051			4
2025.10.09	00:47:32.294		1.34050			4
2025.10.09	00:47:35.673	1.34008				2
2025.10.09	00:47:37.517		1.34049			4
2025.10.09	00:47:39.362		1.34050			4
2025.10.09	00:47:39.668		1.34047			4
2025.10.09	00:47:43.678		1.34045			4
2025.10.09	00:47:46.452		1.34044			4
2025.10.09	00:47:47.683		1.34050			4
2025.10.09	00:47:47.988		1.34047			4
2025.10.09	00:47:50.766	1.34010				2
2025.10.09	00:47:58.482		1.34046			4
2025.10.09	00:48:00.025	1.34010				2
2025.10.09	00:48:02.183		1.34047			4
2025.10.09	00:48:05.563		1.34048			4
2025.10.09	00:48:05.873		1.34049			4
2025.10.09	00:48:09.233	1.34006				2
2025.10.09	00:48:09.554	1.34010	1.34054			6
2025.10.09	00:48:12.944		1.34048			4
2025.10.09	00:48:19.685		1.34049			4
2025.10.09	00:48:20.299		1.34050			4
2025.10.09	00:48:21.226		1.34049			4
2025.10.09	00:48:38.699		1.34054			4
2025.10.09	00:49:00.218	1.34010				2
2025.10.09	00:49:01.444	1.33998	1.34056			6
2025.10.09	00:49:06.050	1.33997	1.34055			6
2025.10.09	00:49:14.954	1.33999	1.34057			6
2025.10.09	00:49:15.259	1.34001	1.34059			6
2025.10.09	00:49:18.931	1.34002	1.34060			6
2025.10.09	00:49:21.993	1.34001	1.34059			6
2025.10.09	00:49:22.296		1.34058			4
2025.10.09	00:49:22.905		1.34059			4
2025.10.09	00:49:26.266	1.34002	1.34060			6
2025.10.09	00:49:30.238		1.34056			4
2025.10.09	00:49:30.857	1.34001	1.34055			6
2025.10.09	00:49:37.908	1.34002	1.34060			6
2025.10.09	00:49:38.214	1.34003	1.34061			6
2025.10.09	00:49:39.440	1.34001	1.34056			6
2025.10.09	00:49:42.520		1.34055			4
2025.10.09	00:49:42.825		1.34054			4
2025.10.09	00:49:43.131		1.34056			4
2025.10.09	00:49:50.494	1.34005	1.34055			6
2025.10.09	00:49:52.338		1.34054			4
2025.10.09	00:49:52.945		1.34055			4
2025.10.09	00:50:00.025	1.34005				2
2025.10.09	00:50:02.781	1.34003	1.34053			6
2025.10.09	00:50:04.939	1.34005	1.34054			6
2025.10.09	00:50:05.553	1.34008				2
2025.10.09	00:50:15.988	1.34006				2
2025.10.09	00:50:28.578	1.34004				2
2025.10.09	00:50:29.194	1.34007	1.34055			6
2025.10.09	00:50:34.114	1.34005				2
2025.10.09	00:50:34.734		1.34054			4
2025.10.09	00:50:35.038		1.34053			4
2025.10.09	00:50:38.747	1.34007	1.34055			6
2025.10.09	00:50:43.067	1.34004				2
2025.10.09	00:50:43.681		1.34053			4
2025.10.09	00:50:44.293	1.34007	1.34055			6
2025.10.09	00:50:44.608	1.34005				2
2025.10.09	00:50:49.229	1.34007	1.34054			6
2025.10.09	00:50:53.546	1.34009				2
2025.10.09	00:51:00.033	1.34009				2
2025.10.09	00:51:29.677	1.34022				2
2025.10.09	00:51:29.978	1.34009				2
2025.10.09	00:51:30.296	1.34022				2
2025.10.09	00:51:30.600	1.34009				2
2025.10.09	00:51:31.214	1.34022				2
2025.10.09	00:51:32.767	1.34009				2
2025.10.09	00:51:33.076	1.34022				2
2025.10.09	00:51:33.386	1.34009				2
2025.10.09	00:51:40.174		1.34053			4
2025.10.09	00:51:42.629		1.34054			4
2025.10.09	00:51:50.663	1.34012				2
2025.10.09	00:52:00.243	1.34012				2
2025.10.09	00:52:05.493	1.34009				2
2025.10.09	00:52:42.181		1.34052			4
2025.10.09	00:52:43.729		1.34053			4
2025.10.09	00:52:52.974		1.34052			4
2025.10.09	00:52:55.132		1.34053			4
2025.10.09	00:52:59.753	1.34011				2
2025.10.09	00:53:00.062	1.34011				2
2025.10.09	00:53:05.937		1.34052			4
2025.10.09	00:53:07.792		1.34053			4
2025.10.09	00:53:08.406		1.34054			4
2025.10.09	00:53:50.781	1.34009				2
2025.10.09	00:54:00.025	1.34009				2
2025.10.09	00:54:05.553	1.34004				2
2025.10.09	00:54:07.390		1.34049			4
2025.10.09	00:54:07.691		1.34054			4
2025.10.09	00:54:09.851	1.34006				2
2025.10.09	00:54:16.316	1.34003				2
2025.10.09	00:54:20.629	1.34009				2
2025.10.09	00:55:00.091	1.34009				2
2025.10.09	00:55:01.013	1.34000				2
2025.10.09	00:55:07.801		1.34054			4
2025.10.09	00:55:11.817	1.34002				2
2025.10.09	00:55:15.808	1.33999				2
2025.10.09	00:55:17.661	1.34000				2
2025.10.09	00:55:18.594	1.34008	1.34066			6
2025.10.09	00:55:18.899	1.34014	1.34077			6
2025.10.09	00:55:19.205		1.34078			4
2025.10.09	00:55:19.515	1.34015	1.34079			6
2025.10.09	00:55:19.824	1.34013	1.34076			6
2025.10.09	00:55:20.131	1.34011	1.34061			6
2025.10.09	00:55:20.443		1.34071			4
2025.10.09	00:55:20.745		1.34069			4
2025.10.09	00:55:21.352	1.34010	1.34068			6
2025.10.09	00:55:21.653	1.34011	1.34069			6
2025.10.09	00:55:21.960	1.34009	1.34067			6
2025.10.09	00:55:22.264	1.34007	1.34065			6
2025.10.09	00:55:22.568	1.34008	1.34066			6
2025.10.09	00:55:22.873	1.34006	1.34064			6
2025.10.09	00:55:23.178	1.34005	1.34063			6
2025.10.09	00:55:23.485	1.34006	1.34064			6
2025.10.09	00:55:23.796	1.34007	1.34065			6
2025.10.09	00:55:24.722	1.34006	1.34064			6
2025.10.09	00:55:25.030	1.34003	1.34061			6
2025.10.09	00:55:25.957	1.34006	1.34064			6
2025.10.09	00:55:26.270	1.34004	1.34062			6
2025.10.09	00:55:26.577	1.34005	1.34063			6
2025.10.09	00:55:26.890	1.34002	1.34060			6
2025.10.09	00:55:27.197	1.34003	1.34061			6
2025.10.09	00:55:27.506	1.34006	1.34064			6
2025.10.09	00:55:27.813	1.34005	1.34063			6
2025.10.09	00:55:29.357	1.34006	1.34064			6
2025.10.09	00:55:29.661	1.34005	1.34063			6
2025.10.09	00:55:30.896	1.34010	1.34058			6
2025.10.09	00:55:31.197	1.34007				2
2025.10.09	00:55:31.809	1.34011	1.34059			6
2025.10.09	00:55:32.112		1.34060			4
2025.10.09	00:55:32.423	1.34013	1.34067			6
2025.10.09	00:55:32.724	1.34011				2
2025.10.09	00:55:33.033		1.34068			4
2025.10.09	00:55:33.341		1.34067			4
2025.10.09	00:55:34.263		1.34068			4
2025.10.09	00:55:35.490	1.34016	1.34070			6
2025.10.09	00:55:35.799	1.34012	1.34072			6
2025.10.09	00:55:36.102	1.34009	1.34067			6
2025.10.09	00:55:37.635	1.34010	1.34068			6
2025.10.09	00:55:38.558	1.34009	1.34067			6
2025.10.09	00:55:39.487	1.34011	1.34069			6
2025.10.09	00:55:39.791	1.34007	1.34065			6
2025.10.09	00:55:41.028	1.34011	1.34071			6
2025.10.09	00:55:41.336		1.34070			4
2025.10.09	00:55:41.948		1.34072			4
2025.10.09	00:55:42.256		1.34069			4
2025.10.09	00:55:42.558	1.34005	1.34063			6
2025.10.09	00:55:42.859	1.34008	1.34066			6
2025.10.09	00:55:43.778	1.34009	1.34067			6
2025.10.09	00:55:44.684	1.34008	1.34066			6
2025.10.09	00:55:45.293	1.34006	1.34064			6
2025.10.09	00:55:46.199	1.34005	1.34063			6
2025.10.09	00:55:46.500	1.34006	1.34064			6
2025.10.09	00:55:48.626	1.34004	1.34062			6
2025.10.09	00:55:49.547	1.34008	1.34066			6
2025.10.09	00:55:53.553	1.34006	1.34064			6
2025.10.09	00:55:54.477	1.34003	1.34061			6
2025.10.09	00:55:55.388	1.34006	1.34064			6
2025.10.09	00:55:55.696	1.34011	1.34081			6
2025.10.09	00:55:56.311		1.34083			4
2025.10.09	00:55:56.617		1.34082			4
2025.10.09	00:55:56.920		1.34080			4
2025.10.09	00:55:57.855	1.34007	1.34065			6
2025.10.09	00:55:58.470	1.34011	1.34077			6
2025.10.09	00:55:58.770		1.34076			4
2025.10.09	00:55:59.397		1.34073			4
2025.10.09	00:55:59.701	1.34010	1.34068			6
2025.10.09	00:56:00.005	1.34011	1.34076			6
2025.10.09	00:56:00.313		1.34084			4
2025.10.09	00:56:00.618		1.34077			4
2025.10.09	00:56:01.238		1.34075			4
2025.10.09	00:56:01.544	1.34012	1.34070			6
2025.10.09	00:56:01.856	1.34011	1.34075			6
2025.10.09	00:56:02.164		1.34073			4
2025.10.09	00:56:02.780	1.34009	1.34067			6
2025.10.09	00:56:03.396	1.34011	1.34074			6
2025.10.09	00:56:03.701		1.34076			4
2025.10.09	00:56:04.012	1.34009	1.34067			6
2025.10.09	00:56:04.628	1.34011	1.34071			6
2025.10.09	00:56:05.554	1.34010	1.34068			6
2025.10.09	00:56:06.167	1.34008	1.34066			6
2025.10.09	00:56:07.696	1.34011	1.34069			6
2025.10.09	00:56:07.996	1.34010	1.34068			6
2025.10.09	00:56:08.298	1.34009	1.34067			6
2025.10.09	00:56:08.599	1.34010	1.34068			6
2025.10.09	00:56:09.516	1.34008	1.34066			6
2025.10.09	00:56:09.821	1.34011	1.34071			6
2025.10.09	00:56:10.140	1.34006	1.34064			6
2025.10.09	00:56:10.445	1.34008	1.34066			6
2025.10.09	00:56:10.756	1.34006	1.34064			6
2025.10.09	00:56:11.369	1.34007	1.34065			6
2025.10.09	00:56:11.682	1.34005	1.34063			6
2025.10.09	00:56:11.994	1.34006	1.34064			6
2025.10.09	00:56:12.303	1.34011	1.34069			6
2025.10.09	00:56:12.610	1.34005	1.34063			6
2025.10.09	00:56:12.915	1.34003	1.34061			6
2025.10.09	00:56:13.229	1.34001	1.34059			6
2025.10.09	00:56:14.162	1.34002	1.34060			6
2025.10.09	00:56:14.463	1.34003	1.34061			6
2025.10.09	00:56:15.083	1.34000	1.34058			6
2025.10.09	00:56:15.392	1.34002	1.34060			6
2025.10.09	00:56:15.701	1.34004	1.34062			6
2025.10.09	00:56:18.174	1.34005	1.34063			6
2025.10.09	00:56:18.482	1.34004	1.34062			6
2025.10.09	00:56:19.399	1.34001	1.34059			6
2025.10.09	00:56:20.019	1.34000	1.34058			6
2025.10.09	00:56:20.321	1.34002	1.34060			6
2025.10.09	00:56:20.633	1.34003	1.34061			6
2025.10.09	00:56:20.937	1.34000	1.34058			6
2025.10.09	00:56:21.244	1.33998	1.34056			6
2025.10.09	00:56:22.476	1.34001	1.34059			6
2025.10.09	00:56:22.792	1.34002	1.34060			6
2025.10.09	00:56:24.018	1.34003	1.34061			6
2025.10.09	00:56:24.330	1.34001	1.34059			6
2025.10.09	00:56:24.637	1.34002	1.34060			6
2025.10.09	00:56:27.416	1.33999	1.34057			6
2025.10.09	00:56:27.720	1.34000	1.34058			6
2025.10.09	00:56:29.262	1.34001	1.34059			6
2025.10.09	00:56:30.184	1.33997	1.34055			6
2025.10.09	00:56:31.110	1.34000	1.34058			6
2025.10.09	00:56:31.425	1.33997	1.34055			6
2025.10.09	00:56:32.660	1.34001	1.34059			6
2025.10.09	00:56:32.970	1.34000	1.34058			6
2025.10.09	00:56:33.583	1.34001	1.34059			6
2025.10.09	00:56:37.894	1.33999	1.34057			6
2025.10.09	00:56:38.211	1.34002	1.34060			6
2025.10.09	00:56:38.512	1.33999	1.34057			6
2025.10.09	00:56:39.137	1.34000	1.34058			6
2025.10.09	00:56:39.751	1.33999	1.34057			6
2025.10.09	00:56:41.293	1.34000	1.34056			6
2025.10.09	00:56:41.608	1.34001	1.34055			6
2025.10.09	00:56:41.924	1.33999				2
2025.10.09	00:56:42.532		1.34054			4
2025.10.09	00:56:45.309	1.34001				2
2025.10.09	00:56:48.089	1.34000				2
2025.10.09	00:56:50.548	1.34001				2
2025.10.09	00:56:50.862	1.34002				2
2025.10.09	00:56:51.165	1.34001				2
2025.10.09	00:56:53.941	1.34002				2
2025.10.09	00:56:54.559	1.34001				2
2025.10.09	00:56:54.861	1.34000				2
2025.10.09	00:56:56.097	1.33999				2
2025.10.09	00:56:56.399	1.34000	1.34053			6
2025.10.09	00:56:56.707	1.33999				2
2025.10.09	00:56:57.016	1.34000				2
2025.10.09	00:56:57.318	1.34001				2
2025.10.09	00:56:57.625	1.34002				2
2025.10.09	00:56:57.926	1.34001				2
2025.10.09	00:56:58.841	1.33999				2
2025.10.09	00:57:00.060	1.33999				2
2025.10.09	00:57:00.365	1.33998				2
2025.10.09	00:57:00.669	1.34000	1.34054			6
2025.10.09	00:57:00.976		1.34053			4
2025.10.09	00:57:01.279	1.34002				2
2025.10.09	00:57:01.581	1.33999				2
2025.10.09	00:57:01.885	1.34000				2
2025.10.09	00:57:02.492	1.33999				2
2025.10.09	00:57:02.798	1.34001				2
2025.10.09	00:57:04.339	1.34003				2
2025.10.09	00:57:04.947	1.34001				2
2025.10.09	00:57:05.248	1.34002				2
2025.10.09	00:57:05.859	1.34001	1.34054			6
2025.10.09	00:57:06.159	1.34002				2
2025.10.09	00:57:06.766	1.34003				2
2025.10.09	00:57:07.379	1.34001				2
2025.10.09	00:57:08.597	1.34000				2
2025.10.09	00:57:08.900	1.34001				2
2025.10.09	00:57:09.809	1.34000				2
2025.10.09	00:57:10.117	1.34002				2
2025.10.09	00:57:10.420	1.34003				2
2025.10.09	00:57:10.722	1.34002				2
2025.10.09	00:57:11.638	1.34001				2
2025.10.09	00:57:12.246	1.34002				2
2025.10.09	00:57:12.549	1.34001				2
2025.10.09	00:57:13.162	1.33998				2
2025.10.09	00:57:14.702	1.33999	1.34055			6
2025.10.09	00:57:15.016	1.34003				2
2025.10.09	00:57:15.329		1.34054			4
2025.10.09	00:57:15.943	1.34004				2
2025.10.09	00:57:16.557		1.34053			4
2025.10.09	00:57:18.103		1.34054			4
2025.10.09	00:57:19.650	1.34005				2
2025.10.09	00:57:22.724		1.34055			4
2025.10.09	00:57:26.434		1.34054			4
2025.10.09	00:57:30.123		1.34055			4
2025.10.09	00:57:32.590	1.34010	1.34068			6
2025.10.09	00:57:32.896	1.34011				2
2025.10.09	00:57:33.525		1.34066			4
2025.10.09	00:57:33.827		1.34065			4
2025.10.09	00:57:34.142	1.34018				2
2025.10.09	00:57:35.065	1.34013				2
2025.10.09	00:57:35.381	1.34011				2
2025.10.09	00:57:36.924		1.34066			4
2025.10.09	00:57:37.828	1.34016				2
2025.10.09	00:57:38.130	1.34014	1.34068			6
2025.10.09	00:57:38.444	1.34013				2
2025.10.09	00:57:39.063	1.34011				2
2025.10.09	00:57:39.683	1.34013				2
2025.10.09	00:57:39.993	1.34011				2
2025.10.09	00:57:42.457	1.34009	1.34067			6
2025.10.09	00:57:42.765	1.34010				2
2025.10.09	00:57:43.384		1.34065			4
2025.10.09	00:57:45.233		1.34066			4
2025.10.09	00:57:47.093	1.34011	1.34067			6
2025.10.09	00:57:52.347		1.34066			4
2025.10.09	00:57:52.649	1.34010				2
2025.10.09	00:57:55.722		1.34065			4
2025.10.09	00:57:56.031		1.34066			4
2025.10.09	00:58:00.050	1.34010				2
2025.10.09	00:58:01.902	1.34011	1.34071			6
2025.10.09	00:58:03.438	1.34013				2
2025.10.09	00:58:04.065	1.34011				2
2025.10.09	00:58:04.690		1.34070			4
2025.10.09	00:58:05.614	1.34012				2
2025.10.09	00:58:07.162	1.34011	1.34069			6
2025.10.09	00:58:07.779	1.34012				2
2025.10.09	00:58:08.087	1.34011				2
2025.10.09	00:58:11.198	1.34014	1.34067			6
2025.10.09	00:58:11.501		1.34068			4
2025.10.09	00:58:11.808	1.34013	1.34073			6
2025.10.09	00:58:12.120	1.34012	1.34072			6
2025.10.09	00:58:13.660	1.34011				2
2025.10.09	00:58:16.438		1.34074			4
2025.10.09	00:58:18.913		1.34075			4
2025.10.09	00:58:22.002		1.34076			4
2025.10.09	00:58:22.311	1.34012				2
2025.10.09	00:58:22.622	1.34017				2
2025.10.09	00:58:23.232	1.34015				2
2025.10.09	00:58:23.843	1.34016				2
2025.10.09	00:58:24.451	1.34011	1.34075			6
2025.10.09	00:58:32.090		1.34073			4
2025.10.09	00:58:32.397		1.34080			4
2025.10.09	00:58:33.007	1.34014	1.34086			6
2025.10.09	00:58:33.319	1.34015	1.34074			6
2025.10.09	00:58:33.629	1.34016				2
2025.10.09	00:58:34.248	1.34013				2
2025.10.09	00:58:34.549	1.34011				2
2025.10.09	00:58:34.862	1.34017				2
2025.10.09	00:58:35.178	1.34011				2
2025.10.09	00:58:35.483	1.34015	1.34073			6
2025.10.09	00:58:35.799	1.34011	1.34074			6
2025.10.09	00:58:36.105	1.34013				2
2025.10.09	00:58:36.717	1.34016				2
2025.10.09	00:58:43.512		1.34075			4
2025.10.09	00:58:44.122	1.34017				2
2025.10.09	00:58:44.430	1.34015				2
2025.10.09	00:58:44.744	1.34019	1.34074			6
2025.10.09	00:58:45.050	1.34012	1.34073			6
2025.10.09	00:58:45.971	1.34011				2
2025.10.09	00:58:46.281	1.34016				2
2025.10.09	00:58:46.589	1.34021				2
2025.10.09	00:58:46.904		1.34074			4
2025.10.09	00:58:47.511	1.34011				2
2025.10.09	00:58:48.132		1.34075			4
2025.10.09	00:58:51.829		1.34074			4
2025.10.09	00:58:52.449	1.34012	1.34075			6
2025.10.09	00:58:52.766	1.34013				2
2025.10.09	00:58:54.307	1.34017				2
2025.10.09	00:58:56.160	1.34011				2
2025.10.09	00:58:56.470	1.34014	1.34073			6
2025.10.09	00:58:57.699	1.34013	1.34075			6
2025.10.09	00:58:59.244	1.34011				2
2025.10.09	00:59:00.167	1.34011				2
2025.10.09	00:59:02.331	1.34015				2
2025.10.09	00:59:03.237	1.34018				2
2025.10.09	00:59:03.540	1.34019				2
2025.10.09	00:59:04.763	1.34020	1.34076			6
2025.10.09	00:59:08.132	1.34019				2
2025.10.09	00:59:10.617	1.34020				2
2025.10.09	00:59:12.775	1.34015				2
2025.10.09	00:59:13.695	1.34011				2
2025.10.09	00:59:14.014		1.34075			4
2025.10.09	00:59:14.317		1.34074			4
2025.10.09	00:59:16.169		1.34077			4
2025.10.09	00:59:16.780		1.34078			4
2025.10.09	00:59:17.412		1.34079			4
2025.10.09	00:59:20.182		1.34080			4
2025.10.09	00:59:20.800		1.34079			4
2025.10.09	00:59:22.343		1.34076			4
2025.10.09	00:59:24.506	1.34016				2
2025.10.09	00:59:24.817	1.34011				2
2025.10.09	00:59:26.057		1.34075			4
2025.10.09	00:59:28.510		1.34076			4
2025.10.09	00:59:30.982		1.34075			4
2025.10.09	00:59:32.222		1.34076			4
2025.10.09	00:59:37.146	1.34014				2
2025.10.09	00:59:41.148	1.34011				2
2025.10.09	00:59:44.862	1.34012				2
2025.10.09	00:59:45.173	1.34015				2
2025.10.09	00:59:52.265	1.34011				2
2025.10.09	00:59:52.576		1.34075			4
2025.10.09	00:59:59.959	1.34013				2
2025.10.09	01:00:00.259	1.34011	1.34084			6
2025.10.09	01:00:00.914		1.34078			4
2025.10.09	01:00:01.229	1.34012	1.34073			6
2025.10.09	01:00:01.535	1.34013	1.34075			6
2025.10.09	01:00:01.841	1.34016	1.34074			6
2025.10.09	01:00:02.148	1.34014	1.34071			6
2025.10.09	01:00:02.457		1.34066			4
2025.10.09	01:00:03.069	1.34011	1.34068			6
2025.10.09	01:00:03.378	1.34014				2
2025.10.09	01:00:03.679	1.34015	1.34071			6
2025.10.09	01:00:03.997	1.34012	1.34074			6
2025.10.09	01:00:04.303	1.34011	1.34075			6
2025.10.09	01:00:04.612	1.34013				2
2025.10.09	01:00:04.922	1.34005	1.34072			6
2025.10.09	01:00:05.231	1.34000				2
2025.10.09	01:00:05.544	1.33999	1.34071			6
2025.10.09	01:00:05.848	1.34006				2
2025.10.09	01:00:06.169		1.34070			4
2025.10.09	01:00:07.399		1.34058			4
2025.10.09	01:00:08.004		1.34054			4
2025.10.09	01:00:08.311		1.34056			4
2025.10.09	01:00:08.619	1.34008				2
2025.10.09	01:00:08.927	1.34009				2
2025.10.09	01:00:09.549	1.34008				2
2025.10.09	01:00:10.172	1.34006				2
2025.10.09	01:00:11.108	1.34007				2
2025.10.09	01:00:12.660	1.34006				2
2025.10.09	01:00:13.595		1.34058			4
2025.10.09	01:00:15.749	1.34007	1.34057			6
2025.10.09	01:00:16.053	1.34008				2
2025.10.09	01:00:16.357	1.34006	1.34056			6
2025.10.09	01:00:16.671	1.34008				2
2025.10.09	01:00:16.976	1.34006				2
2025.10.09	01:00:18.215	1.34007	1.34054			6
2025.10.09	01:00:18.525	1.34006				2
2025.10.09	01:00:20.691	1.34007				2
2025.10.09	01:00:21.008	1.34006				2
2025.10.09	01:00:22.250	1.34007	1.34058			6
2025.10.09	01:00:22.553	1.34006	1.34056			6
2025.10.09	01:00:23.176		1.34054			4
2025.10.09	01:00:24.090	1.34007				2
2025.10.09	01:00:25.008	1.34006				2
2025.10.09	01:00:27.778		1.34057			4
2025.10.09	01:00:38.897		1.34054			4
2025.10.09	01:00:40.123	1.34008				2
2025.10.09	01:00:46.285		1.34053			4
2025.10.09	01:00:46.598		1.34054			4
2025.10.09	01:00:47.516		1.34056			4
2025.10.09	01:00:47.830		1.34054			4
2025.10.09	01:00:48.450	1.34009				2
2025.10.09	01:00:49.062	1.34011				2
2025.10.09	01:00:49.980	1.34009				2
2025.10.09	01:00:50.907	1.34008				2
2025.10.09	01:00:52.139	1.34009				2
2025.10.09	01:00:52.446	1.34010				2
2025.10.09	01:00:53.370	1.34008	1.34058			6
2025.10.09	01:00:53.675		1.34057			4
2025.10.09	01:00:54.297		1.34054			4
2025.10.09	01:00:55.841	1.34009				2
2025.10.09	01:00:57.080	1.34008				2
2025.10.09	01:01:00.169	1.34008				2
2025.10.09	01:01:02.951		1.34051			4
2025.10.09	01:01:03.256	1.34009	1.34053			6
2025.10.09	01:01:03.560		1.34051			4
2025.10.09	01:01:04.182	1.34008				2
2025.10.09	01:01:05.104		1.34053			4
2025.10.09	01:01:05.422	1.34009	1.34052			6
2025.10.09	01:01:05.728	1.34010	1.34050			6
2025.10.09	01:01:08.207		1.34049			4
2025.10.09	01:01:09.118		1.34051			4
2025.10.09	01:01:09.428	1.34013				2
2025.10.09	01:01:10.340	1.34033	1.34036			6
2025.10.09	01:01:11.880	1.34032	1.34035			6
2025.10.09	01:01:12.190	1.34033	1.34036			6
2025.10.09	01:01:12.495	1.34018	1.34052			6
2025.10.09	01:01:12.799	1.34032	1.34035			6
2025.10.09	01:01:13.108	1.34033	1.34036			6
2025.10.09	01:01:14.940	1.34018	1.34047			6
2025.10.09	01:01:15.550	1.34033	1.34036			6
2025.10.09	01:01:15.854	1.34018	1.34047			6
2025.10.09	01:01:16.162		1.34048			4
2025.10.09	01:01:17.704	1.34033	1.34036			6
2025.10.09	01:01:19.228	1.34018	1.34052			6
2025.10.09	01:01:19.529		1.34047			4
2025.10.09	01:01:20.143		1.34046			4
2025.10.09	01:01:20.446	1.34033	1.34036			6
2025.10.09	01:01:21.826	1.34032	1.34035			6
2025.10.09	01:01:24.899	1.34033	1.34036			6
2025.10.09	01:01:25.812	1.34032	1.34035			6
2025.10.09	01:01:27.654	1.34031	1.34034			6
2025.10.09	01:01:27.957	1.34032	1.34035			6
2025.10.09	01:01:31.023	1.34031	1.34034			6
2025.10.09	01:01:32.852	1.34033	1.34036			6
2025.10.09	01:01:34.086	1.34031	1.34034			6
2025.10.09	01:01:38.367	1.34032	1.34035			6
2025.10.09	01:01:41.435	1.34031	1.34034			6
2025.10.09	01:01:42.353	1.34030	1.34033			6
2025.10.09	01:01:44.492	1.34031	1.34034			6
2025.10.09	01:01:45.418	1.34030	1.34033			6
2025.10.09	01:01:47.564	1.34031	1.34034			6
2025.10.09	01:01:50.344	1.34032	1.34035			6
2025.10.09	01:01:50.645	1.34030	1.34033			6
2025.10.09	01:01:53.715	1.34029	1.34032			6
2025.10.09	01:01:54.639	1.34030	1.34033			6
2025.10.09	01:01:59.849	1.34029	1.34032			6
2025.10.09	01:02:00.162	1.34029				2
2025.10.09	01:02:03.522	1.34030	1.34033			6
2025.10.09	01:02:07.788	1.34029	1.34032			6
2025.10.09	01:02:10.529	1.34028	1.34031			6
2025.10.09	01:02:11.457	1.34029	1.34032			6
2025.10.09	01:02:14.188	1.34028	1.34031			6
2025.10.09	01:02:32.248	1.34027	1.34030			6
2025.10.09	01:02:44.515	1.34028	1.34031			6
2025.10.09	01:02:44.816	1.34027	1.34030			6
2025.10.09	01:02:48.813	1.34026	1.34029			6
2025.10.09	01:02:51.258	1.34025	1.34028			6
2025.10.09	01:02:51.862	1.34026	1.34029			6
2025.10.09	01:02:52.484	1.34027	1.34030			6
2025.10.09	01:02:52.791	1.34026	1.34029			6
2025.10.09	01:02:55.862	1.34025	1.34028			6
2025.10.09	01:02:57.399	1.34026	1.34029			6
2025.10.09	01:03:00.140	1.34026				2
2025.10.09	01:03:00.444	1.34033	1.34036			6
2025.10.09	01:03:01.059	1.34037	1.34040			6
2025.10.09	01:03:01.366	1.34035	1.34039			6
2025.10.09	01:03:02.119		1.34040			4
2025.10.09	01:03:04.269	1.34036	1.34041			6
2025.10.09	01:03:07.311		1.34040			4
2025.10.09	01:03:09.153	1.34035	1.34039			6
2025.10.09	01:03:17.436	1.34036	1.34040			6
2025.10.09	01:03:17.745	1.34035	1.34039			6
2025.10.09	01:03:20.203	1.34036				2
2025.10.09	01:03:21.797	1.34037	1.34040			6
2025.10.09	01:03:23.322	1.34036	1.34039			6
2025.10.09	01:03:26.699	1.34037	1.34040			6
2025.10.09	01:03:27.305	1.34036	1.34039			6
2025.10.09	01:03:28.216	1.34035	1.34038			6
2025.10.09	01:03:29.749	1.34036	1.34039			6
2025.10.09	01:03:34.664	1.34037	1.34040			6
2025.10.09	01:03:44.467	1.34036	1.34039			6
2025.10.09	01:03:46.010	1.34030	1.34033			6
2025.10.09	01:03:46.317	1.34027				2
2025.10.09	01:03:46.619	1.34034	1.34040			6
2025.10.09	01:03:46.931	1.34033	1.34039			6
2025.10.09	01:03:48.163	1.34031	1.34040			6
2025.10.09	01:03:48.464	1.34032	1.34041			6
2025.10.09	01:03:48.777	1.34030	1.34039			6
2025.10.09	01:03:49.393	1.34033	1.34042			6
2025.10.09	01:03:49.709	1.34032	1.34041			6
2025.10.09	01:03:50.319	1.34033				2
2025.10.09	01:03:51.255	1.34032				2
2025.10.09	01:03:52.483	1.34031	1.34040			6
2025.10.09	01:03:53.394	1.34033	1.34041			6
2025.10.09	01:03:55.247	1.34034	1.34042			6
2025.10.09	01:03:56.176		1.34043			4
2025.10.09	01:03:56.483	1.34033	1.34042			6
2025.10.09	01:03:57.102	1.34031	1.34039			6
2025.10.09	01:03:57.408	1.34033	1.34041			6
2025.10.09	01:03:58.337		1.34042			4
2025.10.09	01:04:00.190	1.34032	1.34041			6
2025.10.09	01:04:00.807	1.34034	1.34043			6
2025.10.09	01:04:02.345	1.34035	1.34044			6
2025.10.09	01:04:03.273	1.34036				2
2025.10.09	01:04:03.582	1.34035	1.34043			6
2025.10.09	01:04:03.889	1.34036	1.34044			6
2025.10.09	01:04:05.127	1.34035	1.34043			6
2025.10.09	01:04:05.432	1.34036	1.34044			6
2025.10.09	01:04:06.976	1.34035	1.34043			6
2025.10.09	01:04:07.284	1.34037	1.34045			6
2025.10.09	01:04:07.598	1.34036	1.34044			6
2025.10.09	01:04:09.144	1.34038	1.34045			6
2025.10.09	01:04:13.153		1.34044			4
2025.10.09	01:04:15.612	1.34036	1.34042			6
2025.10.09	01:04:16.227	1.34037	1.34043			6
2025.10.09	01:04:19.305	1.34038				2
2025.10.09	01:04:20.520	1.34039	1.34044			6
2025.10.09	01:04:21.134	1.34038	1.34043			6
2025.10.09	01:04:22.059	1.34039	1.34044			6
2025.10.09	01:04:23.290	1.34038	1.34043			6
2025.10.09	01:04:24.510	1.34036	1.34041			6
2025.10.09	01:04:24.817	1.34038	1.34043			6
2025.10.09	01:04:26.347		1.34042			4
2025.10.09	01:04:26.650	1.34039	1.34043			6
2025.10.09	01:04:28.181	1.34038	1.34042			6
2025.10.09	01:04:29.097	1.34037	1.34041			6
2025.10.09	01:04:30.019	1.34039	1.34043			6
2025.10.09	01:04:31.247	1.34037	1.34041			6
2025.10.09	01:04:31.555	1.34038	1.34042			6
2025.10.09	01:04:31.862	1.34037	1.34041			6
2025.10.09	01:04:32.163	1.34039	1.34044			6
2025.10.09	01:04:34.309	1.34038	1.34042			6
2025.10.09	01:04:34.614	1.34037	1.34041			6
2025.10.09	01:04:35.545	1.34038	1.34042			6
2025.10.09	01:04:36.155	1.34039	1.34043			6
2025.10.09	01:04:36.460	1.34038	1.34042			6
2025.10.09	01:04:41.048	1.34037	1.34041			6
2025.10.09	01:04:41.355	1.34038	1.34042			6
2025.10.09	01:04:42.278	1.34037	1.34041			6
2025.10.09	01:04:46.247	1.34036	1.34040			6
2025.10.09	01:04:46.551	1.34038	1.34042			6
2025.10.09	01:04:46.856	1.34036	1.34040			6
2025.10.09	01:04:47.158	1.34037	1.34041			6
2025.10.09	01:04:47.461	1.34036	1.34040			6
2025.10.09	01:04:48.679	1.34037	1.34041			6
2025.10.09	01:04:49.286	1.34038				2
2025.10.09	01:04:53.865	1.34037	1.34040			6
2025.10.09	01:04:55.085	1.34038	1.34041			6
2025.10.09	01:04:59.672	1.34037	1.34040			6
2025.10.09	01:05:00.301	1.34037				2
2025.10.09	01:05:01.217	1.34038	1.34041			6
2025.10.09	01:05:02.438	1.34039	1.34042			6
2025.10.09	01:05:03.665	1.34040	1.34043			6
2025.10.09	01:05:05.511	1.34039	1.34042			6
2025.10.09	01:05:06.128	1.34037	1.34040			6
2025.10.09	01:05:06.433	1.34038	1.34041			6
2025.10.09	01:05:07.358	1.34039	1.34042			6
2025.10.09	01:05:07.660	1.34040	1.34043			6
2025.10.09	01:05:10.424	1.34041	1.34044			6
2025.10.09	01:05:10.731	1.34042	1.34045			6
2025.10.09	01:05:11.037	1.34041	1.34044			6
2025.10.09	01:05:20.543	1.34040	1.34043			6
2025.10.09	01:05:29.426	1.34042	1.34045			6
2025.10.09	01:05:41.023	1.34041	1.34044			6
2025.10.09	01:05:41.628	1.34039	1.34042			6
2025.10.09	01:05:47.444	1.34038	1.34041			6
2025.10.09	01:05:47.748	1.34041	1.34044			6
2025.10.09	01:05:48.368	1.34042	1.34045			6
2025.10.09	01:05:53.253	1.34041	1.34044			6
2025.10.09	01:05:57.843	1.34042	1.34045			6
2025.10.09	01:06:00.301	1.34042				2
2025.10.09	01:06:02.452	1.34044	1.34047			6
2025.10.09	01:06:08.276	1.34045	1.34048			6
2025.10.09	01:06:10.430	1.34044	1.34047			6
2025.10.09	01:06:15.306	1.34043	1.34046			6
2025.10.09	01:06:15.621	1.34044	1.34047			6
2025.10.09	01:06:15.925	1.34045	1.34048			6
2025.10.09	01:06:17.789	1.34044	1.34047			6
2025.10.09	01:06:20.889	1.34045	1.34048			6
2025.10.09	01:06:23.516	1.34046	1.34049			6
2025.10.09	01:06:23.834	1.34045	1.34048			6
2025.10.09	01:06:24.444	1.34046	1.34049			6
2025.10.09	01:06:25.390	1.34045	1.34048			6
2025.10.09	01:06:25.703	1.34046	1.34049			6
2025.10.09	01:06:26.012	1.34045	1.34048			6
2025.10.09	01:06:29.724	1.34044	1.34047			6
2025.10.09	01:06:32.496	1.34045	1.34048			6
2025.10.09	01:06:32.805	1.34044	1.34047			6
2025.10.09	01:06:33.120	1.34045	1.34048			6
2025.10.09	01:06:34.661	1.34044	1.34047			6
2025.10.09	01:06:35.902	1.34045	1.34048			6
2025.10.09	01:06:39.617	1.34046	1.34049			6
2025.10.09	01:06:52.318	1.34044	1.34047			6
2025.10.09	01:06:52.626	1.34046	1.34049			6
2025.10.09	01:06:55.417	1.34044	1.34047			6
2025.10.09	01:06:55.720	1.34045	1.34048			6
2025.10.09	01:06:56.343	1.34044	1.34047			6
2025.10.09	01:06:57.285	1.34046	1.34049			6
2025.10.09	01:06:57.587	1.34045	1.34048			6
2025.10.09	01:06:58.208	1.34044	1.34047			6
2025.10.09	01:06:58.518	1.34045	1.34048			6
2025.10.09	01:07:00.068	1.34045				2
2025.10.09	01:07:08.124	1.34044	1.34047			6
2025.10.09	01:07:08.428	1.34045	1.34048			6
2025.10.09	01:07:10.587	1.34044	1.34047			6
2025.10.09	01:07:12.139	1.34045	1.34048			6
2025.10.09	01:07:13.671	1.34046	1.34049			6
2025.10.09	01:07:14.597	1.34045	1.34048			6
2025.10.09	01:07:15.221	1.34044	1.34047			6
2025.10.09	01:07:16.449	1.34045	1.34048			6
2025.10.09	01:07:27.571	1.34046	1.34049			6
2025.10.09	01:07:31.610	1.34045	1.34046			6
2025.10.09	01:07:31.929	1.34046	1.34049			6
2025.10.09	01:07:32.232	1.34045	1.34046			6
2025.10.09	01:07:32.547	1.34046	1.34049			6
2025.10.09	01:07:32.862	1.34045	1.34046			6
2025.10.09	01:07:33.166	1.34046	1.34049			6
2025.10.09	01:07:45.519	1.34047	1.34050			6
2025.10.09	01:07:47.076	1.34046	1.34049			6
2025.10.09	01:07:47.385	1.34035	1.34038			6
2025.10.09	01:07:47.700	1.34036	1.34039			6
2025.10.09	01:07:48.322	1.34031	1.34040			6
2025.10.09	01:07:48.945		1.34042			4
2025.10.09	01:07:52.662		1.34041			4
2025.10.09	01:07:56.990		1.34042			4
2025.10.09	01:07:57.602	1.34030				2
2025.10.09	01:08:00.080	1.34030				2
2025.10.09	01:08:00.389	1.34031	1.34040			6
2025.10.09	01:08:01.929		1.34042			4
2025.10.09	01:08:05.348		1.34040			4
2025.10.09	01:08:08.149	1.34032				2
2025.10.09	01:08:09.080	1.34035	1.34045			6
2025.10.09	01:08:09.386		1.34041			4
2025.10.09	01:08:10.313	1.34034				2
2025.10.09	01:08:12.182	1.34035				2
2025.10.09	01:08:22.147	1.34036				2
2025.10.09	01:08:26.475	1.34034	1.34040			6
2025.10.09	01:08:27.405	1.34033				2
2025.10.09	01:08:30.189	1.34034				2
2025.10.09	01:08:31.416	1.34035				2
2025.10.09	01:08:37.313	1.34036				2
2025.10.09	01:08:49.232	1.34037				2
2025.10.09	01:08:52.306	1.34036	1.34039			6
2025.10.09	01:08:55.674	1.34037	1.34040			6
2025.10.09	01:09:00.262	1.34037				2
2025.10.09	01:09:11.302	1.34036	1.34039			6
2025.10.09	01:09:22.292	1.34034	1.34037			6
2025.10.09	01:09:22.602	1.34033	1.34036			6
2025.10.09	01:09:25.045	1.34024	1.34027			6
2025.10.09	01:09:25.356	1.34025	1.34028			6
2025.10.09	01:09:25.968	1.34026	1.34029			6
2025.10.09	01:09:26.276	1.34021	1.34032			6
2025.10.09	01:09:27.532		1.34030			4
2025.10.09	01:09:28.145		1.34031			4
2025.10.09	01:09:34.381	1.34022				2
2025.10.09	01:09:35.937	1.34023				2
2025.10.09	01:09:36.250	1.34022				2
2025.10.09	01:09:41.507		1.34030			4
2025.10.09	01:09:43.363	1.34023				2
2025.10.09	01:09:46.469	1.34025	1.34033			6
2025.10.09	01:09:46.774		1.34031			4
2025.10.09	01:09:50.212	1.34026				2
2025.10.09	01:09:52.384	1.34027				2
2025.10.09	01:09:52.705	1.34028				2
2025.10.09	01:09:53.317	1.34030	1.34037			6
2025.10.09	01:09:53.621	1.34033	1.34040			6
2025.10.09	01:09:54.262	1.34030				2
2025.10.09	01:09:56.125	1.34031				2
2025.10.09	01:09:57.047	1.34030				2
2025.10.09	01:10:00.164	1.34030	1.34041			6
2025.10.09	01:10:00.789	1.34031	1.34042			6
2025.10.09	01:10:01.107		1.34041			4
2025.10.09	01:10:02.673	1.34030	1.34040			6
2025.10.09	01:10:03.294	1.34031				2
2025.10.09	01:10:04.220	1.34030				2
2025.10.09	01:10:05.147	1.34031				2
2025.10.09	01:10:05.463	1.34022	1.34031			6
2025.10.09	01:10:05.783		1.34032			4
2025.10.09	01:10:06.100	1.34021				2
2025.10.09	01:10:06.409	1.34022	1.34031			6
2025.10.09	01:10:10.144	1.34023				2
2025.10.09	01:10:16.635	1.34022				2
2025.10.09	01:10:16.944	1.34023	1.34032			6
2025.10.09	01:10:17.252	1.34024				2
2025.10.09	01:10:17.566	1.34025				2
2025.10.09	01:10:17.871	1.34028	1.34036			6
2025.10.09	01:10:32.148	1.34029				2
2025.10.09	01:10:36.206	1.34028	1.34035			6
2025.10.09	01:10:38.388	1.34029				2
2025.10.09	01:10:38.692	1.34030	1.34040			6
2025.10.09	01:10:39.002	1.34031	1.34041			6
2025.10.09	01:10:43.320	1.34032				2
2025.10.09	01:10:44.246	1.34031	1.34040			6
2025.10.09	01:10:44.556		1.34039			4
2025.10.09	01:10:44.859		1.34040			4
2025.10.09	01:10:47.353		1.34039			4
2025.10.09	01:10:49.217	1.34032	1.34040			6
2025.10.09	01:10:49.529		1.34039			4
2025.10.09	01:10:49.837		1.34040			4
2025.10.09	01:10:50.146	1.34033				2
2025.10.09	01:10:53.205		1.34039			4
2025.10.09	01:10:57.192	1.34034				2
2025.10.09	01:10:59.654	1.34033	1.34038			6
2025.10.09	01:10:59.960	1.34034	1.34039			6
2025.10.09	01:11:00.270	1.34035	1.34040			6
2025.10.09	01:11:01.504	1.34034	1.34039			6
2025.10.09	01:11:02.122		1.34038			4
2025.10.09	01:11:02.423	1.34035	1.34039			6
2025.10.09	01:11:05.191	1.34042	1.34043			6
2025.10.09	01:11:05.500		1.34046			4
2025.10.09	01:11:06.113		1.34049			4
2025.10.09	01:11:10.134	1.34041				2
2025.10.09	01:11:11.375		1.34048			4
2025.10.09	01:11:11.989		1.34049			4
2025.10.09	01:11:13.230		1.34048			4
2025.10.09	01:11:14.159		1.34047			4
2025.10.09	01:11:16.641		1.34048			4
2025.10.09	01:11:17.877		1.34047			4
2025.10.09	01:11:18.804	1.34042	1.34048			6
2025.10.09	01:11:21.297		1.34047			4
2025.10.09	01:11:26.203		1.34046			4
2025.10.09	01:11:27.114		1.34047			4
2025.10.09	01:11:30.166		1.34046			4
2025.10.09	01:11:32.313	1.34045	1.34049			6
2025.10.09	01:11:33.232		1.34050			4
2025.10.09	01:11:33.537	1.34044	1.34049			6
2025.10.09	01:11:35.066	1.34043	1.34048			6
2025.10.09	01:11:35.377		1.34047			4
2025.10.09	01:11:35.988	1.34044	1.34048			6
2025.10.09	01:11:36.294	1.34045	1.34049			6
2025.10.09	01:11:37.213	1.34044	1.34048			6
2025.10.09	01:11:37.517	1.34045	1.34049			6
2025.10.09	01:11:44.265	1.34046				2
2025.10.09	01:11:50.693	1.34045	1.34048			6
2025.10.09	01:11:51.914	1.34046	1.34049			6
2025.10.09	01:12:00.171	1.34046				2
2025.10.09	01:12:03.236	1.34047	1.34050			6
2025.10.09	01:12:03.854	1.34046	1.34049			6
2025.10.09	01:12:09.664	1.34045	1.34048			6
2025.10.09	01:12:09.971	1.34038	1.34041			6
2025.10.09	01:12:11.196	1.34035	1.34042			6
2025.10.09	01:12:11.831	1.34036				2
2025.10.09	01:12:12.763	1.34037	1.34046			6
2025.10.09	01:12:13.086	1.34038				2
2025.10.09	01:12:13.398	1.34039				2
2025.10.09	01:12:14.324	1.34038				2
2025.10.09	01:12:15.263	1.34039				2
2025.10.09	01:12:21.530	1.34040				2
2025.10.09	01:12:22.153	1.34039				2
2025.10.09	01:12:24.336		1.34045			4
2025.10.09	01:12:28.348	1.34040				2
2025.10.09	01:12:29.590	1.34041				2
2025.10.09	01:12:29.899		1.34044			4
2025.10.09	01:12:31.443	1.34044	1.34049			6
2025.10.09	01:12:31.760	1.34045	1.34050			6
2025.10.09	01:12:32.680	1.34044	1.34049			6
2025.10.09	01:12:33.298	1.34043				2
2025.10.09	01:12:33.602	1.34044	1.34050			6
2025.10.09	01:12:36.381	1.34045				2
2025.10.09	01:12:40.093		1.34049			4
2025.10.09	01:12:42.858	1.34044	1.34048			6
2025.10.09	01:12:48.091	1.34045				2
2025.10.09	01:12:53.301	1.34046	1.34049			6
2025.10.09	01:12:55.743	1.34047	1.34050			6
2025.10.09	01:12:58.172	1.34046	1.34049			6
2025.10.09	01:12:59.715	1.34045	1.34048			6
2025.10.09	01:13:00.022	1.34045				2
2025.10.09	01:13:02.180	1.34046	1.34049			6
2025.10.09	01:13:11.961	1.34047	1.34050			6
2025.10.09	01:13:12.872	1.34045	1.34048			6
2025.10.09	01:13:13.179	1.34040	1.34043			6
2025.10.09	01:13:13.487	1.34039	1.34042			6
2025.10.09	01:13:14.420	1.34037	1.34043			6
2025.10.09	01:13:18.151	1.34038				2
2025.10.09	01:13:22.169		1.34042			4
2025.10.09	01:13:25.896	1.34039	1.34043			6
2025.10.09	01:13:26.203	1.34040	1.34044			6
2025.10.09	01:13:28.046	1.34039	1.34043			6
2025.10.09	01:13:28.361	1.34040	1.34044			6
2025.10.09	01:13:29.591	1.34041	1.34045			6
2025.10.09	01:13:31.147	1.34042				2
2025.10.09	01:13:39.418	1.34046	1.34048			6
2025.10.09	01:13:39.722	1.34045				2
2025.10.09	01:13:44.952	1.34046				2
2025.10.09	01:13:45.257	1.34045				2
2025.10.09	01:13:45.560	1.34047	1.34049			6
2025.10.09	01:13:46.177	1.34045	1.34048			6
2025.10.09	01:13:48.911	1.34046	1.34049			6
2025.10.09	01:13:51.673	1.34045	1.34048			6
2025.10.09	01:13:59.953	1.34043	1.34044			6
2025.10.09	01:14:00.261	1.34038	1.34041			6
2025.10.09	01:14:01.179	1.34037	1.34042			6
2025.10.09	01:14:06.117		1.34041			4
2025.10.09	01:14:12.284	1.34038				2
2025.10.09	01:14:15.324	1.34037	1.34040			6
2025.10.09	01:14:15.945	1.34038	1.34041			6
2025.10.09	01:14:16.251	1.34037	1.34040			6
2025.10.09	01:14:17.168	1.34038	1.34041			6
2025.10.09	01:14:29.111	1.34037	1.34040			6
2025.10.09	01:14:29.723	1.34044	1.34047			6
2025.10.09	01:14:30.036	1.34046	1.34049			6
2025.10.09	01:14:30.344	1.34045	1.34048			6
2025.10.09	01:14:31.261	1.34042	1.34050			6
2025.10.09	01:14:32.186		1.34049			4
2025.10.09	01:14:37.111		1.34048			4
2025.10.09	01:14:38.958	1.34043	1.34049			6
2025.10.09	01:14:39.877	1.34042	1.34048			6
2025.10.09	01:14:40.183	1.34043				2
2025.10.09	01:14:44.191		1.34047			4
2025.10.09	01:14:51.259	1.34044				2
2025.10.09	01:14:58.314	1.34042	1.34045			6
2025.10.09	01:15:00.159	1.34042				2
2025.10.09	01:15:00.473		1.34044			4
2025.10.09	01:15:00.779	1.34044	1.34047			6
2025.10.09	01:15:01.385	1.34043	1.34046			6
2025.10.09	01:15:01.689	1.34042	1.34045			6
2025.10.09	01:15:05.064		1.34044			4
2025.10.09	01:15:13.003		1.34045			4
2025.10.09	01:15:13.309	1.34043	1.34046			6
2025.10.09	01:15:17.305	1.34044	1.34047			6
2025.10.09	01:15:18.219	1.34043	1.34045			6
2025.10.09	01:15:19.448	1.34044				2
2025.10.09	01:15:19.749	1.34043				2
2025.10.09	01:15:20.059	1.34044				2
2025.10.09	01:15:20.363	1.34043				2
2025.10.09	01:15:20.669	1.34044				2
2025.10.09	01:15:20.973	1.34043				2
2025.10.09	01:15:21.274	1.34044				2
2025.10.09	01:15:21.584	1.34043				2
2025.10.09	01:15:21.887	1.34044				2
2025.10.09	01:15:22.194	1.34043				2
2025.10.09	01:15:22.494	1.34044				2
2025.10.09	01:15:22.799	1.34042				2
2025.10.09	01:15:25.591		1.34044			4
2025.10.09	01:15:26.832		1.34045			4
2025.10.09	01:15:32.134		1.34044			4
2025.10.09	01:15:33.404		1.34045			4
2025.10.09	01:15:39.990	1.34039	1.34042			6
2025.10.09	01:15:40.297	1.34042	1.34043			6
2025.10.09	01:15:40.916	1.34041	1.34042			6
2025.10.09	01:15:41.235	1.34042	1.34043			6
2025.10.09	01:15:44.040	1.34041	1.34042			6
2025.10.09	01:15:44.362	1.34038	1.34040			6
2025.10.09	01:15:44.973	1.34037				2
2025.10.09	01:15:45.907	1.34036	1.34039			6
2025.10.09	01:15:47.456	1.34032	1.34035			6
2025.10.09	01:15:47.768	1.34033	1.34034			6
2025.10.09	01:16:00.204	1.34036	1.34039			6
2025.10.09	01:16:01.750	1.34034	1.34037			6
2025.10.09	01:16:17.229	1.34033	1.34036			6
2025.10.09	01:16:19.077		1.34035			4
2025.10.09	01:16:24.606		1.34036			4
2025.10.09	01:16:27.382	1.34034	1.34037			6
2025.10.09	01:16:34.299	1.34033	1.34035			6
2025.10.09	01:16:35.226		1.34036			4
2025.10.09	01:16:36.458		1.34035			4
2025.10.09	01:16:36.772		1.34036			4
2025.10.09	01:16:38.623	1.34034	1.34037			6
2025.10.09	01:16:39.242	1.34033	1.34036			6
2025.10.09	01:16:40.783	1.34034	1.34037			6
2025.10.09	01:16:48.813	1.34035	1.34038			6
2025.10.09	01:16:57.428	1.34034	1.34037			6
2025.10.09	01:17:00.216	1.34034				2
2025.10.09	01:17:00.518	1.34035	1.34038			6
2025.10.09	01:17:01.448	1.34034	1.34037			6
2025.10.09	01:17:02.668	1.34035	1.34038			6
2025.10.09	01:17:04.832	1.34036	1.34039			6
2025.10.09	01:17:11.621	1.34035	1.34038			6
2025.10.09	01:17:11.926	1.34036	1.34039			6
2025.10.09	01:17:15.639	1.34037	1.34040			6
2025.10.09	01:17:16.264	1.34036	1.34039			6
2025.10.09	01:17:18.733	1.34037	1.34040			6
2025.10.09	01:17:19.040	1.34036	1.34039			6
2025.10.09	01:17:29.544	1.34037	1.34040			6
2025.10.09	01:17:31.715	1.34036	1.34039			6
2025.10.09	01:17:38.519	1.34032	1.34035			6
2025.10.09	01:17:38.830	1.34029	1.34032			6
2025.10.09	01:17:39.135	1.34028	1.34031			6
2025.10.09	01:17:39.747	1.34029	1.34032			6
2025.10.09	01:17:43.758	1.34026	1.34029			6
2025.10.09	01:17:44.064	1.34029	1.34032			6
2025.10.09	01:17:44.366	1.34028	1.34031			6
2025.10.09	01:17:44.666	1.34027	1.34030			6
2025.10.09	01:17:44.983	1.34025	1.34028			6
2025.10.09	01:17:45.287	1.34026	1.34029			6
2025.10.09	01:17:45.903	1.34025	1.34028			6
2025.10.09	01:17:52.374	1.34026	1.34029			6
2025.10.09	01:17:53.602	1.34025	1.34028			6
2025.10.09	01:17:54.843	1.34026	1.34029			6
2025.10.09	01:17:57.000	1.34025	1.34028			6
2025.10.09	01:18:00.083	1.34025				2
2025.10.09	01:18:01.322	1.34024	1.34027			6
2025.10.09	01:18:01.625		1.34026			4
2025.10.09	01:18:07.190	1.34029	1.34032			6
2025.10.09	01:18:08.724	1.34027	1.34030			6
2025.10.09	01:18:13.984	1.34026	1.34029			6
2025.10.09	01:18:14.603	1.34027	1.34030			6
2025.10.09	01:18:14.911	1.34026	1.34029			6
2025.10.09	01:18:16.762	1.34027	1.34030			6
2025.10.09	01:18:17.073	1.34026	1.34029			6
2025.10.09	01:18:18.623	1.34028	1.34031			6
2025.10.09	01:18:29.558	1.34034	1.34035			6
2025.10.09	01:18:29.864	1.34037	1.34040			6
2025.10.09	01:18:30.171	1.34035	1.34041			6
2025.10.09	01:18:32.655	1.34034	1.34039			6
2025.10.09	01:18:32.963		1.34040			4
2025.10.09	01:18:33.279	1.34033	1.34036			6
2025.10.09	01:18:33.581		1.34035			4
2025.10.09	01:18:40.132		1.34039			4
2025.10.09	01:18:52.815		1.34034			4
2025.10.09	01:18:57.143		1.34038			4
2025.10.09	01:18:57.449		1.34039			4
2025.10.09	01:19:00.227	1.34033	1.34040			6
2025.10.09	01:19:00.842		1.34039			4
2025.10.09	01:19:02.998	1.34028	1.34034			6
2025.10.09	01:19:03.633	1.34029				2
2025.10.09	01:19:04.245	1.34028				2
2025.10.09	01:19:05.486	1.34026	1.34033			6
2025.10.09	01:19:05.791	1.34024				2
2025.10.09	01:19:06.108	1.34025	1.34034			6
2025.10.09	01:19:10.133	1.34024	1.34033			6
2025.10.09	01:19:10.442	1.34025				2
2025.10.09	01:19:10.745	1.34033	1.34035			6
2025.10.09	01:19:11.068	1.34028	1.34034			6
2025.10.09	01:19:11.708	1.34026				2
2025.10.09	01:19:12.014	1.34025				2
2025.10.09	01:19:12.333	1.34024				2
2025.10.09	01:19:13.905	1.34028				2
2025.10.09	01:19:16.403	1.34024	1.34032			6
2025.10.09	01:19:17.635	1.34025	1.34033			6
2025.10.09	01:19:17.938	1.34024	1.34032			6
2025.10.09	01:19:19.819	1.34025	1.34033			6
2025.10.09	01:19:20.129	1.34028				2
2025.10.09	01:19:20.750	1.34026				2
2025.10.09	01:19:21.056	1.34025				2
2025.10.09	01:19:21.363	1.34024	1.34034			6
2025.10.09	01:19:21.665		1.34033			4
2025.10.09	01:19:30.356	1.34029	1.34034			6
2025.10.09	01:19:30.658	1.34033	1.34035			6
2025.10.09	01:19:40.577		1.34037			4
2025.10.09	01:19:41.186		1.34034			4
2025.10.09	01:19:43.355		1.34036			4
2025.10.09	01:19:43.657		1.34037			4
2025.10.09	01:19:44.898		1.34038			4
2025.10.09	01:19:47.062	1.34035	1.34041			6
2025.10.09	01:19:47.364	1.34034	1.34038			6
2025.10.09	01:19:47.667		1.34040			4
2025.10.09	01:19:47.972		1.34039			4
2025.10.09	01:19:48.280	1.34033	1.34037			6
2025.10.09	01:19:48.587		1.34038			4
2025.10.09	01:19:48.902		1.34037			4
2025.10.09	01:19:49.209		1.34036			4
2025.10.09	01:19:49.515	1.34034	1.34038			6
2025.10.09	01:19:50.430		1.34040			4
2025.10.09	01:19:50.731		1.34038			4
2025.10.09	01:19:52.582		1.34040			4
2025.10.09	01:19:52.884		1.34038			4
2025.10.09	01:19:53.501		1.34040			4
2025.10.09	01:19:54.103		1.34039			4
2025.10.09	01:19:54.722	1.34035	1.34040			6
2025.10.09	01:19:55.022	1.34034	1.34039			6
2025.10.09	01:19:57.154		1.34038			4
2025.10.09	01:19:58.696	1.34035	1.34039			6
2025.10.09	01:19:58.998	1.34034	1.34038			6
2025.10.09	01:20:00.216	1.34036	1.34040			6
2025.10.09	01:20:02.654	1.34034	1.34038			6
2025.10.09	01:20:03.577	1.34035	1.34039			6
2025.10.09	01:20:03.879	1.34034	1.34038			6
2025.10.09	01:20:05.419	1.34035	1.34039			6
2025.10.09	01:20:08.807	1.34036	1.34040			6
2025.10.09	01:20:09.112	1.34037				2
2025.10.09	01:20:12.476	1.34038	1.34041			6
2025.10.09	01:20:12.787	1.34037	1.34040			6
2025.10.09	01:20:13.088	1.34038	1.34041			6
2025.10.09	01:20:21.983	1.34037	1.34040			6
2025.10.09	01:20:23.511	1.34038	1.34041			6
2025.10.09	01:21:00.295	1.34038				2
2025.10.09	01:21:03.675	1.34039	1.34042			6
2025.10.09	01:21:04.599	1.34034	1.34037			6
2025.10.09	01:21:05.210	1.34033	1.34036			6
2025.10.09	01:21:08.282	1.34032	1.34035			6
2025.10.09	01:21:15.329	1.34030	1.34033			6
2025.10.09	01:21:36.773	1.34031	1.34034			6
2025.10.09	01:21:37.993	1.34027	1.34029			6
2025.10.09	01:21:38.303	1.34026				2
2025.10.09	01:21:38.608	1.34028	1.34031			6
2025.10.09	01:21:39.836	1.34027	1.34030			6
2025.10.09	01:21:48.454	1.34028	1.34031			6
2025.10.09	01:21:59.904	1.34029	1.34032			6
2025.10.09	01:22:00.217	1.34029				2
2025.10.09	01:22:03.920	1.34028	1.34031			6
2025.10.09	01:22:07.349	1.34027	1.34030			6
2025.10.09	01:22:24.319	1.34028	1.34031			6
2025.10.09	01:22:31.719	1.34029	1.34032			6
2025.10.09	01:22:36.031	1.34028	1.34031			6
2025.10.09	01:22:36.959	1.34027	1.34030			6
2025.10.09	01:22:39.123	1.34026	1.34029			6
2025.10.09	01:22:42.210		1.34028			4
2025.10.09	01:22:42.515		1.34029			4
2025.10.09	01:22:45.304		1.34028			4
2025.10.09	01:22:45.607		1.34029			4
2025.10.09	01:22:46.525	1.34028				2
2025.10.09	01:22:48.699	1.34029	1.34030			6
2025.10.09	01:22:49.620		1.34031			4
2025.10.09	01:22:50.546		1.34030			4
2025.10.09	01:22:50.863		1.34031			4
2025.10.09	01:22:51.794		1.34032			4
2025.10.09	01:22:53.638		1.34031			4
2025.10.09	01:22:53.944	1.34030	1.34033			6
2025.10.09	01:22:58.889	1.34033	1.34034			6
2025.10.09	01:22:59.195	1.34030	1.34033			6
2025.10.09	01:23:00.125	1.34029	1.34032			6
2025.10.09	01:23:00.437	1.34030	1.34033			6
2025.10.09	01:23:01.062	1.34029	1.34032			6
2025.10.09	01:23:01.370	1.34030	1.34033			6
2025.10.09	01:23:03.549	1.34031				2
2025.10.09	01:23:04.164	1.34030				2
2025.10.09	01:23:04.470	1.34031				2
2025.10.09	01:23:06.322	1.34030				2
2025.10.09	01:23:07.551	1.34031				2
2025.10.09	01:23:09.402	1.34030				2
2025.10.09	01:23:09.716	1.34031				2
2025.10.09	01:23:12.506	1.34030				2
2025.10.09	01:23:12.814	1.34031				2
2025.10.09	01:23:15.588	1.34030				2
2025.10.09	01:23:15.902	1.34031				2
2025.10.09	01:23:17.755	1.34030				2
2025.10.09	01:23:18.072	1.34031				2
2025.10.09	01:23:18.696	1.34030				2
2025.10.09	01:23:19.015	1.34031				2
2025.10.09	01:23:21.797	1.34030				2
2025.10.09	01:23:23.040	1.34031				2
2025.10.09	01:23:24.915	1.34030				2
2025.10.09	01:23:26.157	1.34031				2
2025.10.09	01:23:27.091	1.34030				2
2025.10.09	01:23:40.424	1.34029	1.34032			6
2025.10.09	01:23:40.737	1.34030	1.34033			6
2025.10.09	01:23:42.601	1.34031				2
2025.10.09	01:23:44.776	1.34030				2
2025.10.09	01:23:45.695	1.34028	1.34031			6
2025.10.09	01:23:46.625		1.34030			4
2025.10.09	01:23:47.566		1.34031			4
2025.10.09	01:23:47.871		1.34030			4
2025.10.09	01:23:48.801		1.34029			4
2025.10.09	01:23:49.422		1.34030			4
2025.10.09	01:23:50.972		1.34029			4
2025.10.09	01:23:52.526	1.34027				2
2025.10.09	01:23:53.456	1.34031	1.34032			6
2025.10.09	01:23:53.769	1.34032	1.34033			6
2025.10.09	01:23:54.073	1.34027	1.34029			6
2025.10.09	01:23:55.932	1.34030	1.34031			6
2025.10.09	01:23:56.240	1.34031	1.34032			6
2025.10.09	01:23:56.559	1.34030	1.34031			6
2025.10.09	01:23:56.872	1.34031	1.34032			6
2025.10.09	01:23:57.489	1.34030	1.34031			6
2025.10.09	01:23:58.102	1.34032	1.34033			6
2025.10.09	01:24:00.269	1.34032				2
2025.10.09	01:24:58.207		1.34033			4
2025.10.09	01:25:00.060	1.34032				2
2025.10.09	01:25:31.355	1.34028	1.34029			6
2025.10.09	01:25:32.903	1.34027				2
2025.10.09	01:25:36.916		1.34028			4
2025.10.09	01:25:41.247	1.34030	1.34032			6
2025.10.09	01:25:41.548	1.34027	1.34030			6
2025.10.09	01:25:42.478	1.34028	1.34031			6
2025.10.09	01:25:44.015	1.34027	1.34030			6
2025.10.09	01:25:46.199	1.34028	1.34031			6
2025.10.09	01:26:00.102	1.34028				2
2025.10.09	01:26:01.328	1.34027	1.34030			6
2025.10.09	01:26:02.255	1.34028	1.34031			6
2025.10.09	01:26:02.570	1.34027	1.34030			6
2025.10.09	01:26:11.871	1.34026	1.34029			6
2025.10.09	01:26:12.816	1.34027	1.34030			6
2025.10.09	01:26:13.117	1.34026	1.34029			6
2025.10.09	01:26:14.050	1.34027	1.34030			6
2025.10.09	01:26:15.907	1.34028	1.34031			6
2025.10.09	01:26:16.216	1.34027	1.34030			6
2025.10.09	01:26:19.007	1.34028	1.34031			6
2025.10.09	01:26:19.316	1.34027	1.34030			6
2025.10.09	01:26:20.549	1.34028	1.34031			6
2025.10.09	01:26:20.857	1.34027	1.34030			6
2025.10.09	01:26:21.853	1.34028	1.34031			6
2025.10.09	01:26:22.270	1.34027	1.34030			6
2025.10.09	01:26:22.591	1.34028	1.34031			6
2025.10.09	01:26:22.933	1.34027	1.34030			6
2025.10.09	01:26:25.457	1.34028	1.34031			6
2025.10.09	01:26:26.371	1.34027	1.34030			6
2025.10.09	01:26:27.305	1.34028	1.34031			6
2025.10.09	01:26:27.609	1.34027	1.34030			6
2025.10.09	01:26:30.377	1.34028	1.34031			6
2025.10.09	01:26:30.687	1.34027	1.34030			6
2025.10.09	01:26:33.449	1.34028	1.34031			6
2025.10.09	01:26:33.757	1.34027	1.34030			6
2025.10.09	01:26:42.988	1.34026	1.34029			6
2025.10.09	01:26:43.292	1.34027	1.34030			6
2025.10.09	01:26:43.910	1.34026	1.34029			6
2025.10.09	01:26:44.827	1.34027	1.34030			6
2025.10.09	01:26:46.053	1.34026	1.34029			6
2025.10.09	01:26:47.907	1.34027	1.34030			6
2025.10.09	01:26:48.214	1.34026	1.34029			6
2025.10.09	01:26:51.005	1.34027	1.34030			6
2025.10.09	01:26:51.315	1.34026	1.34029			6
2025.10.09	01:26:54.095	1.34027	1.34030			6
2025.10.09	01:26:54.399	1.34026	1.34029			6
2025.10.09	01:26:54.710	1.34023	1.34026			6
2025.10.09	01:26:55.941	1.34022	1.34025			6
2025.10.09	01:27:00.271	1.34022				2
2025.10.09	01:27:09.541	1.34023	1.34026			6
2025.10.09	01:27:12.636	1.34022	1.34025			6
2025.10.09	01:27:14.482	1.34023	1.34026			6
2025.10.09	01:27:21.285	1.34025	1.34028			6
2025.10.09	01:27:23.123	1.34026	1.34029			6
2025.10.09	01:27:23.748	1.34027	1.34030			6
2025.10.09	01:27:31.465	1.34026	1.34029			6
2025.10.09	01:27:31.776	1.34027	1.34030			6
2025.10.09	01:27:32.397	1.34026	1.34029			6
2025.10.09	01:27:34.543	1.34025	1.34028			6
2025.10.09	01:27:37.951	1.34024	1.34027			6
2025.10.09	01:27:41.343	1.34026	1.34029			6
2025.10.09	01:27:41.649	1.34027				2
2025.10.09	01:27:43.194		1.34030			4
2025.10.09	01:27:53.350	1.34023	1.34024			6
2025.10.09	01:28:00.147	1.34023				2
2025.10.09	01:28:06.343	1.34026	1.34027			6
2025.10.09	01:28:06.659	1.34027	1.34028			6
2025.10.09	01:28:07.276	1.34029	1.34030			6
2025.10.09	01:28:07.580	1.34030	1.34031			6
2025.10.09	01:28:09.434	1.34031	1.34032			6
2025.10.09	01:28:10.368		1.34033			4
2025.10.09	01:28:11.605		1.34032			4
2025.10.09	01:28:16.579	1.34030	1.34031			6
2025.10.09	01:28:18.132	1.34031	1.34032			6
2025.10.09	01:28:18.439	1.34030	1.34031			6
2025.10.09	01:28:19.365	1.34031	1.34032			6
2025.10.09	01:28:20.295	1.34030	1.34031			6
2025.10.09	01:28:21.532	1.34031	1.34032			6
2025.10.09	01:28:22.148	1.34030	1.34031			6
2025.10.09	01:28:22.767	1.34031	1.34032			6
2025.10.09	01:28:24.006	1.34030	1.34031			6
2025.10.09	01:28:24.313	1.34031	1.34032			6
2025.10.09	01:28:24.933	1.34030	1.34031			6
2025.10.09	01:28:25.253	1.34031	1.34032			6
2025.10.09	01:28:27.105	1.34030	1.34031			6
2025.10.09	01:28:27.417	1.34031	1.34032			6
2025.10.09	01:28:30.196	1.34030	1.34031			6
2025.10.09	01:28:30.508	1.34031	1.34032			6
2025.10.09	01:28:32.683	1.34030	1.34031			6
2025.10.09	01:28:33.608	1.34031	1.34032			6
2025.10.09	01:28:34.213	1.34030	1.34031			6
2025.10.09	01:28:34.528	1.34031	1.34032			6
2025.10.09	01:28:41.653	1.34030	1.34031			6
2025.10.09	01:28:42.564	1.34031	1.34032			6
2025.10.09	01:28:46.597	1.34030	1.34031			6
2025.10.09	01:28:46.910	1.34031	1.34032			6
2025.10.09	01:28:58.958	1.34030	1.34031			6
2025.10.09	01:29:00.190	1.34030				2
2025.10.09	01:29:02.350		1.34032			4
2025.10.09	01:29:04.516		1.34031			4
2025.10.09	01:29:05.132		1.34032			4
2025.10.09	01:29:05.749		1.34031			4
2025.10.09	01:29:08.214		1.34032			4
2025.10.09	01:29:09.130		1.34031			4
2025.10.09	01:29:09.749		1.34032			4
2025.10.09	01:29:10.364		1.34031			4
2025.10.09	01:29:13.125	1.34031	1.34032			6
2025.10.09	01:29:31.594	1.34030	1.34031			6
2025.10.09	01:29:31.898	1.34031	1.34032			6
2025.10.09	01:29:43.002	1.34030	1.34031			6
2025.10.09	01:29:43.311	1.34031	1.34032			6
2025.10.09	01:29:52.589		1.34033			4
2025.10.09	01:29:54.125		1.34032			4
2025.10.09	01:29:59.982	1.34030	1.34031			6
2025.10.09	01:30:00.290	1.34031	1.34032			6
2025.10.09	01:30:03.081	1.34028	1.34031			6
2025.10.09	01:30:04.314	1.34029	1.34032			6
2025.10.09	01:30:06.477	1.34031				2
2025.10.09	01:30:10.500	1.34030				2
2025.10.09	01:30:11.433	1.34033	1.34036			6
2025.10.09	01:30:12.968	1.34032	1.34035			6
2025.10.09	01:30:14.223	1.34033				2
2025.10.09	01:30:15.151	1.34035	1.34038			6
2025.10.09	01:30:15.460	1.34038	1.34039			6
2025.10.09	01:30:21.968		1.34041			4
2025.10.09	01:30:22.280		1.34040			4
2025.10.09	01:30:26.914	1.34037				2
2025.10.09	01:30:32.760		1.34039			4
2025.10.09	01:30:39.215		1.34040			4
2025.10.09	01:30:39.828	1.34032	1.34035			6
2025.10.09	01:30:40.140	1.34031				2
2025.10.09	01:30:45.081	1.34032				2
2025.10.09	01:30:46.317	1.34031	1.34034			6
2025.10.09	01:30:50.949	1.34030	1.34033			6
2025.10.09	01:30:55.879		1.34031			4
2025.10.09	01:30:56.193	1.34031	1.34033			6
2025.10.09	01:30:56.499	1.34030	1.34031			6
2025.10.09	01:30:56.803	1.34031	1.34034			6
2025.10.09	01:30:57.109	1.34029	1.34030			6
2025.10.09	01:30:57.427	1.34031	1.34032			6
2025.10.09	01:30:57.728	1.34030	1.34031			6
2025.10.09	01:30:58.041	1.34031	1.34034			6
2025.10.09	01:30:58.357	1.34030	1.34031			6
2025.10.09	01:30:58.661	1.34031	1.34034			6
2025.10.09	01:30:58.975	1.34030	1.34031			6
2025.10.09	01:30:59.283	1.34031	1.34034			6
2025.10.09	01:31:00.205	1.34031				2
2025.10.09	01:31:02.059	1.34030	1.34033			6
2025.10.09	01:31:02.375	1.34031	1.34034			6
2025.10.09	01:31:11.662	1.34030	1.34033			6
2025.10.09	01:31:17.229	1.34031				2
2025.10.09	01:31:25.594	1.34030	1.34031			6
2025.10.09	01:31:30.560	1.34029	1.34030			6
2025.10.09	01:31:31.183	1.34031	1.34034			6
2025.10.09	01:31:32.120	1.34030	1.34036			6
2025.10.09	01:31:33.686		1.34035			4
2025.10.09	01:31:34.926		1.34036			4
2025.10.09	01:31:36.168		1.34035			4
2025.10.09	01:31:40.188		1.34034			4
2025.10.09	01:31:42.659		1.34035			4
2025.10.09	01:31:44.810		1.34034			4
2025.10.09	01:31:46.974		1.34035			4
2025.10.09	01:31:47.275		1.34033			4
2025.10.09	01:31:50.679		1.34034			4
2025.10.09	01:31:53.771	1.34033	1.34038			6
2025.10.09	01:31:54.076	1.34036	1.34039			6
2025.10.09	01:31:54.393		1.34040			4
2025.10.09	01:31:54.704	1.34038				2
2025.10.09	01:32:00.256	1.34038				2
2025.10.09	01:32:02.725		1.34039			4
2025.10.09	01:32:03.031		1.34040			4
2025.10.09	01:32:09.203		1.34039			4
2025.10.09	01:32:15.985	1.34029	1.34033			6
2025.10.09	01:32:16.287		1.34036			4
2025.10.09	01:32:17.517	1.34035	1.34040			6
2025.10.09	01:32:18.753	1.34038				2
2025.10.09	01:32:49.670		1.34039			4
2025.10.09	01:32:58.012		1.34040			4
2025.10.09	01:33:00.169	1.34038	1.34041			6
2025.10.09	01:33:00.779		1.34040			4
2025.10.09	01:33:01.401		1.34039			4
2025.10.09	01:33:01.702	1.34030	1.34033			6
2025.10.09	01:33:02.016		1.34034			4
2025.10.09	01:33:02.330		1.34033			4
2025.10.09	01:33:02.632	1.34029				2
2025.10.09	01:33:03.250		1.34036			4
2025.10.09	01:33:03.559		1.34034			4
2025.10.09	01:33:07.892	1.34028				2
2025.10.09	01:33:10.049	1.34029				2
2025.10.09	01:33:13.114	1.34028				2
2025.10.09	01:33:22.358		1.34033			4
2025.10.09	01:33:26.681		1.34032			4
2025.10.09	01:33:27.299		1.34033			4
2025.10.09	01:33:27.606		1.34032			4
2025.10.09	01:33:39.310		1.34031			4
2025.10.09	01:33:48.161		1.34030			4
2025.10.09	01:33:49.696		1.34029			4
2025.10.09	01:33:54.280		1.34030			4
2025.10.09	01:34:00.088	1.34028				2
2025.10.09	01:34:00.389		1.34029			4
2025.10.09	01:34:00.694	1.34029	1.34032			6
2025.10.09	01:34:01.014	1.34028	1.34031			6
2025.10.09	01:34:01.317		1.34030			4
2025.10.09	01:34:01.622		1.34031			4
2025.10.09	01:34:03.445		1.34032			4
2025.10.09	01:34:04.372		1.34030			4
2025.10.09	01:34:04.981		1.34031			4
2025.10.09	01:34:05.590		1.34030			4
2025.10.09	01:34:05.894		1.34031			4
2025.10.09	01:34:06.821		1.34030			4
2025.10.09	01:34:07.126	1.34029	1.34032			6
2025.10.09	01:34:08.048	1.34028	1.34030			6
2025.10.09	01:34:08.353	1.34029	1.34032			6
2025.10.09	01:34:10.192	1.34028	1.34031			6
2025.10.09	01:34:10.500		1.34030			4
2025.10.09	01:34:10.805		1.34031			4
2025.10.09	01:34:11.728	1.34029	1.34032			6
2025.10.09	01:34:12.646	1.34028	1.34031			6
2025.10.09	01:34:13.550		1.34030			4
2025.10.09	01:34:13.858		1.34031			4
2025.10.09	01:34:14.782		1.34030			4
2025.10.09	01:34:15.087		1.34031			4
2025.10.09	01:34:15.696		1.34030			4
2025.10.09	01:34:16.308		1.34031			4
2025.10.09	01:34:16.917		1.34030			4
2025.10.09	01:34:17.530		1.34031			4
2025.10.09	01:34:18.444		1.34030			4
2025.10.09	01:34:18.746		1.34031			4
2025.10.09	01:34:19.047		1.34030			4
2025.10.09	01:34:20.276		1.34031			4
2025.10.09	01:34:20.891	1.34029	1.34032			6
2025.10.09	01:34:21.813	1.34028	1.34031			6
2025.10.09	01:34:37.420	1.34029	1.34032			6
2025.10.09	01:34:37.730	1.34030	1.34033			6
2025.10.09	01:34:38.036	1.34029	1.34032			6
2025.10.09	01:34:38.337	1.34030	1.34033			6
2025.10.09	01:34:38.645	1.34029	1.34032			6
2025.10.09	01:34:39.248	1.34028	1.34031			6
2025.10.09	01:34:39.550	1.34029	1.34032			6
2025.10.09	01:34:49.637	1.34028	1.34030			6
2025.10.09	01:34:49.944		1.34031			4
2025.10.09	01:34:52.685		1.34030			4
2025.10.09	01:34:53.305		1.34031			4
2025.10.09	01:34:53.607	1.34029	1.34032			6
2025.10.09	01:34:53.915	1.34028	1.34031			6
2025.10.09	01:34:54.527	1.34029	1.34032			6
2025.10.09	01:34:56.363	1.34028	1.34030			6
2025.10.09	01:34:56.671	1.34029	1.34032			6
2025.10.09	01:34:56.974	1.34027	1.34030			6
2025.10.09	01:34:57.288	1.34028	1.34031			6
2025.10.09	01:34:58.830		1.34030			4
2025.10.09	01:34:59.130		1.34031			4
2025.10.09	01:34:59.437	1.34027	1.34030			6
2025.10.09	01:35:00.048	1.34028				2
2025.10.09	01:35:00.349	1.34027	1.34029			6
2025.10.09	01:35:01.873		1.34030			4
2025.10.09	01:35:02.180		1.34029			4
2025.10.09	01:35:02.495		1.34030			4
2025.10.09	01:35:04.944		1.34029			4
2025.10.09	01:35:27.611		1.34030			4
2025.10.09	01:35:28.542		1.34029			4
2025.10.09	01:35:30.075		1.34030			4
2025.10.09	01:35:30.380	1.34028	1.34031			6
2025.10.09	01:35:30.993		1.34030			4
2025.10.09	01:35:31.294		1.34031			4
2025.10.09	01:35:33.143		1.34030			4
2025.10.09	01:35:33.448		1.34031			4
2025.10.09	01:35:34.675		1.34030			4
2025.10.09	01:35:34.978		1.34031			4
2025.10.09	01:35:35.893		1.34030			4
2025.10.09	01:35:36.201	1.34029	1.34032			6
2025.10.09	01:35:37.131	1.34028	1.34030			6
2025.10.09	01:35:37.735		1.34031			4
2025.10.09	01:35:38.352		1.34030			4
2025.10.09	01:35:38.653		1.34031			4
2025.10.09	01:35:40.186		1.34030			4
2025.10.09	01:35:40.490		1.34031			4
2025.10.09	01:35:42.335		1.34030			4
2025.10.09	01:35:42.638		1.34031			4
2025.10.09	01:35:43.558		1.34030			4
2025.10.09	01:35:43.863		1.34031			4
2025.10.09	01:35:45.707		1.34030			4
2025.10.09	01:35:46.008		1.34031			4
2025.10.09	01:35:47.242		1.34030			4
2025.10.09	01:35:47.543		1.34031			4
2025.10.09	01:35:50.338		1.34030			4
2025.10.09	01:35:50.651		1.34031			4
2025.10.09	01:35:53.445		1.34030			4
2025.10.09	01:35:53.756		1.34031			4
2025.10.09	01:35:56.569		1.34030			4
2025.10.09	01:35:56.883		1.34031			4
2025.10.09	01:35:58.442	1.34029				2
2025.10.09	01:35:58.760		1.34032			4
2025.10.09	01:35:59.372	1.34028	1.34031			6
2025.10.09	01:35:59.682		1.34030			4
2025.10.09	01:35:59.990		1.34031			4
2025.10.09	01:36:00.302	1.34028				2
2025.10.09	01:36:08.974	1.34027	1.34029			6
2025.10.09	01:36:10.844		1.34030			4
2025.10.09	01:36:12.072		1.34029			4
2025.10.09	01:36:13.003		1.34030			4
2025.10.09	01:36:13.932		1.34029			4
2025.10.09	01:36:38.611	1.34026	1.34027			6
2025.10.09	01:36:38.920	1.34020	1.34023			6
2025.10.09	01:36:41.093	1.34019				2
2025.10.09	01:36:41.704	1.34018	1.34022			6
2025.10.09	01:36:42.942	1.34019	1.34023			6
2025.10.09	01:36:44.795		1.34022			4
2025.10.09	01:36:45.108		1.34023			4
2025.10.09	01:36:46.339		1.34021			4
2025.10.09	01:36:46.645		1.34023			4
2025.10.09	01:36:47.267		1.34020			4
2025.10.09	01:36:47.573		1.34022			4
2025.10.09	01:36:49.429		1.34020			4
2025.10.09	01:36:49.734		1.34022			4
2025.10.09	01:36:52.516		1.34021			4
2025.10.09	01:36:52.821		1.34022			4
2025.10.09	01:36:53.127		1.34021			4
2025.10.09	01:36:53.432		1.34022			4
2025.10.09	01:36:56.832	1.34020	1.34023			6
2025.10.09	01:36:57.140	1.34019	1.34022			6
2025.10.09	01:36:58.061	1.34018	1.34021			6
2025.10.09	01:36:58.368	1.34019	1.34022			6
2025.10.09	01:37:00.220	1.34019				2
2025.10.09	01:37:01.451	1.34018	1.34021			6
2025.10.09	01:37:01.768	1.34019	1.34022			6
