<DATE>	<TIME>	<BID>	<ASK>	<LAST>	<VOLUME>	<FLAGS>
2025.02.13	00:00:00.033	1.24418	1.24493			6
2025.02.13	00:00:00.350	1.24382	1.24501			6
2025.02.13	00:00:01.069	1.24354	1.24546			6
2025.02.13	00:00:30.670		1.24544			4
2025.02.13	00:01:00.156	1.24354				2
2025.02.13	00:01:17.973		1.24505			4
2025.02.13	00:02:00.103	1.24354				2
2025.02.13	00:02:18.123		1.24505			4
2025.02.13	00:03:00.268	1.24354				2
2025.02.13	00:03:18.346		1.24505			4
2025.02.13	00:04:00.014	1.24354				2
2025.02.13	00:04:18.463		1.24505			4
2025.02.13	00:05:00.276	1.24354	1.24544			6
2025.02.13	00:05:00.588		1.24546			4
2025.02.13	00:05:06.745	1.24356	1.24548			6
2025.02.13	00:05:09.821	1.24384	1.24572			6
2025.02.13	00:05:10.124	1.24400				2
2025.02.13	00:05:13.788	1.24360	1.24552			6
2025.02.13	00:05:23.273	1.24385	1.24572			6
2025.02.13	00:05:29.415	1.24358	1.24550			6
2025.02.13	00:05:36.436	1.24383	1.24572			6
2025.02.13	00:05:40.106	1.24384				2
2025.02.13	00:05:42.859	1.24358	1.24550			6
2025.02.13	00:05:43.466	1.24374	1.24566			6
2025.02.13	00:05:43.771	1.24386	1.24567			6
2025.02.13	00:05:47.742	1.24388				2
2025.02.13	00:05:48.660	1.24407	1.24599			6
2025.02.13	00:05:48.969	1.24411	1.24603			6
2025.02.13	00:05:49.276	1.24410	1.24602			6
2025.02.13	00:06:00.255	1.24410				2
2025.02.13	00:06:03.387	1.24388	1.24580			6
2025.02.13	00:06:05.835	1.24386	1.24578			6
2025.02.13	00:06:06.139	1.24388	1.24580			6
2025.02.13	00:06:07.667	1.24389	1.24581			6
2025.02.13	00:06:07.970	1.24363	1.24555			6
2025.02.13	00:06:08.279	1.24415	1.24603			6
2025.02.13	00:06:08.587	1.24386	1.24578			6
2025.02.13	00:06:08.893	1.24363	1.24555			6
2025.02.13	00:06:09.198	1.24388	1.24580			6
2025.02.13	00:06:10.727	1.24391	1.24583			6
2025.02.13	00:06:11.335	1.24393	1.24585			6
2025.02.13	00:06:23.252	1.24402	1.24594			6
2025.02.13	00:06:29.970	1.24400	1.24592			6
2025.02.13	00:06:48.920	1.24430	1.24603			6
2025.02.13	00:06:51.975	1.24424				2
2025.02.13	00:06:52.277	1.24423				2
2025.02.13	00:06:52.886	1.24422				2
2025.02.13	00:06:58.685	1.24374	1.24566			6
2025.02.13	00:07:00.216	1.24374				2
2025.02.13	00:07:02.654	1.24360	1.24552			6
2025.02.13	00:07:06.319	1.24359	1.24551			6
2025.02.13	00:07:11.205	1.24376	1.24568			6
2025.02.13	00:07:23.408	1.24379	1.24571			6
2025.02.13	00:07:24.011	1.24383	1.24575			6
2025.02.13	00:07:38.330	1.24380	1.24572			6
2025.02.13	00:07:38.633	1.24382	1.24574			6
2025.02.13	00:07:39.245	1.24376	1.24568			6
2025.02.13	00:07:43.804	1.24378	1.24570			6
2025.02.13	00:07:56.406	1.24376	1.24568			6
2025.02.13	00:07:56.706	1.24377	1.24569			6
2025.02.13	00:07:57.013	1.24376	1.24568			6
2025.02.13	00:07:58.230	1.24377	1.24569			6
2025.02.13	00:07:59.138	1.24376	1.24568			6
2025.02.13	00:08:00.048	1.24376				2
2025.02.13	00:08:06.201	1.24370	1.24562			6
2025.02.13	00:08:08.970	1.24382	1.24574			6
2025.02.13	00:08:09.277	1.24381	1.24573			6
2025.02.13	00:08:16.877	1.24378	1.24570			6
2025.02.13	00:08:21.789	1.24377	1.24569			6
2025.02.13	00:08:22.411	1.24378	1.24570			6
2025.02.13	00:08:23.022	1.24379	1.24571			6
2025.02.13	00:08:33.784	1.24375	1.24567			6
2025.02.13	00:08:34.399	1.24376	1.24568			6
2025.02.13	00:08:39.310	1.24374	1.24566			6
2025.02.13	00:08:42.391	1.24378	1.24570			6
2025.02.13	00:08:43.320	1.24377	1.24569			6
2025.02.13	00:08:46.086	1.24376	1.24568			6
2025.02.13	00:08:49.767	1.24382	1.24574			6
2025.02.13	00:08:50.074	1.24380	1.24572			6
2025.02.13	00:09:00.220	1.24380				2
2025.02.13	00:09:03.602	1.24381	1.24573			6
2025.02.13	00:09:19.272	1.24380	1.24572			6
2025.02.13	00:09:20.505	1.24375	1.24549			6
2025.02.13	00:09:24.452	1.24368	1.24560			6
2025.02.13	00:09:29.053	1.24372	1.24564			6
2025.02.13	00:09:45.363	1.24422	1.24555			6
2025.02.13	00:09:45.677		1.24550			4
2025.02.13	00:09:51.186		1.24542			4
2025.02.13	00:09:53.930		1.24538			4
2025.02.13	00:09:59.721		1.24539			4
2025.02.13	00:10:00.028	1.24422				2
2025.02.13	00:10:02.768		1.24540			4
2025.02.13	00:10:03.070		1.24541			4
2025.02.13	00:10:08.230		1.24539			4
2025.02.13	00:10:13.419		1.24550			4
2025.02.13	00:10:20.418		1.24555			4
2025.02.13	00:10:25.592		1.24550			4
2025.02.13	00:10:38.030		1.24551			4
2025.02.13	00:10:45.354		1.24549			4
2025.02.13	00:10:51.164		1.24552			4
2025.02.13	00:10:56.635	1.24432	1.24580			6
2025.02.13	00:10:56.940		1.24585			4
2025.02.13	00:10:57.854		1.24555			4
2025.02.13	00:10:58.769		1.24552			4
2025.02.13	00:11:00.284	1.24432				2
2025.02.13	00:11:20.660	1.24433	1.24547			6
2025.02.13	00:11:27.942	1.24434	1.24552			6
2025.02.13	00:11:28.260	1.24433				2
2025.02.13	00:11:31.001	1.24456	1.24547			6
2025.02.13	00:11:34.674	1.24432	1.24552			6
2025.02.13	00:11:39.301		1.24550			4
2025.02.13	00:11:41.450	1.24455	1.24545			6
2025.02.13	00:11:42.369	1.24435	1.24550			6
2025.02.13	00:11:56.804	1.24440				2
2025.02.13	00:12:00.144	1.24440				2
2025.02.13	00:12:01.663	1.24458	1.24548			6
2025.02.13	00:12:02.273	1.24447	1.24553			6
2025.02.13	00:12:02.585	1.24459				2
2025.02.13	00:12:03.506	1.24456	1.24546			6
2025.02.13	00:12:07.186	1.24441	1.24548			6
2025.02.13	00:12:09.303	1.24457	1.24547			6
2025.02.13	00:12:24.204	1.24456	1.24546			6
2025.02.13	00:12:26.329	1.24457	1.24547			6
2025.02.13	00:12:39.182	1.24463	1.24550			6
2025.02.13	00:12:40.101	1.24460				2
2025.02.13	00:12:40.712	1.24459	1.24549			6
2025.02.13	00:12:41.619	1.24450	1.24557			6
2025.02.13	00:12:41.929	1.24448				2
2025.02.13	00:12:49.911	1.24451				2
2025.02.13	00:12:57.895	1.24450				2
2025.02.13	00:13:00.051	1.24450				2
2025.02.13	00:13:00.973	1.24451				2
2025.02.13	00:13:01.897		1.24556			4
2025.02.13	00:13:03.445	1.24432				2
2025.02.13	00:13:03.744		1.24557			4
2025.02.13	00:13:06.192	1.24429				2
2025.02.13	00:13:30.186	1.24438				2
2025.02.13	00:13:30.488	1.24437				2
2025.02.13	00:13:35.099	1.24438				2
2025.02.13	00:14:00.007	1.24438				2
2025.02.13	00:14:03.764		1.24557			4
2025.02.13	00:14:07.750	1.24423				2
2025.02.13	00:14:16.364	1.24419				2
2025.02.13	00:14:27.730	1.24396				2
2025.02.13	00:14:32.654	1.24387	1.24562			6
2025.02.13	00:14:37.273	1.24434	1.24557			6
2025.02.13	00:14:38.189	1.24414	1.24562			6
2025.02.13	00:14:38.499	1.24442	1.24557			6
2025.02.13	00:14:51.158	1.24427	1.24562			6
2025.02.13	00:14:51.774	1.24430	1.24557			6
2025.02.13	00:14:52.084	1.24414	1.24562			6
2025.02.13	00:14:53.316	1.24430	1.24557			6
2025.02.13	00:15:00.089	1.24430				2
2025.02.13	00:15:00.391	1.24412	1.24562			6
2025.02.13	00:15:05.002	1.24418	1.24557			6
2025.02.13	00:15:05.625	1.24406	1.24562			6
2025.02.13	00:16:54.181	1.24414	1.24560			6
2025.02.13	00:16:57.543	1.24415				2
2025.02.13	00:17:00.002	1.24415				2
2025.02.13	00:17:03.383	1.24429	1.24555			6
2025.02.13	00:17:08.307	1.24430				2
2025.02.13	00:17:28.405	1.24432				2
2025.02.13	00:17:42.006	1.24420				2
2025.02.13	00:17:50.671	1.24433	1.24554			6
2025.02.13	00:17:50.975		1.24549			4
2025.02.13	00:17:52.196	1.24434				2
2025.02.13	00:17:53.420		1.24544			4
2025.02.13	00:17:54.026	1.24433				2
2025.02.13	00:17:54.944	1.24432				2
2025.02.13	00:18:00.138	1.24432				2
2025.02.13	00:18:04.092	1.24416				2
2025.02.13	00:18:05.323	1.24412				2
2025.02.13	00:18:11.465	1.24418	1.24542			6
2025.02.13	00:18:12.690		1.24533			4
2025.02.13	00:18:15.163	1.24417				2
2025.02.13	00:18:17.007	1.24416				2
2025.02.13	00:18:24.680	1.24417				2
2025.02.13	00:18:32.674	1.24404	1.24506			6
2025.02.13	00:18:33.596	1.24393				2
2025.02.13	00:18:34.825	1.24387				2
2025.02.13	00:18:35.746	1.24399				2
2025.02.13	00:18:36.672	1.24381				2
2025.02.13	00:18:37.900	1.24397				2
2025.02.13	00:18:39.441	1.24399				2
2025.02.13	00:18:41.281	1.24401				2
2025.02.13	00:18:42.507	1.24403				2
2025.02.13	00:18:42.817	1.24405				2
2025.02.13	00:18:44.350	1.24407				2
2025.02.13	00:18:51.742	1.24405	1.24467			6
2025.02.13	00:18:52.048	1.24420				2
2025.02.13	00:18:52.349	1.24419				2
2025.02.13	00:18:53.266	1.24420				2
2025.02.13	00:18:57.223	1.24421				2
2025.02.13	00:19:00.257	1.24421				2
2025.02.13	00:19:01.170	1.24420				2
2025.02.13	00:19:06.967	1.24414				2
2025.02.13	00:19:09.401	1.24415				2
2025.02.13	00:19:09.709	1.24366				2
2025.02.13	00:19:12.474	1.24367				2
2025.02.13	00:19:20.786	1.24361	1.24456			6
2025.02.13	00:19:24.169	1.24360				2
2025.02.13	00:19:25.406	1.24361				2
2025.02.13	00:19:30.624	1.24368				2
2025.02.13	00:19:35.539	1.24367				2
2025.02.13	00:19:36.465	1.24368				2
2025.02.13	00:19:44.756	1.24353				2
2025.02.13	00:19:45.063	1.24368				2
2025.02.13	00:19:51.820	1.24365				2
2025.02.13	00:19:53.968	1.24369				2
2025.02.13	00:19:56.113	1.24368				2
2025.02.13	00:19:57.350	1.24363				2
2025.02.13	00:19:57.656	1.24364				2
2025.02.13	00:20:00.111	1.24364				2
2025.02.13	00:20:09.957	1.24361				2
2025.02.13	00:20:15.479	1.24364	1.24497			6
2025.02.13	00:20:16.097	1.24363	1.24500			6
2025.02.13	00:20:16.402	1.24357				2
2025.02.13	00:20:20.345	1.24363				2
2025.02.13	00:20:30.494	1.24366				2
2025.02.13	00:20:33.888	1.24367				2
2025.02.13	00:20:34.496	1.24360	1.24501			6
2025.02.13	00:20:34.824	1.24366				2
2025.02.13	00:20:36.669	1.24367				2
2025.02.13	00:20:36.976	1.24360				2
2025.02.13	00:20:37.304	1.24361				2
2025.02.13	00:20:37.921	1.24364				2
2025.02.13	00:20:41.609	1.24366				2
2025.02.13	00:20:45.289	1.24367				2
2025.02.13	00:20:47.437	1.24366				2
2025.02.13	00:20:48.973	1.24367				2
2025.02.13	00:20:51.125		1.24500			4
2025.02.13	00:20:52.048	1.24375	1.24471			6
2025.02.13	00:20:52.351	1.24380				2
2025.02.13	00:20:55.399	1.24381				2
2025.02.13	00:20:59.350	1.24377				2
2025.02.13	00:20:59.975	1.24378				2
2025.02.13	00:21:00.288	1.24378				2
2025.02.13	00:21:00.588	1.24381				2
2025.02.13	00:21:02.427	1.24385				2
2025.02.13	00:21:07.328		1.24454			4
2025.02.13	00:21:07.633	1.24372				2
2025.02.13	00:21:10.696	1.24373				2
2025.02.13	00:21:14.058	1.24379				2
2025.02.13	00:21:16.207	1.24376				2
2025.02.13	00:21:17.440	1.24375				2
2025.02.13	00:21:20.807	1.24377				2
2025.02.13	00:21:23.836	1.24378				2
2025.02.13	00:21:28.999	1.24379				2
2025.02.13	00:21:29.303	1.24378				2
2025.02.13	00:21:32.937	1.24380				2
2025.02.13	00:21:34.774	1.24379				2
2025.02.13	00:21:37.194	1.24380				2
2025.02.13	00:21:39.617		1.24462			4
2025.02.13	00:21:40.532	1.24384				2
2025.02.13	00:21:41.447	1.24383				2
2025.02.13	00:21:41.757	1.24382				2
2025.02.13	00:21:42.375	1.24380				2
2025.02.13	00:21:42.988	1.24378				2
2025.02.13	00:21:43.298	1.24379				2
2025.02.13	00:21:44.222	1.24378				2
2025.02.13	00:21:45.448	1.24377				2
2025.02.13	00:21:45.755	1.24369	1.24469			6
2025.02.13	00:21:46.681	1.24372				2
2025.02.13	00:21:46.984	1.24370				2
2025.02.13	00:21:48.221	1.24373				2
2025.02.13	00:21:49.449	1.24371				2
2025.02.13	00:21:49.756	1.24374				2
2025.02.13	00:21:50.062	1.24376				2
2025.02.13	00:21:50.985	1.24378				2
2025.02.13	00:21:51.293	1.24377				2
2025.02.13	00:21:51.603	1.24379				2
2025.02.13	00:21:56.214	1.24378				2
2025.02.13	00:22:00.212	1.24378				2
2025.02.13	00:22:01.742	1.24381				2
2025.02.13	00:22:03.397	1.24383				2
2025.02.13	00:22:04.321	1.24381				2
2025.02.13	00:22:05.861	1.24383				2
2025.02.13	00:22:07.086	1.24384	1.24462			6
2025.02.13	00:22:07.398	1.24386				2
2025.02.13	00:22:10.464	1.24387				2
2025.02.13	00:22:10.773	1.24388				2
2025.02.13	00:22:11.693	1.24389				2
2025.02.13	00:22:12.305	1.24390				2
2025.02.13	00:22:13.848	1.24391				2
2025.02.13	00:22:15.370	1.24392				2
2025.02.13	00:22:15.671	1.24403				2
2025.02.13	00:22:18.113	1.24402				2
2025.02.13	00:22:18.418	1.24403				2
2025.02.13	00:22:19.027	1.24391	1.24466			6
2025.02.13	00:22:19.345	1.24392				2
2025.02.13	00:22:20.263	1.24391				2
2025.02.13	00:22:20.567	1.24392				2
2025.02.13	00:22:22.420	1.24393				2
2025.02.13	00:22:26.108	1.24394				2
2025.02.13	00:22:27.334	1.24395				2
2025.02.13	00:22:27.641	1.24396				2
2025.02.13	00:22:28.565	1.24395				2
2025.02.13	00:22:28.871	1.24403	1.24500			6
2025.02.13	00:22:29.182	1.24402				2
2025.02.13	00:22:29.487	1.24404				2
2025.02.13	00:22:31.641	1.24400				2
2025.02.13	00:22:34.710	1.24401				2
2025.02.13	00:22:35.631	1.24402				2
2025.02.13	00:22:39.942	1.24403				2
2025.02.13	00:22:41.180	1.24398				2
2025.02.13	00:22:41.480	1.24399				2
2025.02.13	00:22:42.095	1.24400				2
2025.02.13	00:22:43.938	1.24404				2
2025.02.13	00:22:44.245	1.24405				2
2025.02.13	00:22:46.701	1.24406				2
2025.02.13	00:22:49.161	1.24400				2
2025.02.13	00:22:55.932	1.24401				2
2025.02.13	00:22:56.546	1.24402				2
2025.02.13	00:22:58.080	1.24404				2
2025.02.13	00:22:59.618	1.24405				2
2025.02.13	00:23:00.235	1.24405				2
2025.02.13	00:23:00.546	1.24409				2
2025.02.13	00:23:02.695	1.24399				2
2025.02.13	00:23:03.928	1.24401				2
2025.02.13	00:23:06.080	1.24403				2
2025.02.13	00:23:09.155	1.24404				2
2025.02.13	00:23:09.774	1.24406				2
2025.02.13	00:23:10.382	1.24408				2
2025.02.13	00:23:11.618	1.24414				2
2025.02.13	00:23:12.536	1.24415				2
2025.02.13	00:23:14.080	1.24416				2
2025.02.13	00:23:18.995	1.24417				2
2025.02.13	00:23:22.073	1.24405	1.24501			6
2025.02.13	00:23:22.383	1.24420				2
2025.02.13	00:23:23.928	1.24422				2
2025.02.13	00:23:28.235	1.24423				2
2025.02.13	00:23:29.158	1.24422				2
2025.02.13	00:23:31.620	1.24423				2
2025.02.13	00:23:35.307	1.24424				2
2025.02.13	00:23:40.858	1.24425				2
2025.02.13	00:23:42.389	1.24426				2
2025.02.13	00:23:47.319	1.24427				2
2025.02.13	00:23:51.633	1.24428				2
2025.02.13	00:23:53.166	1.24417	1.24548			6
2025.02.13	00:23:53.475	1.24425				2
2025.02.13	00:23:53.780	1.24441	1.24550			6
2025.02.13	00:23:54.398	1.24427	1.24549			6
2025.02.13	00:23:54.709	1.24431	1.24546			6
2025.02.13	00:23:55.013	1.24432				2
2025.02.13	00:23:57.478	1.24431				2
2025.02.13	00:23:59.328		1.24545			4
2025.02.13	00:24:00.246	1.24426				2
2025.02.13	00:24:01.166	1.24427				2
2025.02.13	00:24:01.474	1.24426				2
2025.02.13	00:24:01.781	1.24427				2
2025.02.13	00:24:02.395		1.24544			4
2025.02.13	00:24:04.366	1.24428				2
2025.02.13	00:24:06.829	1.24429	1.24543			6
2025.02.13	00:24:11.752		1.24544			4
2025.02.13	00:24:12.056	1.24401				2
2025.02.13	00:24:13.287		1.24537			4
2025.02.13	00:24:16.666		1.24536			4
2025.02.13	00:24:20.046		1.24537			4
2025.02.13	00:24:26.197		1.24538			4
2025.02.13	00:24:27.123		1.24533			4
2025.02.13	00:24:29.286		1.24534			4
2025.02.13	00:24:32.371	1.24398	1.24515			6
2025.02.13	00:24:48.663	1.24397	1.24506			6
2025.02.13	00:24:49.133	1.24400				2
2025.02.13	00:24:50.368	1.24401				2
2025.02.13	00:24:52.207	1.24400				2
2025.02.13	00:24:54.978	1.24391	1.24504			6
2025.02.13	00:24:55.280	1.24390				2
2025.02.13	00:24:56.204	1.24391				2
2025.02.13	00:24:58.668	1.24392				2
2025.02.13	00:25:00.205	1.24392				2
2025.02.13	00:25:01.130	1.24394	1.24503			6
2025.02.13	00:25:01.741	1.24397				2
2025.02.13	00:25:02.357		1.24504			4
2025.02.13	00:25:02.974		1.24503			4
2025.02.13	00:25:03.597	1.24396				2
2025.02.13	00:25:04.202		1.24504			4
2025.02.13	00:25:06.661		1.24503			4
2025.02.13	00:25:07.582		1.24504			4
2025.02.13	00:25:08.801	1.24397	1.24506			6
2025.02.13	00:25:10.328		1.24505			4
2025.02.13	00:25:11.243	1.24395	1.24506			6
2025.02.13	00:25:13.072		1.24505			4
2025.02.13	00:25:13.686		1.24506			4
2025.02.13	00:25:14.599	1.24394	1.24505			6
2025.02.13	00:25:14.907	1.24397				2
2025.02.13	00:25:20.702	1.24398	1.24504			6
2025.02.13	00:25:23.448	1.24395	1.24505			6
2025.02.13	00:25:25.279	1.24397	1.24504			6
2025.02.13	00:25:26.812	1.24395	1.24506			6
2025.02.13	00:25:27.168		1.24504			4
2025.02.13	00:25:27.482	1.24396	1.24506			6
2025.02.13	00:25:31.451		1.24505			4
2025.02.13	00:25:32.362	1.24395				2
2025.02.13	00:25:32.968	1.24392	1.24504			6
2025.02.13	00:25:33.278	1.24394				2
2025.02.13	00:25:35.107	1.24395				2
2025.02.13	00:25:35.408		1.24505			4
2025.02.13	00:25:39.067		1.24504			4
2025.02.13	00:25:42.121	1.24393				2
2025.02.13	00:25:43.037	1.24394				2
2025.02.13	00:25:44.255	1.24395	1.24501			6
2025.02.13	00:25:47.306	1.24397				2
2025.02.13	00:25:50.053	1.24398				2
2025.02.13	00:25:50.667	1.24399				2
2025.02.13	00:25:53.119	1.24400				2
2025.02.13	00:25:56.478	1.24401				2
2025.02.13	00:26:00.138	1.24401				2
2025.02.13	00:26:03.801	1.24384	1.24506			6
2025.02.13	00:26:04.108	1.24393				2
2025.02.13	00:26:06.547	1.24394				2
2025.02.13	00:26:07.470	1.24395				2
2025.02.13	00:26:10.812	1.24403	1.24502			6
2025.02.13	00:26:18.566	1.24404				2
2025.02.13	00:26:21.612	1.24400	1.24506			6
2025.02.13	00:26:21.921		1.24504			4
2025.02.13	00:26:22.225	1.24404	1.24502			6
2025.02.13	00:26:27.522	1.24405	1.24503			6
2025.02.13	00:26:28.438	1.24401	1.24505			6
2025.02.13	00:26:31.183	1.24402				2
2025.02.13	00:26:33.110	1.24399	1.24497			6
2025.02.13	00:26:33.418	1.24400				2
2025.02.13	00:26:36.470	1.24404	1.24500			6
2025.02.13	00:26:37.082	1.24405				2
2025.02.13	00:26:42.272	1.24403	1.24501			6
2025.02.13	00:26:42.885	1.24404				2
2025.02.13	00:26:43.192		1.24500			4
2025.02.13	00:26:43.800	1.24402	1.24505			6
2025.02.13	00:26:44.106	1.24405	1.24503			6
2025.02.13	00:26:44.411	1.24403	1.24502			6
2025.02.13	00:26:44.719	1.24404	1.24500			6
2025.02.13	00:26:47.796	1.24402	1.24502			6
2025.02.13	00:26:49.029		1.24498			4
2025.02.13	00:26:49.643	1.24398				2
2025.02.13	00:26:49.949	1.24399				2
2025.02.13	00:26:50.257	1.24398	1.24496			6
2025.02.13	00:26:54.252	1.24399				2
2025.02.13	00:26:58.873		1.24499			4
2025.02.13	00:27:00.105	1.24399				2
2025.02.13	00:27:04.718	1.24401	1.24501			6
2025.02.13	00:27:09.038	1.24399	1.24503			6
2025.02.13	00:27:13.039		1.24504			4
2025.02.13	00:27:13.957	1.24400				2
2025.02.13	00:27:14.270	1.24399				2
2025.02.13	00:27:16.415	1.24400				2
2025.02.13	00:27:17.032	1.24398				2
2025.02.13	00:27:17.339	1.24399				2
2025.02.13	00:27:17.649		1.24503			4
2025.02.13	00:27:18.259		1.24502			4
2025.02.13	00:27:18.574		1.24500			4
2025.02.13	00:27:20.108	1.24400				2
2025.02.13	00:27:21.338	1.24401				2
2025.02.13	00:27:25.342	1.24402				2
2025.02.13	00:27:25.645	1.24405				2
2025.02.13	00:27:30.882	1.24406				2
2025.02.13	00:27:32.421	1.24405				2
2025.02.13	00:27:34.269		1.24499			4
2025.02.13	00:27:46.269	1.24406				2
2025.02.13	00:27:47.494	1.24404	1.24497			6
2025.02.13	00:27:49.033		1.24498			4
2025.02.13	00:27:49.963	1.24405				2
2025.02.13	00:27:50.575	1.24406				2
2025.02.13	00:27:50.880		1.24497			4
2025.02.13	00:27:53.036	1.24404	1.24494			6
2025.02.13	00:27:53.348	1.24407	1.24493			6
2025.02.13	00:27:58.876	1.24406	1.24496			6
2025.02.13	00:27:59.492	1.24405	1.24495			6
2025.02.13	00:28:00.115	1.24405				2
2025.02.13	00:28:04.111	1.24409	1.24499			6
2025.02.13	00:28:05.034	1.24408	1.24498			6
2025.02.13	00:28:07.189	1.24411	1.24501			6
2025.02.13	00:28:09.041	1.24409	1.24502			6
2025.02.13	00:28:10.886	1.24410	1.24503			6
2025.02.13	00:28:11.807		1.24502			4
2025.02.13	00:28:12.737		1.24503			4
2025.02.13	00:28:14.277	1.24411				2
2025.02.13	00:28:15.503	1.24410	1.24501			6
2025.02.13	00:28:15.815	1.24411	1.24502			6
2025.02.13	00:28:18.890	1.24410	1.24501			6
2025.02.13	00:28:19.202		1.24500			4
2025.02.13	00:28:21.355	1.24407				2
2025.02.13	00:28:21.661	1.24406				2
2025.02.13	00:28:22.275	1.24400	1.24498			6
2025.02.13	00:28:22.584	1.24402				2
2025.02.13	00:28:24.739	1.24406	1.24502			6
2025.02.13	00:28:30.278	1.24405	1.24501			6
2025.02.13	00:28:32.739	1.24404				2
2025.02.13	00:28:33.044	1.24407	1.24498			6
2025.02.13	00:28:33.353		1.24500			4
2025.02.13	00:28:41.951	1.24400	1.24496			6
2025.02.13	00:28:42.258	1.24401	1.24498			6
2025.02.13	00:28:42.571	1.24399				2
2025.02.13	00:28:43.181	1.24400	1.24499			6
2025.02.13	00:28:49.338		1.24500			4
2025.02.13	00:28:49.642	1.24405				2
2025.02.13	00:28:51.791	1.24404				2
2025.02.13	00:28:58.866		1.24501			4
2025.02.13	00:29:00.102	1.24404	1.24500			6
2025.02.13	00:29:02.258		1.24501			4
2025.02.13	00:29:02.871		1.24500			4
2025.02.13	00:29:07.487	1.24399				2
2025.02.13	00:29:07.800	1.24400				2
2025.02.13	00:29:11.497	1.24401				2
2025.02.13	00:29:13.648	1.24396	1.24501			6
2025.02.13	00:29:15.497	1.24397				2
2025.02.13	00:29:16.411	1.24398				2
2025.02.13	00:29:17.642	1.24396				2
2025.02.13	00:29:17.952	1.24397				2
2025.02.13	00:29:21.646	1.24398				2
2025.02.13	00:29:21.954	1.24400				2
2025.02.13	00:29:27.794		1.24500			4
2025.02.13	00:29:28.404	1.24397	1.24501			6
2025.02.13	00:29:28.716		1.24500			4
2025.02.13	00:29:30.557	1.24396	1.24498			6
2025.02.13	00:29:32.096	1.24397	1.24499			6
2025.02.13	00:29:41.937		1.24500			4
2025.02.13	00:29:43.174		1.24499			4
2025.02.13	00:29:51.173	1.24399				2
2025.02.13	00:29:53.322	1.24400	1.24498			6
2025.02.13	00:30:00.090	1.24400				2
2025.02.13	00:30:00.398	1.24397	1.24499			6
2025.02.13	00:30:01.935	1.24398				2
2025.02.13	00:30:06.238	1.24399				2
2025.02.13	00:30:09.010	1.24400	1.24498			6
2025.02.13	00:30:13.934	1.24399				2
2025.02.13	00:30:16.384	1.24400				2
2025.02.13	00:30:17.305		1.24497			4
2025.02.13	00:30:17.922		1.24496			4
2025.02.13	00:30:20.082	1.24405	1.24504			6
2025.02.13	00:30:20.390	1.24408	1.24498			6
2025.02.13	00:30:26.848	1.24407	1.24497			6
2025.02.13	00:30:27.229	1.24408	1.24498			6
2025.02.13	00:30:27.852	1.24410	1.24500			6
2025.02.13	00:30:28.473	1.24411	1.24501			6
2025.02.13	00:30:29.081	1.24412	1.24502			6
2025.02.13	00:30:29.391	1.24410	1.24500			6
2025.02.13	00:30:29.699	1.24411	1.24501			6
2025.02.13	00:30:30.321	1.24412	1.24502			6
2025.02.13	00:30:31.244	1.24413	1.24503			6
2025.02.13	00:30:31.858	1.24414	1.24504			6
2025.02.13	00:30:38.006	1.24415	1.24505			6
2025.02.13	00:30:45.387	1.24414	1.24504			6
2025.02.13	00:30:49.387	1.24415	1.24505			6
2025.02.13	00:31:00.166	1.24415				2
2025.02.13	00:31:01.394	1.24413	1.24503			6
2025.02.13	00:31:09.076	1.24416	1.24506			6
2025.02.13	00:31:13.994	1.24414	1.24504			6
2025.02.13	00:31:14.917	1.24417	1.24507			6
2025.02.13	00:31:18.311	1.24415	1.24505			6
2025.02.13	00:31:20.158	1.24410	1.24500			6
2025.02.13	00:31:22.001	1.24412	1.24502			6
2025.02.13	00:31:26.297	1.24414	1.24504			6
2025.02.13	00:31:31.523		1.24503			4
2025.02.13	00:31:32.449	1.24413				2
2025.02.13	00:31:33.066	1.24414				2
2025.02.13	00:31:33.369	1.24410	1.24500			6
2025.02.13	00:31:39.825	1.24415	1.24503			6
2025.02.13	00:31:44.133	1.24413				2
2025.02.13	00:31:48.746		1.24502			4
2025.02.13	00:31:50.594	1.24414				2
2025.02.13	00:31:57.665	1.24413				2
2025.02.13	00:31:58.894	1.24414				2
2025.02.13	00:32:00.127	1.24414				2
2025.02.13	00:32:05.427	1.24415				2
2025.02.13	00:32:06.962	1.24420	1.24501			6
2025.02.13	00:32:07.268	1.24411				2
2025.02.13	00:32:10.334	1.24415	1.24503			6
2025.02.13	00:32:13.397		1.24502			4
2025.02.13	00:32:15.226	1.24413	1.24501			6
2025.02.13	00:32:16.749	1.24411				2
2025.02.13	00:32:17.367		1.24500			4
2025.02.13	00:32:19.515	1.24415				2
2025.02.13	00:32:20.134	1.24411	1.24501			6
2025.02.13	00:32:21.665		1.24500			4
2025.02.13	00:32:25.356	1.24415				2
2025.02.13	00:32:27.219	1.24416				2
2025.02.13	00:32:27.528	1.24415	1.24501			6
2025.02.13	00:32:28.752	1.24414				2
2025.02.13	00:32:34.285	1.24415				2
2025.02.13	00:32:35.218	1.24416				2
2025.02.13	00:32:35.832	1.24417				2
2025.02.13	00:32:36.759		1.24500			4
2025.02.13	00:32:40.453	1.24411				2
2025.02.13	00:32:41.070	1.24409	1.24499			6
2025.02.13	00:32:42.298	1.24408	1.24498			6
2025.02.13	00:32:43.223		1.24497			4
2025.02.13	00:32:44.143	1.24416				2
2025.02.13	00:32:45.376	1.24417				2
2025.02.13	00:32:47.223	1.24415	1.24499			6
2025.02.13	00:32:51.831		1.24500			4
2025.02.13	00:32:53.362	1.24410				2
2025.02.13	00:32:54.279		1.24499			4
2025.02.13	00:32:55.510	1.24415	1.24500			6
2025.02.13	00:32:59.787	1.24417				2
2025.02.13	00:33:00.092	1.24417				2
2025.02.13	00:33:09.233	1.24416				2
2025.02.13	00:33:11.675	1.24411	1.24498			6
2025.02.13	00:33:12.289		1.24497			4
2025.02.13	00:33:20.604		1.24498			4
2025.02.13	00:33:23.677		1.24497			4
2025.02.13	00:33:32.287	1.24410				2
2025.02.13	00:33:37.820	1.24411				2
2025.02.13	00:33:44.885	1.24410				2
2025.02.13	00:33:49.793	1.24412				2
2025.02.13	00:34:00.206	1.24412				2
2025.02.13	00:34:03.277		1.24493			4
2025.02.13	00:34:03.582		1.24494			4
2025.02.13	00:34:05.120	1.24410	1.24491			6
2025.02.13	00:34:05.426	1.24409	1.24488			6
2025.02.13	00:34:12.813	1.24412	1.24491			6
2025.02.13	00:34:13.127	1.24411	1.24492			6
2025.02.13	00:34:13.429	1.24409	1.24488			6
2025.02.13	00:34:20.805		1.24487			4
2025.02.13	00:34:21.110	1.24406				2
2025.02.13	00:34:21.426	1.24407				2
2025.02.13	00:34:22.035		1.24486			4
2025.02.13	00:34:23.263	1.24410	1.24480			6
2025.02.13	00:34:23.886		1.24479			4
2025.02.13	00:34:25.104		1.24483			4
2025.02.13	00:34:25.412		1.24482			4
2025.02.13	00:34:26.025		1.24481			4
2025.02.13	00:34:26.950	1.24409	1.24480			6
2025.02.13	00:34:27.568	1.24410				2
2025.02.13	00:34:27.874	1.24400	1.24476			6
2025.02.13	00:34:28.183	1.24401				2
2025.02.13	00:34:30.009		1.24477			4
2025.02.13	00:34:31.230		1.24476			4
2025.02.13	00:34:31.847	1.24396	1.24474			6
2025.02.13	00:34:32.157	1.24400				2
2025.02.13	00:34:33.077	1.24392	1.24476			6
2025.02.13	00:34:33.382		1.24478			4
2025.02.13	00:34:35.229	1.24393				2
2025.02.13	00:34:35.536	1.24397	1.24473			6
2025.02.13	00:34:35.847	1.24400	1.24477			6
2025.02.13	00:34:36.466	1.24401	1.24478			6
2025.02.13	00:34:37.074	1.24400				2
2025.02.13	00:34:37.694	1.24401				2
2025.02.13	00:34:38.304		1.24477			4
2025.02.13	00:34:38.921	1.24400				2
2025.02.13	00:34:40.148		1.24478			4
2025.02.13	00:34:41.077	1.24401				2
2025.02.13	00:34:46.610	1.24403				2
2025.02.13	00:34:46.917	1.24402				2
2025.02.13	00:34:47.846	1.24401	1.24479			6
2025.02.13	00:34:48.150		1.24478			4
2025.02.13	00:34:48.762	1.24402				2
2025.02.13	00:34:49.380		1.24479			4
2025.02.13	00:34:50.299	1.24403				2
2025.02.13	00:34:51.836		1.24481			4
2025.02.13	00:34:53.055	1.24402	1.24480			6
2025.02.13	00:34:53.361	1.24403				2
2025.02.13	00:34:55.805		1.24479			4
2025.02.13	00:34:57.346		1.24482			4
2025.02.13	00:34:57.650	1.24401				2
2025.02.13	00:35:00.091	1.24401				2
2025.02.13	00:35:04.371	1.24400				2
2025.02.13	00:35:05.289	1.24401				2
2025.02.13	00:35:05.591		1.24480			4
2025.02.13	00:35:05.898	1.24402				2
2025.02.13	00:35:07.428	1.24401				2
2025.02.13	00:35:08.959	1.24400				2
2025.02.13	00:35:09.570	1.24399				2
2025.02.13	00:35:09.874		1.24479			4
2025.02.13	00:35:10.793		1.24480			4
2025.02.13	00:35:11.098	1.24400	1.24481			6
2025.02.13	00:35:12.324	1.24401				2
2025.02.13	00:35:16.604	1.24400				2
2025.02.13	00:35:17.212		1.24480			4
2025.02.13	00:35:19.654		1.24479			4
2025.02.13	00:35:19.959	1.24397				2
2025.02.13	00:35:20.267	1.24396	1.24477			6
2025.02.13	00:35:20.575		1.24476			4
2025.02.13	00:35:22.395	1.24395				2
2025.02.13	00:35:23.003		1.24475			4
2025.02.13	00:35:23.309	1.24396				2
2025.02.13	00:35:24.840		1.24476			4
2025.02.13	00:35:25.144	1.24393	1.24475			6
2025.02.13	00:35:25.449	1.24394				2
2025.02.13	00:35:25.756	1.24395				2
2025.02.13	00:35:26.059	1.24398	1.24476			6
2025.02.13	00:35:26.365	1.24395				2
2025.02.13	00:35:26.980	1.24394				2
2025.02.13	00:35:27.594	1.24396				2
2025.02.13	00:35:27.899	1.24394				2
2025.02.13	00:35:28.816	1.24396				2
2025.02.13	00:35:30.034	1.24393				2
2025.02.13	00:35:30.647	1.24396				2
2025.02.13	00:35:32.180	1.24397				2
2025.02.13	00:35:32.488	1.24396				2
2025.02.13	00:35:33.097	1.24392				2
2025.02.13	00:35:34.011	1.24393	1.24475			6
2025.02.13	00:35:34.320	1.24394				2
2025.02.13	00:35:34.629	1.24393				2
2025.02.13	00:35:34.938		1.24476			4
2025.02.13	00:35:35.248	1.24391				2
2025.02.13	00:35:38.322	1.24392	1.24472			6
2025.02.13	00:35:38.633		1.24474			4
2025.02.13	00:35:42.001	1.24394				2
2025.02.13	00:35:42.308	1.24393	1.24473			6
2025.02.13	00:35:43.543	1.24394				2
2025.02.13	00:35:43.853	1.24390				2
2025.02.13	00:35:44.158		1.24472			4
2025.02.13	00:35:47.224	1.24392				2
2025.02.13	00:35:53.027		1.24473			4
2025.02.13	00:35:53.950	1.24390	1.24472			6
2025.02.13	00:35:55.783	1.24391				2
2025.02.13	00:35:56.393	1.24390				2
2025.02.13	00:36:00.074	1.24390				2
2025.02.13	00:36:01.307		1.24471			4
2025.02.13	00:36:01.924	1.24389				2
2025.02.13	00:36:03.463	1.24392				2
2025.02.13	00:36:06.521		1.24473			4
2025.02.13	00:36:06.839		1.24471			4
2025.02.13	00:36:07.451	1.24394	1.24472			6
2025.02.13	00:36:07.763	1.24392				2
2025.02.13	00:36:08.688		1.24473			4
2025.02.13	00:36:09.299		1.24472			4
2025.02.13	00:36:09.923	1.24393	1.24473			6
2025.02.13	00:36:10.226	1.24392				2
2025.02.13	00:36:12.068		1.24474			4
2025.02.13	00:36:12.376	1.24398	1.24480			6
2025.02.13	00:36:12.691	1.24402				2
2025.02.13	00:36:12.993	1.24401				2
2025.02.13	00:36:13.299	1.24397				2
2025.02.13	00:36:13.602	1.24403	1.24482			6
2025.02.13	00:36:13.921	1.24401				2
2025.02.13	00:36:14.531	1.24396	1.24481			6
2025.02.13	00:36:16.069	1.24399	1.24482			6
2025.02.13	00:36:16.378	1.24401				2
2025.02.13	00:36:16.988	1.24402				2
2025.02.13	00:36:17.295		1.24481			4
2025.02.13	00:36:18.838		1.24480			4
2025.02.13	00:36:19.456	1.24403	1.24479			6
2025.02.13	00:36:20.067	1.24401				2
2025.02.13	00:36:20.680		1.24482			4
2025.02.13	00:36:20.987		1.24481			4
2025.02.13	00:36:22.218	1.24398				2
2025.02.13	00:36:23.759	1.24399				2
2025.02.13	00:36:25.911	1.24400	1.24480			6
2025.02.13	00:36:26.526	1.24399	1.24481			6
2025.02.13	00:36:26.839	1.24400				2
2025.02.13	00:36:27.450		1.24482			4
2025.02.13	00:36:27.759		1.24481			4
2025.02.13	00:36:28.372	1.24399				2
2025.02.13	00:36:28.988	1.24400				2
2025.02.13	00:36:29.906		1.24480			4
2025.02.13	00:36:30.218	1.24405	1.24479			6
2025.02.13	00:36:32.064		1.24477			4
2025.02.13	00:36:34.220	1.24401	1.24476			6
2025.02.13	00:36:36.683	1.24402	1.24480			6
2025.02.13	00:36:37.297		1.24479			4
2025.02.13	00:36:37.913	1.24403	1.24480			6
2025.02.13	00:36:38.216	1.24404				2
2025.02.13	00:36:38.526		1.24479			4
2025.02.13	00:36:40.982		1.24478			4
2025.02.13	00:36:41.291	1.24406	1.24479			6
2025.02.13	00:36:41.596	1.24404				2
2025.02.13	00:36:45.279	1.24386	1.24467			6
2025.02.13	00:36:45.583	1.24384	1.24464			6
2025.02.13	00:36:45.884		1.24462			4
2025.02.13	00:36:46.201	1.24382				2
2025.02.13	00:36:46.502		1.24461			4
2025.02.13	00:36:49.277		1.24460			4
2025.02.13	00:36:49.585		1.24461			4
2025.02.13	00:36:50.199		1.24460			4
2025.02.13	00:36:50.509	1.24381				2
2025.02.13	00:36:53.589		1.24461			4
2025.02.13	00:36:54.511		1.24460			4
2025.02.13	00:36:55.128	1.24382	1.24459			6
2025.02.13	00:36:55.435		1.24460			4
2025.02.13	00:36:55.749		1.24462			4
2025.02.13	00:36:59.138	1.24381	1.24461			6
2025.02.13	00:37:00.056	1.24381				2
2025.02.13	00:37:00.678	1.24382				2
2025.02.13	00:37:00.986	1.24381	1.24462			6
2025.02.13	00:37:03.132	1.24380				2
2025.02.13	00:37:03.746		1.24461			4
2025.02.13	00:37:08.356	1.24381	1.24460			6
2025.02.13	00:37:08.661	1.24382				2
2025.02.13	00:37:11.735	1.24381	1.24461			6
2025.02.13	00:37:12.964	1.24380				2
2025.02.13	00:37:13.266	1.24391	1.24467			6
2025.02.13	00:37:27.413		1.24468			4
2025.02.13	00:37:57.901		1.24467			4
2025.02.13	00:38:00.901	1.24391				2
2025.02.13	00:38:35.457		1.24464			4
2025.02.13	00:38:41.008	1.24390				2
2025.02.13	00:38:45.317	1.24391	1.24467			6
2025.02.13	00:39:01.242	1.24391				2
2025.02.13	00:39:08.144		1.24468			4
2025.02.13	00:39:08.534		1.24467			4
2025.02.13	00:39:23.145	1.24390	1.24468			6
2025.02.13	00:39:24.001		1.24469			4
2025.02.13	00:39:26.155	1.24391	1.24467			6
2025.02.13	00:39:26.543	1.24390	1.24468			6
2025.02.13	00:39:28.574		1.24469			4
2025.02.13	00:39:28.916		1.24468			4
2025.02.13	00:39:29.294	1.24391	1.24467			6
2025.02.13	00:39:34.464	1.24392				2
2025.02.13	00:39:35.086		1.24470			4
2025.02.13	00:39:35.388	1.24391	1.24472			6
2025.02.13	00:39:35.700	1.24392	1.24476			6
2025.02.13	00:39:36.009		1.24475			4
2025.02.13	00:39:36.320	1.24391				2
2025.02.13	00:39:36.621	1.24392				2
2025.02.13	00:39:38.472	1.24393				2
2025.02.13	00:39:38.776		1.24474			4
2025.02.13	00:39:40.312		1.24472			4
2025.02.13	00:39:40.928	1.24392				2
2025.02.13	00:39:41.545	1.24393				2
2025.02.13	00:39:41.852		1.24473			4
2025.02.13	00:39:42.158	1.24394				2
2025.02.13	00:39:44.002	1.24395	1.24474			6
2025.02.13	00:39:45.231	1.24391	1.24475			6
2025.02.13	00:39:45.542	1.24390	1.24476			6
2025.02.13	00:39:47.383	1.24393				2
2025.02.13	00:39:47.999	1.24392				2
2025.02.13	00:39:48.921	1.24391				2
2025.02.13	00:39:50.155	1.24392				2
2025.02.13	00:39:51.075	1.24393				2
2025.02.13	00:39:51.686	1.24390				2
2025.02.13	00:39:52.607	1.24391	1.24474			6
2025.02.13	00:39:53.225	1.24392				2
2025.02.13	00:39:53.528	1.24390				2
2025.02.13	00:39:53.834	1.24391	1.24472			6
2025.02.13	00:39:54.142	1.24390				2
2025.02.13	00:39:54.449	1.24391				2
2025.02.13	00:39:55.368		1.24475			4
2025.02.13	00:39:55.989	1.24392				2
2025.02.13	00:40:00.293	1.24392				2
2025.02.13	00:40:01.821	1.24396				2
2025.02.13	00:40:03.363		1.24474			4
2025.02.13	00:40:03.671		1.24473			4
2025.02.13	00:40:04.898		1.24472			4
2025.02.13	00:40:05.512		1.24475			4
2025.02.13	00:40:06.743	1.24397				2
2025.02.13	00:40:08.591	1.24393				2
2025.02.13	00:40:08.898		1.24470			4
2025.02.13	00:40:09.518		1.24468			4
2025.02.13	00:40:09.818		1.24467			4
2025.02.13	00:40:12.283	1.24392				2
2025.02.13	00:40:13.513	1.24394				2
2025.02.13	00:40:15.973	1.24395				2
2025.02.13	00:40:19.051		1.24469			4
2025.02.13	00:40:19.361		1.24467			4
2025.02.13	00:40:22.748	1.24393				2
2025.02.13	00:40:23.673		1.24468			4
2025.02.13	00:40:24.292		1.24467			4
2025.02.13	00:40:25.826	1.24392				2
2025.02.13	00:40:28.681	1.24393				2
2025.02.13	00:40:30.212	1.24392				2
2025.02.13	00:40:32.520	1.24394				2
2025.02.13	00:40:36.529	1.24393				2
2025.02.13	00:40:40.231		1.24466			4
2025.02.13	00:40:43.614	1.24394				2
2025.02.13	00:40:51.608	1.24395				2
2025.02.13	00:41:00.217	1.24395				2
2025.02.13	00:41:23.908		1.24467			4
2025.02.13	00:41:25.448		1.24466			4
2025.02.13	00:41:33.753	1.24396				2
2025.02.13	00:41:59.909	1.24397				2
2025.02.13	00:42:00.224	1.24397				2
2025.02.13	00:42:03.296	1.24394				2
2025.02.13	00:42:25.744		1.24466			4
2025.02.13	00:42:55.254	1.24393				2
2025.02.13	00:43:01.499	1.24393	1.24465			6
2025.02.13	00:43:16.486	1.24391	1.24468			6
2025.02.13	00:43:17.099		1.24469			4
2025.02.13	00:43:19.252		1.24468			4
2025.02.13	00:43:27.874		1.24469			4
2025.02.13	00:43:30.649		1.24468			4
2025.02.13	00:43:32.660		1.24469			4
2025.02.13	00:43:33.580		1.24468			4
2025.02.13	00:43:35.120		1.24469			4
2025.02.13	00:43:36.042		1.24468			4
2025.02.13	00:43:36.657		1.24467			4
2025.02.13	00:43:37.007		1.24468			4
2025.02.13	00:43:37.312		1.24469			4
2025.02.13	00:43:38.854	1.24392	1.24467			6
2025.02.13	00:43:39.177	1.24391	1.24468			6
2025.02.13	00:43:39.484	1.24392	1.24467			6
2025.02.13	00:43:39.900	1.24391	1.24468			6
2025.02.13	00:43:43.189	1.24389	1.24472			6
2025.02.13	00:43:45.042	1.24388	1.24474			6
2025.02.13	00:43:45.962	1.24387				2
2025.02.13	00:43:47.189		1.24475			4
2025.02.13	00:43:47.496	1.24389	1.24470			6
2025.02.13	00:43:47.799	1.24387	1.24473			6
2025.02.13	00:43:49.655	1.24386				2
2025.02.13	00:43:49.957		1.24474			4
2025.02.13	00:43:50.880	1.24387	1.24471			6
2025.02.13	00:43:51.603		1.24472			4
2025.02.13	00:43:54.898		1.24471			4
2025.02.13	00:43:55.554	1.24388				2
2025.02.13	00:43:56.475	1.24389				2
2025.02.13	00:43:57.403	1.24388	1.24474			6
2025.02.13	00:43:57.710		1.24472			4
2025.02.13	00:43:58.938		1.24473			4
2025.02.13	00:44:00.169	1.24388				2
2025.02.13	00:44:02.019		1.24474			4
2025.02.13	00:44:03.240		1.24473			4
2025.02.13	00:44:06.018	1.24389				2
2025.02.13	00:44:15.546	1.24390	1.24472			6
2025.02.13	00:44:15.853	1.24389	1.24469			6
2025.02.13	00:44:17.295	1.24390	1.24470			6
2025.02.13	00:44:20.981		1.24471			4
2025.02.13	00:44:23.133	1.24389				2
2025.02.13	00:44:24.060	1.24390				2
2025.02.13	00:44:24.362		1.24472			4
2025.02.13	00:44:25.597	1.24389				2
2025.02.13	00:44:25.906	1.24394	1.24465			6
2025.02.13	00:44:53.558	1.24393	1.24467			6
2025.02.13	00:44:53.863		1.24465			4
2025.02.13	00:44:57.382	1.24394				2
2025.02.13	00:44:58.961	1.24392	1.24467			6
2025.02.13	00:44:59.596	1.24391	1.24469			6
2025.02.13	00:45:00.216	1.24391				2
2025.02.13	00:45:01.457	1.24392	1.24467			6
2025.02.13	00:45:01.760	1.24393	1.24469			6
2025.02.13	00:45:02.071		1.24483			4
2025.02.13	00:45:03.643	1.24392	1.24482			6
2025.02.13	00:45:03.956	1.24394	1.24464			6
2025.02.13	00:45:08.293	1.24410	1.24448			6
2025.02.13	00:45:13.181		1.24449			4
2025.02.13	00:45:15.024		1.24448			4
2025.02.13	00:45:19.027	1.24408	1.24450			6
2025.02.13	00:45:19.645		1.24451			4
2025.02.13	00:45:20.570	1.24410	1.24448			6
2025.02.13	00:45:25.486	1.24409	1.24449			6
2025.02.13	00:45:29.204	1.24410	1.24448			6
2025.02.13	00:45:33.508	1.24407	1.24451			6
2025.02.13	00:45:36.281		1.24455			4
2025.02.13	00:45:36.589		1.24454			4
2025.02.13	00:45:36.898		1.24455			4
2025.02.13	00:45:37.208	1.24408	1.24463			6
2025.02.13	00:45:37.511		1.24464			4
2025.02.13	00:45:38.443	1.24418	1.24465			6
2025.02.13	00:45:38.748	1.24409				2
2025.02.13	00:45:46.751	1.24408				2
2025.02.13	00:45:47.670		1.24464			4
2025.02.13	00:45:47.979	1.24405	1.24463			6
2025.02.13	00:45:48.287	1.24407				2
2025.02.13	00:45:48.594	1.24412	1.24465			6
2025.02.13	00:45:50.445	1.24411				2
2025.02.13	00:45:51.058	1.24410				2
2025.02.13	00:45:51.679	1.24408				2
2025.02.13	00:45:51.986	1.24415	1.24466			6
2025.02.13	00:45:52.289	1.24413				2
2025.02.13	00:45:55.672	1.24412				2
2025.02.13	00:45:57.207	1.24413				2
2025.02.13	00:45:57.819	1.24409	1.24445			6
2025.02.13	00:45:58.131	1.24408	1.24444			6
2025.02.13	00:46:00.284	1.24408				2
2025.02.13	00:46:02.127	1.24409	1.24447			6
2025.02.13	00:46:03.361	1.24410				2
2025.02.13	00:46:07.359	1.24408	1.24448			6
2025.02.13	00:46:07.661		1.24447			4
2025.02.13	00:46:08.589	1.24410				2
2025.02.13	00:46:09.199	1.24409				2
2025.02.13	00:46:09.814	1.24411				2
2025.02.13	00:46:11.980	1.24409				2
2025.02.13	00:46:12.889	1.24410				2
2025.02.13	00:46:15.346	1.24408				2
2025.02.13	00:46:19.656	1.24409				2
2025.02.13	00:46:22.739	1.24408				2
2025.02.13	00:46:23.351	1.24409				2
2025.02.13	00:46:28.588	1.24408				2
2025.02.13	00:46:31.357	1.24409				2
2025.02.13	00:46:32.276	1.24410	1.24450			6
2025.02.13	00:46:32.589	1.24409	1.24447			6
2025.02.13	00:46:32.894	1.24408	1.24451			6
2025.02.13	00:46:33.201		1.24447			4
2025.02.13	00:46:34.425		1.24450			4
2025.02.13	00:46:34.730		1.24448			4
2025.02.13	00:46:35.043		1.24451			4
2025.02.13	00:46:35.343		1.24447			4
2025.02.13	00:46:35.653		1.24449			4
2025.02.13	00:46:36.273		1.24450			4
2025.02.13	00:46:38.419	1.24409	1.24448			6
2025.02.13	00:46:40.270		1.24449			4
2025.02.13	00:46:43.342		1.24450			4
2025.02.13	00:46:48.560	1.24408	1.24448			6
2025.02.13	00:46:50.405	1.24409				2
2025.02.13	00:46:51.010		1.24449			4
2025.02.13	00:46:51.937		1.24450			4
2025.02.13	00:46:54.076		1.24451			4
2025.02.13	00:46:57.779		1.24450			4
2025.02.13	00:46:59.002		1.24451			4
2025.02.13	00:47:00.236	1.24409				2
2025.02.13	00:47:00.540		1.24452			4
2025.02.13	00:47:02.084		1.24467			4
2025.02.13	00:47:02.391	1.24408	1.24466			6
2025.02.13	00:47:03.926		1.24452			4
2025.02.13	00:47:06.386		1.24451			4
2025.02.13	00:47:09.771	1.24418	1.24453			6
2025.02.13	00:47:10.074		1.24452			4
2025.02.13	00:47:10.389	1.24419	1.24453			6
2025.02.13	00:47:12.534	1.24424	1.24460			6
2025.02.13	00:47:12.842	1.24423				2
2025.02.13	00:47:14.686	1.24424				2
2025.02.13	00:47:15.307	1.24422				2
2025.02.13	00:47:15.917	1.24421				2
2025.02.13	00:47:17.153	1.24422	1.24457			6
2025.02.13	00:47:17.762	1.24423	1.24460			6
2025.02.13	00:47:19.300	1.24420	1.24457			6
2025.02.13	00:47:22.064	1.24419				2
2025.02.13	00:47:22.368	1.24418				2
2025.02.13	00:47:24.834	1.24419				2
2025.02.13	00:47:25.137	1.24420				2
2025.02.13	00:47:25.753		1.24460			4
2025.02.13	00:47:29.139	1.24423				2
2025.02.13	00:47:29.442	1.24424				2
2025.02.13	00:47:30.367	1.24423				2
2025.02.13	00:47:30.680	1.24424				2
2025.02.13	00:47:30.983	1.24425				2
2025.02.13	00:47:32.828	1.24426				2
2025.02.13	00:47:38.978		1.24466			4
2025.02.13	00:47:41.127	1.24427				2
2025.02.13	00:47:41.743		1.24460			4
2025.02.13	00:47:42.969	1.24425				2
2025.02.13	00:47:43.585	1.24426				2
2025.02.13	00:47:45.423		1.24456			4
2025.02.13	00:47:45.729	1.24425				2
2025.02.13	00:47:46.044		1.24462			4
2025.02.13	00:47:46.962	1.24429	1.24484			6
2025.02.13	00:47:47.272		1.24486			4
2025.02.13	00:47:47.582	1.24430				2
2025.02.13	00:47:48.809	1.24432				2
2025.02.13	00:47:49.115	1.24430	1.24485			6
2025.02.13	00:47:50.654		1.24486			4
2025.02.13	00:47:58.317		1.24487			4
2025.02.13	00:48:00.160	1.24430				2
2025.02.13	00:48:01.083		1.24486			4
2025.02.13	00:48:03.889	1.24431				2
2025.02.13	00:48:04.809	1.24430	1.24485			6
2025.02.13	00:48:05.423	1.24431	1.24483			6
2025.02.13	00:48:05.725		1.24485			4
2025.02.13	00:48:06.037	1.24432	1.24486			6
2025.02.13	00:48:07.579		1.24485			4
2025.02.13	00:48:08.193		1.24484			4
2025.02.13	00:48:09.115		1.24483			4
2025.02.13	00:48:10.037		1.24484			4
2025.02.13	00:48:11.269		1.24483			4
2025.02.13	00:48:14.028		1.24482			4
2025.02.13	00:48:14.644	1.24433				2
2025.02.13	00:48:14.955		1.24481			4
2025.02.13	00:48:16.179		1.24483			4
2025.02.13	00:48:16.801		1.24482			4
2025.02.13	00:48:18.031		1.24481			4
2025.02.13	00:48:19.258		1.24484			4
2025.02.13	00:48:19.558		1.24483			4
2025.02.13	00:48:19.867	1.24432	1.24482			6
2025.02.13	00:48:21.091	1.24433				2
2025.02.13	00:48:23.243		1.24484			4
2025.02.13	00:48:24.472		1.24485			4
2025.02.13	00:48:24.778		1.24484			4
2025.02.13	00:48:25.396		1.24485			4
2025.02.13	00:48:26.625		1.24484			4
2025.02.13	00:48:26.930		1.24485			4
2025.02.13	00:48:27.547		1.24484			4
2025.02.13	00:48:27.851	1.24434	1.24485			6
2025.02.13	00:48:29.390	1.24433				2
2025.02.13	00:48:31.236	1.24434				2
2025.02.13	00:48:32.470		1.24484			4
2025.02.13	00:48:35.845	1.24432	1.24477			6
2025.02.13	00:48:36.153		1.24483			4
2025.02.13	00:48:37.080	1.24434	1.24485			6
2025.02.13	00:48:37.381		1.24486			4
2025.02.13	00:48:40.453		1.24485			4
2025.02.13	00:48:41.688		1.24483			4
2025.02.13	00:48:42.297		1.24484			4
2025.02.13	00:48:42.599		1.24486			4
2025.02.13	00:48:42.900		1.24485			4
2025.02.13	00:48:45.671		1.24482			4
2025.02.13	00:48:46.900	1.24437				2
2025.02.13	00:48:49.673		1.24481			4
2025.02.13	00:48:51.512		1.24478			4
2025.02.13	00:48:51.816	1.24435	1.24480			6
2025.02.13	00:48:53.352	1.24436				2
2025.02.13	00:48:53.668		1.24485			4
2025.02.13	00:48:54.277	1.24438				2
2025.02.13	00:48:55.201		1.24486			4
2025.02.13	00:48:56.739		1.24485			4
2025.02.13	00:48:58.574	1.24437	1.24483			6
2025.02.13	00:49:00.106	1.24437				2
2025.02.13	00:49:01.645		1.24482			4
2025.02.13	00:49:02.566		1.24481			4
2025.02.13	00:49:02.870	1.24433	1.24483			6
2025.02.13	00:49:03.800	1.24436				2
2025.02.13	00:49:04.099	1.24437				2
2025.02.13	00:49:05.328	1.24438				2
2025.02.13	00:49:05.642		1.24484			4
2025.02.13	00:49:06.557		1.24485			4
2025.02.13	00:49:09.325		1.24487			4
2025.02.13	00:49:09.638	1.24439	1.24491			6
2025.02.13	00:49:10.556		1.24488			4
2025.02.13	00:49:11.479		1.24487			4
2025.02.13	00:49:14.559		1.24488			4
2025.02.13	00:49:14.859		1.24489			4
2025.02.13	00:49:15.167		1.24487			4
2025.02.13	00:49:16.396		1.24488			4
2025.02.13	00:49:18.237		1.24485			4
2025.02.13	00:49:18.547		1.24486			4
2025.02.13	00:49:20.080	1.24440	1.24487			6
2025.02.13	00:49:21.003	1.24439				2
2025.02.13	00:49:23.462		1.24486			4
2025.02.13	00:49:24.689		1.24487			4
2025.02.13	00:49:26.535	1.24435	1.24485			6
2025.02.13	00:49:26.844	1.24438	1.24488			6
2025.02.13	00:49:28.075	1.24439	1.24487			6
2025.02.13	00:49:28.388		1.24486			4
2025.02.13	00:49:28.692		1.24487			4
2025.02.13	00:49:32.381		1.24486			4
2025.02.13	00:49:32.989		1.24487			4
2025.02.13	00:49:36.062		1.24488			4
2025.02.13	00:49:39.446		1.24487			4
2025.02.13	00:49:40.378		1.24485			4
2025.02.13	00:49:41.913	1.24434	1.24484			6
2025.02.13	00:49:43.447	1.24436	1.24485			6
2025.02.13	00:49:43.756		1.24486			4
2025.02.13	00:49:44.372	1.24437				2
2025.02.13	00:49:44.682	1.24436	1.24480			6
2025.02.13	00:49:44.989		1.24483			4
2025.02.13	00:49:45.909		1.24482			4
2025.02.13	00:49:46.218		1.24481			4
2025.02.13	00:49:47.141		1.24484			4
2025.02.13	00:49:47.442		1.24483			4
2025.02.13	00:49:47.744	1.24437	1.24481			6
2025.02.13	00:49:48.063		1.24485			4
2025.02.13	00:49:50.529		1.24484			4
2025.02.13	00:49:51.450		1.24483			4
2025.02.13	00:49:53.905	1.24434	1.24477			6
2025.02.13	00:49:54.519		1.24475			4
2025.02.13	00:49:56.374		1.24476			4
2025.02.13	00:49:56.683		1.24475			4
2025.02.13	00:50:00.088	1.24434				2
2025.02.13	00:50:07.151		1.24476			4
2025.02.13	00:50:08.075	1.24433				2
2025.02.13	00:50:09.299		1.24475			4
2025.02.13	00:50:09.607	1.24434				2
2025.02.13	00:50:10.534	1.24435	1.24476			6
2025.02.13	00:50:10.835		1.24477			4
2025.02.13	00:50:11.759	1.24434	1.24476			6
2025.02.13	00:50:12.070		1.24477			4
2025.02.13	00:50:13.305		1.24478			4
2025.02.13	00:50:13.919		1.24477			4
2025.02.13	00:50:14.229		1.24476			4
2025.02.13	00:50:14.532	1.24435	1.24478			6
2025.02.13	00:50:15.148		1.24479			4
2025.02.13	00:50:18.534		1.24480			4
2025.02.13	00:50:19.451	1.24436				2
2025.02.13	00:50:20.682	1.24437				2
2025.02.13	00:50:20.985	1.24436				2
2025.02.13	00:50:21.601	1.24437				2
2025.02.13	00:50:25.298		1.24479			4
2025.02.13	00:50:31.761	1.24436				2
2025.02.13	00:50:32.994	1.24437	1.24480			6
2025.02.13	00:50:35.755		1.24477			4
2025.02.13	00:50:37.990	1.24438	1.24479			6
2025.02.13	00:50:39.528	1.24435	1.24484			6
2025.02.13	00:50:40.140		1.24485			4
2025.02.13	00:50:41.069		1.24484			4
2025.02.13	00:50:41.678		1.24483			4
2025.02.13	00:50:41.982	1.24436	1.24484			6
2025.02.13	00:50:42.913	1.24435	1.24483			6
2025.02.13	00:50:43.218		1.24484			4
2025.02.13	00:50:46.907	1.24437				2
2025.02.13	00:50:47.830	1.24438	1.24485			6
2025.02.13	00:50:48.140		1.24487			4
2025.02.13	00:50:48.755	1.24439				2
2025.02.13	00:50:49.063	1.24438	1.24485			6
2025.02.13	00:50:49.365		1.24487			4
2025.02.13	00:50:51.520		1.24486			4
2025.02.13	00:50:52.442	1.24439	1.24485			6
2025.02.13	00:50:53.675		1.24483			4
2025.02.13	00:50:53.982	1.24435	1.24484			6
2025.02.13	00:50:54.909		1.24483			4
2025.02.13	00:50:56.138		1.24484			4
2025.02.13	00:50:57.058		1.24485			4
2025.02.13	00:50:57.367		1.24483			4
2025.02.13	00:50:59.513		1.24480			4
2025.02.13	00:51:00.131	1.24434				2
2025.02.13	00:51:00.742	1.24438	1.24479			6
2025.02.13	00:51:01.976	1.24435	1.24477			6
2025.02.13	00:51:03.820	1.24436	1.24479			6
2025.02.13	00:51:04.132	1.24435	1.24478			6
2025.02.13	00:51:07.203	1.24437	1.24479			6
2025.02.13	00:51:08.746	1.24436	1.24478			6
2025.02.13	00:51:10.585		1.24479			4
2025.02.13	00:51:11.203	1.24437				2
2025.02.13	00:51:12.431	1.24438				2
2025.02.13	00:51:13.974	1.24437	1.24480			6
2025.02.13	00:51:14.584	1.24438	1.24479			6
2025.02.13	00:51:17.976		1.24480			4
2025.02.13	00:51:21.965	1.24439	1.24488			6
2025.02.13	00:51:22.582		1.24487			4
2025.02.13	00:51:23.813	1.24440				2
2025.02.13	00:51:24.731	1.24439	1.24486			6
2025.02.13	00:51:30.586	1.24446	1.24484			6
2025.02.13	00:51:32.741	1.24447				2
2025.02.13	00:51:33.970	1.24448				2
2025.02.13	00:51:36.136	1.24447	1.24486			6
2025.02.13	00:51:36.743		1.24489			4
2025.02.13	00:51:37.048	1.24450	1.24487			6
2025.02.13	00:51:37.673		1.24488			4
2025.02.13	00:51:37.980		1.24490			4
2025.02.13	00:51:38.283	1.24449				2
2025.02.13	00:51:39.817	1.24450				2
2025.02.13	00:51:40.130		1.24489			4
2025.02.13	00:51:41.049		1.24490			4
2025.02.13	00:51:41.359		1.24489			4
2025.02.13	00:51:41.665	1.24449	1.24488			6
2025.02.13	00:51:41.970	1.24450				2
2025.02.13	00:51:42.584	1.24452				2
2025.02.13	00:51:46.887		1.24489			4
2025.02.13	00:51:47.197		1.24490			4
2025.02.13	00:51:47.497	1.24453	1.24492			6
2025.02.13	00:51:49.042	1.24452	1.24491			6
2025.02.13	00:51:49.347		1.24492			4
2025.02.13	00:51:49.653		1.24493			4
2025.02.13	00:51:50.274	1.24453				2
2025.02.13	00:51:50.582		1.24492			4
2025.02.13	00:51:51.501		1.24493			4
2025.02.13	00:51:51.806		1.24494			4
2025.02.13	00:51:52.724		1.24493			4
2025.02.13	00:51:53.650	1.24454				2
2025.02.13	00:51:54.268	1.24453				2
2025.02.13	00:51:55.496	1.24454	1.24494			6
2025.02.13	00:51:57.946		1.24495			4
2025.02.13	00:51:58.865		1.24496			4
2025.02.13	00:51:59.174		1.24495			4
2025.02.13	00:52:00.099	1.24454	1.24496			6
2025.02.13	00:52:01.942	1.24453				2
2025.02.13	00:52:06.371		1.24495			4
2025.02.13	00:52:06.986		1.24493			4
2025.02.13	00:52:07.601		1.24494			4
2025.02.13	00:52:07.908		1.24492			4
2025.02.13	00:52:09.448		1.24491			4
2025.02.13	00:52:09.756		1.24492			4
2025.02.13	00:52:11.599		1.24494			4
2025.02.13	00:52:13.443	1.24452	1.24492			6
2025.02.13	00:52:14.374		1.24491			4
2025.02.13	00:52:16.220	1.24451				2
2025.02.13	00:52:17.751	1.24454	1.24495			6
2025.02.13	00:52:18.059	1.24453				2
2025.02.13	00:52:18.981	1.24452				2
2025.02.13	00:52:19.284		1.24494			4
2025.02.13	00:52:19.591		1.24493			4
2025.02.13	00:52:20.520		1.24494			4
2025.02.13	00:52:21.750		1.24495			4
2025.02.13	00:52:22.357		1.24494			4
2025.02.13	00:52:24.506		1.24492			4
2025.02.13	00:52:28.193		1.24491			4
2025.02.13	00:52:29.104		1.24495			4
2025.02.13	00:52:30.654		1.24496			4
2025.02.13	00:52:31.262	1.24453				2
2025.02.13	00:52:31.881		1.24493			4
2025.02.13	00:52:32.185		1.24495			4
2025.02.13	00:52:32.498		1.24496			4
2025.02.13	00:52:33.111	1.24452				2
2025.02.13	00:52:33.418		1.24495			4
2025.02.13	00:52:35.259		1.24494			4
2025.02.13	00:52:35.577		1.24495			4
2025.02.13	00:52:35.877		1.24496			4
2025.02.13	00:52:38.341	1.24453	1.24482			6
2025.02.13	00:52:40.190	1.24452	1.24483			6
2025.02.13	00:52:43.876	1.24451	1.24484			6
2025.02.13	00:52:44.489	1.24452	1.24483			6
2025.02.13	00:52:45.721	1.24451				2
2025.02.13	00:52:46.025		1.24484			4
2025.02.13	00:52:47.256	1.24450	1.24485			6
2025.02.13	00:52:49.720	1.24449	1.24486			6
2025.02.13	00:52:51.565	1.24450	1.24485			6
2025.02.13	00:52:52.796	1.24436	1.24472			6
2025.02.13	00:52:53.100		1.24474			4
2025.02.13	00:52:54.331		1.24472			4
2025.02.13	00:52:55.257		1.24473			4
2025.02.13	00:52:55.565	1.24437	1.24474			6
2025.02.13	00:52:55.871	1.24436				2
2025.02.13	00:52:56.174	1.24430	1.24469			6
2025.02.13	00:52:56.482	1.24431	1.24466			6
2025.02.13	00:52:56.789	1.24427	1.24464			6
2025.02.13	00:52:57.094	1.24423	1.24463			6
2025.02.13	00:52:57.405	1.24424	1.24462			6
2025.02.13	00:52:57.712	1.24426	1.24463			6
2025.02.13	00:52:58.020	1.24425				2
2025.02.13	00:52:58.328	1.24428	1.24468			6
2025.02.13	00:52:58.631	1.24426				2
2025.02.13	00:52:58.942	1.24429	1.24465			6
2025.02.13	00:52:59.247	1.24428	1.24468			6
2025.02.13	00:52:59.547	1.24431				2
2025.02.13	00:53:00.158	1.24431				2
2025.02.13	00:53:02.001	1.24426	1.24463			6
2025.02.13	00:53:02.303	1.24430	1.24468			6
2025.02.13	00:53:02.926	1.24427	1.24461			6
2025.02.13	00:53:03.271		1.24465			4
2025.02.13	00:53:03.623		1.24464			4
2025.02.13	00:53:05.480	1.24426	1.24463			6
2025.02.13	00:53:05.780	1.24428	1.24467			6
2025.02.13	00:53:06.401	1.24429				2
2025.02.13	00:53:07.632	1.24428				2
2025.02.13	00:53:07.932	1.24429				2
2025.02.13	00:53:08.243	1.24423	1.24461			6
2025.02.13	00:53:08.546	1.24426	1.24462			6
2025.02.13	00:53:08.862	1.24424	1.24460			6
2025.02.13	00:53:10.085	1.24426	1.24463			6
2025.02.13	00:53:10.399	1.24425				2
2025.02.13	00:53:11.015	1.24428	1.24460			6
2025.02.13	00:53:11.322	1.24429	1.24457			6
2025.02.13	00:53:11.633	1.24428	1.24461			6
2025.02.13	00:53:12.242	1.24425	1.24456			6
2025.02.13	00:53:12.547	1.24426	1.24462			6
2025.02.13	00:53:12.858	1.24424	1.24459			6
2025.02.13	00:53:13.166	1.24426	1.24463			6
2025.02.13	00:53:13.476	1.24421	1.24456			6
2025.02.13	00:53:13.788		1.24461			4
2025.02.13	00:53:14.090	1.24423	1.24462			6
2025.02.13	00:53:14.400	1.24424	1.24463			6
2025.02.13	00:53:14.707	1.24423	1.24461			6
2025.02.13	00:53:15.022	1.24426	1.24464			6
2025.02.13	00:53:15.323	1.24425	1.24462			6
2025.02.13	00:53:15.632	1.24420	1.24459			6
2025.02.13	00:53:15.940	1.24424	1.24464			6
2025.02.13	00:53:16.254	1.24426				2
2025.02.13	00:53:16.560	1.24425	1.24463			6
2025.02.13	00:53:16.860	1.24429	1.24464			6
2025.02.13	00:53:17.161	1.24424	1.24456			6
2025.02.13	00:53:17.481		1.24459			4
2025.02.13	00:53:17.784	1.24426	1.24463			6
2025.02.13	00:53:18.093	1.24428	1.24464			6
2025.02.13	00:53:22.080	1.24424	1.24457			6
2025.02.13	00:53:23.311	1.24423	1.24459			6
2025.02.13	00:53:23.612	1.24422	1.24461			6
2025.02.13	00:53:23.919	1.24423	1.24460			6
2025.02.13	00:53:25.460		1.24461			4
2025.02.13	00:53:25.761	1.24424	1.24460			6
2025.02.13	00:53:26.062	1.24425	1.24463			6
2025.02.13	00:53:26.364	1.24426	1.24459			6
2025.02.13	00:53:26.672	1.24428	1.24462			6
2025.02.13	00:53:28.212	1.24423	1.24459			6
2025.02.13	00:53:28.515	1.24425				2
2025.02.13	00:53:28.825	1.24427	1.24462			6
2025.02.13	00:53:29.133	1.24426				2
2025.02.13	00:53:29.438	1.24422	1.24459			6
2025.02.13	00:53:29.750	1.24424				2
2025.02.13	00:53:30.362	1.24422	1.24454			6
2025.02.13	00:53:30.662	1.24423	1.24460			6
2025.02.13	00:53:30.969	1.24422	1.24458			6
2025.02.13	00:53:31.585	1.24407	1.24465			6
2025.02.13	00:53:31.894	1.24409	1.24467			6
2025.02.13	00:53:32.507	1.24411	1.24469			6
2025.02.13	00:53:34.978	1.24414	1.24472			6
2025.02.13	00:53:35.587	1.24416	1.24473			6
2025.02.13	00:53:36.818		1.24472			4
2025.02.13	00:53:37.440		1.24471			4
2025.02.13	00:53:38.357	1.24404	1.24460			6
2025.02.13	00:53:38.662	1.24403				2
2025.02.13	00:53:39.893	1.24404				2
2025.02.13	00:53:40.200	1.24403				2
2025.02.13	00:53:40.821	1.24402				2
2025.02.13	00:53:41.125		1.24457			4
2025.02.13	00:53:41.430	1.24403				2
2025.02.13	00:53:41.738	1.24402	1.24456			6
2025.02.13	00:53:44.509	1.24401				2
2025.02.13	00:53:45.125		1.24459			4
2025.02.13	00:53:45.430	1.24405	1.24458			6
2025.02.13	00:53:45.743	1.24404	1.24462			6
2025.02.13	00:53:48.198	1.24402	1.24460			6
2025.02.13	00:53:52.813	1.24410	1.24461			6
2025.02.13	00:53:53.120		1.24460			4
2025.02.13	00:53:53.422	1.24409				2
2025.02.13	00:53:54.349	1.24407	1.24458			6
2025.02.13	00:53:54.660	1.24408				2
2025.02.13	00:53:54.961	1.24407	1.24457			6
2025.02.13	00:53:55.271	1.24409	1.24459			6
2025.02.13	00:53:56.191	1.24410				2
2025.02.13	00:53:59.878		1.24458			4
2025.02.13	00:54:00.186	1.24410				2
2025.02.13	00:54:02.028		1.24457			4
2025.02.13	00:54:04.179		1.24456			4
2025.02.13	00:54:05.410		1.24446			4
2025.02.13	00:54:06.025		1.24447			4
2025.02.13	00:54:06.333		1.24443			4
2025.02.13	00:54:11.877		1.24442			4
2025.02.13	00:54:14.645	1.24401				2
2025.02.13	00:54:16.790	1.24402				2
2025.02.13	00:54:17.411		1.24443			4
2025.02.13	00:54:17.715	1.24401				2
2025.02.13	00:54:20.173	1.24402				2
2025.02.13	00:54:21.712	1.24403	1.24442			6
2025.02.13	00:54:23.557		1.24443			4
2025.02.13	00:54:26.939	1.24404	1.24440			6
2025.02.13	00:54:27.861	1.24403	1.24439			6
2025.02.13	00:54:28.787		1.24440			4
2025.02.13	00:54:30.018	1.24404	1.24441			6
2025.02.13	00:54:30.321		1.24440			4
2025.02.13	00:54:31.868	1.24402				2
2025.02.13	00:54:33.465	1.24401	1.24439			6
2025.02.13	00:54:38.689	1.24414				2
2025.02.13	00:54:39.300	1.24401				2
2025.02.13	00:54:40.537	1.24399				2
2025.02.13	00:54:40.839	1.24400				2
2025.02.13	00:54:46.076		1.24442			4
2025.02.13	00:54:46.385	1.24406				2
2025.02.13	00:54:48.531	1.24407				2
2025.02.13	00:54:50.380	1.24404	1.24443			6
2025.02.13	00:54:51.300	1.24406				2
2025.02.13	00:54:51.606	1.24404				2
2025.02.13	00:54:51.918		1.24445			4
2025.02.13	00:54:55.301	1.24405				2
2025.02.13	00:54:56.227	1.24406				2
2025.02.13	00:54:58.992	1.24405				2
2025.02.13	00:55:00.222	1.24405				2
2025.02.13	00:55:05.143	1.24412	1.24444			6
2025.02.13	00:55:10.368	1.24401	1.24440			6
2025.02.13	00:55:10.982	1.24402	1.24441			6
2025.02.13	00:55:11.295	1.24403				2
2025.02.13	00:55:11.599	1.24404				2
2025.02.13	00:55:11.908	1.24405				2
2025.02.13	00:55:13.762		1.24442			4
2025.02.13	00:55:19.895	1.24410	1.24447			6
2025.02.13	00:55:20.210	1.24412				2
2025.02.13	00:55:21.429	1.24411				2
2025.02.13	00:55:23.276	1.24407	1.24443			6
2025.02.13	00:55:24.198		1.24441			4
2025.02.13	00:55:24.501		1.24440			4
2025.02.13	00:55:25.130	1.24406				2
2025.02.13	00:55:26.359	1.24405	1.24439			6
2025.02.13	00:55:26.666	1.24406				2
2025.02.13	00:55:30.966	1.24405				2
2025.02.13	00:55:31.275	1.24404				2
2025.02.13	00:55:31.581	1.24405	1.24440			6
2025.02.13	00:55:33.427		1.24439			4
2025.02.13	00:55:34.971	1.24406				2
2025.02.13	00:55:38.964	1.24405				2
2025.02.13	00:55:42.048	1.24406				2
2025.02.13	00:55:52.510	1.24405				2
2025.02.13	00:56:00.212	1.24405				2
2025.02.13	00:56:05.746	1.24406				2
2025.02.13	00:56:18.671	1.24410	1.24443			6
2025.02.13	00:56:19.294	1.24412				2
2025.02.13	00:56:22.982		1.24444			4
2025.02.13	00:56:23.290		1.24447			4
2025.02.13	00:56:26.359	1.24413				2
2025.02.13	00:56:26.973	1.24412				2
2025.02.13	00:56:28.817	1.24413				2
2025.02.13	00:56:29.117	1.24412				2
2025.02.13	00:56:30.657	1.24413	1.24446			6
2025.02.13	00:56:30.966	1.24412				2
2025.02.13	00:56:34.366	1.24413				2
2025.02.13	00:56:37.130	1.24406	1.24441			6
2025.02.13	00:56:38.053	1.24405				2
2025.02.13	00:56:39.283	1.24406				2
2025.02.13	00:56:46.041	1.24407				2
2025.02.13	00:56:52.502	1.24406				2
2025.02.13	00:57:00.195	1.24406				2
2025.02.13	00:57:02.346	1.24407				2
2025.02.13	00:57:05.175		1.24440			4
2025.02.13	00:57:09.168	1.24406				2
2025.02.13	00:57:11.626	1.24408	1.24445			6
2025.02.13	00:57:11.941	1.24409				2
2025.02.13	00:57:12.246		1.24446			4
2025.02.13	00:57:12.551	1.24411				2
2025.02.13	00:57:12.856	1.24408				2
2025.02.13	00:57:13.781	1.24410				2
2025.02.13	00:57:14.089	1.24408	1.24444			6
2025.02.13	00:57:16.551	1.24409				2
2025.02.13	00:57:17.162	1.24408	1.24442			6
2025.02.13	00:57:17.476	1.24410				2
2025.02.13	00:57:19.628	1.24406				2
2025.02.13	00:57:20.550	1.24410				2
2025.02.13	00:57:22.399	1.24411				2
2025.02.13	00:57:22.705	1.24407				2
2025.02.13	00:57:23.015	1.24411				2
2025.02.13	00:57:24.848	1.24412	1.24446			6
2025.02.13	00:57:26.695	1.24410	1.24447			6
2025.02.13	00:57:27.620	1.24411				2
2025.02.13	00:57:29.767		1.24445			4
2025.02.13	00:57:30.078		1.24446			4
2025.02.13	00:57:32.535		1.24444			4
2025.02.13	00:57:33.761	1.24412				2
2025.02.13	00:57:34.377		1.24446			4
2025.02.13	00:57:34.683	1.24411				2
2025.02.13	00:57:36.230	1.24410				2
2025.02.13	00:57:37.458	1.24409	1.24445			6
2025.02.13	00:57:40.833	1.24410				2
2025.02.13	00:57:41.145		1.24444			4
2025.02.13	00:57:42.072	1.24409				2
2025.02.13	00:57:42.376	1.24410				2
2025.02.13	00:57:44.525	1.24409	1.24443			6
2025.02.13	00:57:44.834		1.24445			4
2025.02.13	00:57:45.757	1.24413	1.24447			6
2025.02.13	00:57:46.065	1.24411				2
2025.02.13	00:57:47.910	1.24412				2
2025.02.13	00:57:48.214	1.24409	1.24445			6
2025.02.13	00:57:50.374	1.24408				2
2025.02.13	00:57:51.301		1.24446			4
2025.02.13	00:57:51.917	1.24409				2
2025.02.13	00:57:52.219	1.24408				2
2025.02.13	00:57:52.528	1.24409				2
2025.02.13	00:57:54.987	1.24408	1.24445			6
2025.02.13	00:57:56.829		1.24444			4
2025.02.13	00:57:58.056	1.24407	1.24441			6
2025.02.13	00:57:58.365	1.24408	1.24442			6
2025.02.13	00:57:58.981	1.24406				2
2025.02.13	00:58:00.210	1.24407	1.24443			6
2025.02.13	00:58:04.510		1.24442			4
2025.02.13	00:58:10.971	1.24406				2
2025.02.13	00:58:16.497	1.24397	1.24435			6
2025.02.13	00:58:18.031		1.24433			4
2025.02.13	00:58:18.956	1.24396				2
2025.02.13	00:58:21.408	1.24397				2
2025.02.13	00:58:21.719	1.24395				2
2025.02.13	00:58:22.642	1.24394	1.24431			6
2025.02.13	00:58:25.414	1.24395				2
2025.02.13	00:58:26.026	1.24396				2
2025.02.13	00:58:26.959		1.24432			4
2025.02.13	00:58:29.813	1.24393	1.24428			6
2025.02.13	00:58:30.121	1.24394				2
2025.02.13	00:58:30.424	1.24395	1.24429			6
2025.02.13	00:58:31.056	1.24396				2
2025.02.13	00:58:33.206		1.24428			4
2025.02.13	00:58:33.511	1.24395				2
2025.02.13	00:58:33.822	1.24396				2
2025.02.13	00:58:36.585	1.24394	1.24427			6
2025.02.13	00:58:40.897	1.24393				2
2025.02.13	00:58:45.503	1.24388	1.24426			6
2025.02.13	00:58:46.426		1.24425			4
2025.02.13	00:58:50.107		1.24426			4
2025.02.13	00:58:51.033	1.24393				2
2025.02.13	00:58:57.184	1.24388	1.24425			6
2025.02.13	00:58:59.949	1.24405	1.24430			6
2025.02.13	00:59:00.260	1.24403	1.24431			6
2025.02.13	00:59:00.566		1.24432			4
2025.02.13	00:59:01.487		1.24431			4
2025.02.13	00:59:03.027		1.24432			4
2025.02.13	00:59:05.483		1.24433			4
2025.02.13	00:59:06.101		1.24432			4
2025.02.13	00:59:06.409		1.24433			4
2025.02.13	00:59:11.942		1.24435			4
2025.02.13	00:59:12.860	1.24406	1.24440			6
2025.02.13	00:59:13.179	1.24417	1.24441			6
2025.02.13	00:59:13.796		1.24442			4
2025.02.13	00:59:15.641	1.24418	1.24448			6
2025.02.13	00:59:15.947		1.24450			4
2025.02.13	00:59:16.561		1.24449			4
2025.02.13	00:59:21.176		1.24453			4
2025.02.13	00:59:25.481		1.24448			4
2025.02.13	00:59:25.787		1.24449			4
2025.02.13	00:59:26.097		1.24451			4
2025.02.13	00:59:26.410		1.24448			4
2025.02.13	00:59:26.716		1.24451			4
2025.02.13	00:59:29.874		1.24450			4
2025.02.13	00:59:30.485		1.24451			4
2025.02.13	00:59:33.257		1.24452			4
2025.02.13	00:59:35.095		1.24453			4
2025.02.13	00:59:36.944	1.24426	1.24460			6
2025.02.13	00:59:37.245	1.24428				2
2025.02.13	00:59:37.568		1.24464			4
2025.02.13	00:59:38.483	1.24431	1.24469			6
2025.02.13	00:59:38.793	1.24433				2
2025.02.13	00:59:39.100		1.24470			4
2025.02.13	00:59:48.009	1.24430	1.24465			6
2025.02.13	00:59:48.623	1.24432				2
2025.02.13	00:59:48.929	1.24433				2
2025.02.13	00:59:56.617	1.24432				2
2025.02.13	00:59:57.852	1.24433				2
2025.02.13	01:00:00.002	1.24433				2
2025.02.13	01:00:00.309	1.24435	1.24444			6
2025.02.13	01:00:00.616	1.24437	1.24446			6
2025.02.13	01:00:01.234	1.24436	1.24447			6
2025.02.13	01:00:01.846	1.24434	1.24445			6
2025.02.13	01:00:02.152	1.24436	1.24447			6
2025.02.13	01:00:03.072	1.24438	1.24449			6
2025.02.13	01:00:03.378	1.24436	1.24447			6
2025.02.13	01:00:03.679	1.24435	1.24446			6
2025.02.13	01:00:04.286		1.24445			4
2025.02.13	01:00:05.524	1.24436	1.24446			6
2025.02.13	01:00:06.133	1.24437				2
2025.02.13	01:00:07.046	1.24436	1.24445			6
2025.02.13	01:00:07.355	1.24437	1.24446			6
2025.02.13	01:00:07.967	1.24436	1.24445			6
2025.02.13	01:00:08.276	1.24437	1.24446			6
2025.02.13	01:00:08.577	1.24436	1.24445			6
2025.02.13	01:00:08.881	1.24437	1.24446			6
2025.02.13	01:00:09.187	1.24436	1.24445			6
2025.02.13	01:00:10.400	1.24437	1.24446			6
2025.02.13	01:00:10.701	1.24436	1.24445			6
2025.02.13	01:00:11.313	1.24438	1.24447			6
2025.02.13	01:00:11.625	1.24437	1.24446			6
2025.02.13	01:00:12.854	1.24438	1.24447			6
2025.02.13	01:00:13.156	1.24437	1.24446			6
2025.02.13	01:00:15.274	1.24438	1.24447			6
2025.02.13	01:00:15.880	1.24437	1.24446			6
2025.02.13	01:00:16.485	1.24438	1.24447			6
2025.02.13	01:00:16.787	1.24437	1.24446			6
2025.02.13	01:00:17.090	1.24438	1.24447			6
2025.02.13	01:00:17.694	1.24437	1.24446			6
2025.02.13	01:00:17.995	1.24435	1.24444			6
2025.02.13	01:00:18.920	1.24431	1.24440			6
2025.02.13	01:00:19.221		1.24441			4
2025.02.13	01:00:19.527	1.24437	1.24442			6
2025.02.13	01:00:21.053	1.24438				2
2025.02.13	01:00:22.280	1.24437				2
2025.02.13	01:00:22.888	1.24438				2
2025.02.13	01:00:24.432		1.24446			4
2025.02.13	01:00:26.264		1.24443			4
2025.02.13	01:00:35.186	1.24439				2
2025.02.13	01:00:38.538	1.24433	1.24436			6
2025.02.13	01:00:38.843	1.24436	1.24437			6
2025.02.13	01:00:40.360	1.24435	1.24436			6
2025.02.13	01:00:42.481	1.24434	1.24435			6
2025.02.13	01:00:43.994	1.24435	1.24436			6
2025.02.13	01:00:45.827		1.24438			4
2025.02.13	01:00:46.735	1.24434				2
2025.02.13	01:00:48.872	1.24435				2
2025.02.13	01:00:51.627	1.24434				2
2025.02.13	01:00:52.535	1.24436				2
2025.02.13	01:00:52.844	1.24437				2
2025.02.13	01:00:57.129	1.24434				2
2025.02.13	01:00:58.363		1.24439			4
2025.02.13	01:00:58.665	1.24435	1.24440			6
2025.02.13	01:00:58.974	1.24437				2
2025.02.13	01:00:59.279	1.24433	1.24435			6
2025.02.13	01:01:00.206	1.24433				2
2025.02.13	01:01:02.143	1.24434				2
2025.02.13	01:01:06.397	1.24433				2
2025.02.13	01:01:12.510	1.24432				2
2025.02.13	01:01:21.370		1.24437			4
2025.02.13	01:01:21.673	1.24439	1.24444			6
2025.02.13	01:01:22.285	1.24437	1.24443			6
2025.02.13	01:01:22.592	1.24438	1.24444			6
2025.02.13	01:01:24.727	1.24439	1.24445			6
2025.02.13	01:01:28.390	1.24437	1.24443			6
2025.02.13	01:01:28.698	1.24438	1.24444			6
2025.02.13	01:01:30.224	1.24446	1.24452			6
2025.02.13	01:01:31.138	1.24447	1.24453			6
2025.02.13	01:01:31.747	1.24444	1.24450			6
2025.02.13	01:01:34.189	1.24447	1.24453			6
2025.02.13	01:01:36.644	1.24448	1.24454			6
2025.02.13	01:01:38.172	1.24447	1.24453			6
2025.02.13	01:01:41.546	1.24448	1.24454			6
2025.02.13	01:01:46.441	1.24447	1.24451			6
2025.02.13	01:01:46.748	1.24446	1.24452			6
2025.02.13	01:01:48.288	1.24444	1.24450			6
2025.02.13	01:01:51.321	1.24446	1.24452			6
2025.02.13	01:01:53.438	1.24445	1.24451			6
2025.02.13	01:01:57.383	1.24446	1.24452			6
2025.02.13	01:01:57.684	1.24441	1.24445			6
2025.02.13	01:01:57.985	1.24440	1.24446			6
2025.02.13	01:02:00.137	1.24440				2
2025.02.13	01:02:03.786	1.24438	1.24444			6
2025.02.13	01:02:12.321	1.24439				2
2025.02.13	01:02:19.652	1.24441	1.24445			6
2025.02.13	01:02:20.264	1.24439	1.24444			6
2025.02.13	01:02:23.015	1.24442	1.24445			6
2025.02.13	01:02:23.633	1.24444				2
2025.02.13	01:02:27.305	1.24445	1.24446			6
2025.02.13	01:02:34.648	1.24443	1.24445			6
2025.02.13	01:02:38.326		1.24448			4
2025.02.13	01:02:38.944	1.24444	1.24449			6
2025.02.13	01:02:39.245	1.24445	1.24450			6
2025.02.13	01:02:41.082	1.24446	1.24451			6
2025.02.13	01:02:41.996	1.24449	1.24454			6
2025.02.13	01:02:51.187		1.24453			4
2025.02.13	01:03:00.078	1.24449				2
2025.02.13	01:03:09.561	1.24450	1.24454			6
2025.02.13	01:03:16.579	1.24448	1.24452			6
2025.02.13	01:03:16.899	1.24446	1.24450			6
2025.02.13	01:03:18.122	1.24445	1.24449			6
2025.02.13	01:03:42.235	1.24446				2
2025.02.13	01:03:44.684	1.24447	1.24450			6
2025.02.13	01:03:45.602	1.24446	1.24449			6
2025.02.13	01:03:48.628	1.24450	1.24453			6
2025.02.13	01:03:50.169	1.24449				2
2025.02.13	01:04:00.261	1.24449				2
2025.02.13	01:04:04.295	1.24450				2
2025.02.13	01:04:04.604	1.24448	1.24451			6
2025.02.13	01:04:04.909	1.24447	1.24450			6
2025.02.13	01:04:05.221	1.24446				2
2025.02.13	01:04:05.526	1.24445	1.24449			6
2025.02.13	01:04:07.360	1.24443	1.24446			6
2025.02.13	01:04:07.660	1.24438	1.24442			6
2025.02.13	01:04:08.275		1.24443			4
2025.02.13	01:04:08.884	1.24436	1.24441			6
2025.02.13	01:04:22.091		1.24440			4
2025.02.13	01:04:35.427	1.24437	1.24441			6
2025.02.13	01:04:35.736	1.24436	1.24440			6
2025.02.13	01:04:56.283	1.24437				2
2025.02.13	01:05:00.254	1.24434	1.24437			6
2025.02.13	01:05:01.169	1.24433				2
2025.02.13	01:05:02.714	1.24434	1.24438			6
2025.02.13	01:05:04.254		1.24436			4
2025.02.13	01:05:07.321		1.24437			4
2025.02.13	01:05:12.240	1.24435				2
2025.02.13	01:05:20.493	1.24436				2
2025.02.13	01:05:25.372		1.24438			4
2025.02.13	01:06:00.165	1.24436				2
2025.02.13	01:06:05.366	1.24446	1.24449			6
2025.02.13	01:06:06.290	1.24444	1.24450			6
2025.02.13	01:06:09.979		1.24451			4
2025.02.13	01:06:11.204		1.24450			4
2025.02.13	01:06:34.364	1.24445				2
2025.02.13	01:06:56.179		1.24449			4
2025.02.13	01:07:00.159	1.24445				2
2025.02.13	01:07:01.384	1.24449	1.24453			6
2025.02.13	01:07:02.311		1.24454			4
2025.02.13	01:07:15.237		1.24453			4
2025.02.13	01:07:58.219	1.24450				2
2025.02.13	01:08:00.056	1.24450				2
2025.02.13	01:08:01.277	1.24449	1.24452			6
2025.02.13	01:08:03.117	1.24450	1.24453			6
2025.02.13	01:08:04.347	1.24449				2
2025.02.13	01:08:06.187	1.24450				2
2025.02.13	01:08:07.104	1.24449	1.24452			6
2025.02.13	01:08:08.346	1.24448				2
2025.02.13	01:08:10.199	1.24449				2
2025.02.13	01:08:17.807	1.24446	1.24449			6
2025.02.13	01:08:19.339	1.24445				2
2025.02.13	01:08:30.428	1.24443	1.24447			6
2025.02.13	01:08:44.601	1.24440	1.24444			6
2025.02.13	01:09:00.068	1.24440				2
2025.02.13	01:09:23.155	1.24430	1.24434			6
2025.02.13	01:09:23.467	1.24431	1.24435			6
2025.02.13	01:09:24.087	1.24430	1.24434			6
2025.02.13	01:09:24.399	1.24429	1.24436			6
2025.02.13	01:09:31.783	1.24428	1.24435			6
2025.02.13	01:09:32.095		1.24434			4
2025.02.13	01:09:32.403	1.24429	1.24435			6
2025.02.13	01:09:57.242	1.24430				2
2025.02.13	01:10:00.021	1.24430				2
2025.02.13	01:10:00.328	1.24429	1.24434			6
2025.02.13	01:10:00.641	1.24430	1.24435			6
2025.02.13	01:10:23.124		1.24434			4
2025.02.13	01:10:23.736	1.24431	1.24435			6
2025.02.13	01:10:35.483	1.24430	1.24434			6
2025.02.13	01:10:41.343	1.24431	1.24435			6
2025.02.13	01:10:42.266	1.24430	1.24434			6
2025.02.13	01:10:42.577	1.24431	1.24435			6
2025.02.13	01:10:43.190	1.24430	1.24434			6
2025.02.13	01:10:43.499	1.24431	1.24435			6
2025.02.13	01:10:53.986	1.24425	1.24429			6
2025.02.13	01:10:54.292	1.24430	1.24434			6
2025.02.13	01:10:58.905	1.24431	1.24435			6
2025.02.13	01:11:00.134	1.24431				2
2025.02.13	01:11:00.442	1.24430	1.24434			6
2025.02.13	01:11:15.870	1.24431	1.24435			6
2025.02.13	01:11:16.181	1.24430	1.24434			6
2025.02.13	01:11:22.339	1.24425	1.24429			6
2025.02.13	01:11:23.257		1.24430			4
2025.02.13	01:11:25.417	1.24424	1.24429			6
2025.02.13	01:11:26.960	1.24425	1.24430			6
2025.02.13	01:11:31.272	1.24427	1.24432			6
2025.02.13	01:11:31.582	1.24429	1.24434			6
2025.02.13	01:11:32.196	1.24428				2
2025.02.13	01:11:38.354	1.24429				2
2025.02.13	01:11:58.581	1.24430	1.24435			6
2025.02.13	01:11:59.499	1.24429	1.24434			6
2025.02.13	01:12:00.120	1.24429				2
2025.02.13	01:12:02.274	1.24430	1.24435			6
2025.02.13	01:12:05.342		1.24434			4
2025.02.13	01:12:05.655	1.24429	1.24433			6
2025.02.13	01:12:05.962	1.24430	1.24434			6
2025.02.13	01:12:06.272	1.24429	1.24433			6
2025.02.13	01:12:07.198	1.24433	1.24437			6
2025.02.13	01:12:07.818	1.24431	1.24435			6
2025.02.13	01:12:08.121		1.24436			4
2025.02.13	01:12:08.736	1.24430	1.24435			6
2025.02.13	01:12:11.198		1.24434			4
2025.02.13	01:12:11.509	1.24433	1.24437			6
2025.02.13	01:12:12.116		1.24438			4
2025.02.13	01:12:17.972	1.24434	1.24439			6
2025.02.13	01:12:20.431	1.24433	1.24438			6
2025.02.13	01:12:30.277		1.24437			4
2025.02.13	01:12:35.500	1.24431	1.24435			6
2025.02.13	01:12:36.116		1.24436			4
2025.02.13	01:12:36.424	1.24434	1.24439			6
2025.02.13	01:12:42.895	1.24435	1.24440			6
2025.02.13	01:12:44.419	1.24433	1.24438			6
2025.02.13	01:12:44.730	1.24432	1.24437			6
2025.02.13	01:12:46.265	1.24434	1.24439			6
2025.02.13	01:13:00.137	1.24434				2
2025.02.13	01:13:03.837	1.24438	1.24441			6
2025.02.13	01:13:05.997	1.24437	1.24438			6
2025.02.13	01:13:06.303	1.24434	1.24437			6
2025.02.13	01:13:06.617	1.24433				2
2025.02.13	01:13:09.692	1.24432				2
2025.02.13	01:13:10.308	1.24433				2
2025.02.13	01:13:11.232	1.24432				2
2025.02.13	01:13:13.387	1.24433				2
2025.02.13	01:13:14.001	1.24432				2
2025.02.13	01:13:14.310	1.24433				2
2025.02.13	01:13:26.904		1.24435			4
2025.02.13	01:13:30.893	1.24436	1.24440			6
2025.02.13	01:13:31.201	1.24438	1.24442			6
2025.02.13	01:13:31.505	1.24439				2
2025.02.13	01:13:32.122	1.24438				2
2025.02.13	01:13:36.424		1.24443			4
2025.02.13	01:13:36.732	1.24439				2
2025.02.13	01:13:37.041	1.24440				2
2025.02.13	01:13:44.741	1.24439				2
2025.02.13	01:13:45.050	1.24436	1.24440			6
2025.02.13	01:13:45.351	1.24435				2
2025.02.13	01:13:45.965	1.24436				2
2025.02.13	01:13:46.273	1.24435				2
2025.02.13	01:13:47.200	1.24436				2
2025.02.13	01:13:48.425	1.24435				2
2025.02.13	01:13:55.176	1.24436				2
2025.02.13	01:13:55.791	1.24435				2
2025.02.13	01:14:00.089	1.24435				2
2025.02.13	01:14:02.249	1.24436				2
2025.02.13	01:14:08.117	1.24437				2
2025.02.13	01:14:08.421	1.24436				2
2025.02.13	01:14:08.726	1.24437				2
2025.02.13	01:14:14.585	1.24439	1.24444			6
2025.02.13	01:14:15.817	1.24440				2
2025.02.13	01:14:16.741	1.24439	1.24443			6
2025.02.13	01:14:17.045	1.24438				2
2025.02.13	01:14:17.356	1.24439				2
2025.02.13	01:14:19.199	1.24437	1.24441			6
2025.02.13	01:14:20.121	1.24436				2
2025.02.13	01:14:21.352		1.24437			4
2025.02.13	01:14:23.199	1.24437	1.24438			6
2025.02.13	01:14:37.977	1.24436	1.24437			6
2025.02.13	01:14:41.065	1.24437	1.24438			6
2025.02.13	01:14:52.135	1.24439	1.24440			6
2025.02.13	01:14:54.283	1.24438				2
2025.02.13	01:14:55.523	1.24439				2
2025.02.13	01:14:55.832	1.24438				2
2025.02.13	01:14:56.761	1.24439				2
2025.02.13	01:15:00.147	1.24439	1.24441			6
2025.02.13	01:15:00.764	1.24440				2
2025.02.13	01:15:01.380	1.24439				2
2025.02.13	01:15:01.994	1.24440				2
2025.02.13	01:15:02.301	1.24439				2
2025.02.13	01:15:05.374	1.24440	1.24442			6
2025.02.13	01:15:05.684	1.24441				2
2025.02.13	01:15:05.996	1.24440				2
2025.02.13	01:15:13.682	1.24441				2
2025.02.13	01:15:14.299	1.24440				2
2025.02.13	01:15:16.145	1.24439	1.24441			6
2025.02.13	01:15:16.448	1.24438				2
2025.02.13	01:15:17.065	1.24439				2
2025.02.13	01:15:17.379	1.24438				2
2025.02.13	01:15:18.911	1.24439				2
2025.02.13	01:15:19.218	1.24438				2
2025.02.13	01:15:20.145	1.24439				2
2025.02.13	01:15:20.761	1.24438				2
2025.02.13	01:15:21.376	1.24439				2
2025.02.13	01:15:21.682	1.24438				2
2025.02.13	01:15:21.992	1.24439				2
2025.02.13	01:15:22.608	1.24438				2
2025.02.13	01:15:22.918	1.24442	1.24444			6
2025.02.13	01:15:23.223	1.24445	1.24446			6
2025.02.13	01:15:24.157	1.24444				2
2025.02.13	01:15:27.536		1.24448			4
2025.02.13	01:15:30.307	1.24443				2
2025.02.13	01:15:30.616	1.24444				2
2025.02.13	01:15:30.924	1.24443				2
2025.02.13	01:15:31.539	1.24444				2
2025.02.13	01:15:31.844	1.24443				2
2025.02.13	01:15:32.461	1.24444				2
2025.02.13	01:15:37.091	1.24443	1.24446			6
2025.02.13	01:15:38.937	1.24444				2
2025.02.13	01:15:39.556	1.24442				2
2025.02.13	01:15:41.402	1.24444				2
2025.02.13	01:15:49.722	1.24443				2
2025.02.13	01:15:51.258	1.24444				2
2025.02.13	01:15:51.562	1.24446	1.24449			6
2025.02.13	01:15:51.867	1.24444				2
2025.02.13	01:15:53.091		1.24447			4
2025.02.13	01:16:00.157	1.24444				2
2025.02.13	01:16:01.385		1.24448			4
2025.02.13	01:16:16.178		1.24447			4
2025.02.13	01:16:21.395	1.24445				2
2025.02.13	01:16:35.808	1.24454	1.24456			6
2025.02.13	01:16:36.125	1.24453				2
2025.02.13	01:16:37.659	1.24455				2
2025.02.13	01:16:37.961		1.24457			4
2025.02.13	01:16:53.353	1.24454				2
2025.02.13	01:16:55.511	1.24452	1.24456			6
2025.02.13	01:16:58.284	1.24453				2
2025.02.13	01:17:00.146	1.24453				2
2025.02.13	01:17:15.217		1.24457			4
2025.02.13	01:17:21.636		1.24459			4
2025.02.13	01:17:21.947	1.24455	1.24460			6
2025.02.13	01:17:25.320	1.24456				2
2025.02.13	01:17:27.466	1.24459	1.24461			6
2025.02.13	01:17:28.080	1.24458				2
2025.02.13	01:17:28.384	1.24457				2
2025.02.13	01:17:32.069	1.24458				2
2025.02.13	01:17:32.989	1.24459				2
2025.02.13	01:17:33.300	1.24458				2
2025.02.13	01:17:36.053	1.24459				2
2025.02.13	01:17:36.362	1.24458				2
2025.02.13	01:17:38.207	1.24459				2
2025.02.13	01:17:38.519	1.24458				2
2025.02.13	01:17:39.131	1.24459				2
2025.02.13	01:17:39.437	1.24458				2
2025.02.13	01:17:41.285	1.24459				2
2025.02.13	01:17:41.906	1.24458				2
2025.02.13	01:17:44.366	1.24459				2
2025.02.13	01:17:44.679	1.24458				2
2025.02.13	01:17:47.502	1.24459				2
2025.02.13	01:17:48.124	1.24458				2
2025.02.13	01:17:49.041	1.24459				2
2025.02.13	01:17:49.348		1.24462			4
2025.02.13	01:17:49.655	1.24458				2
2025.02.13	01:17:50.269	1.24459	1.24461			6
2025.02.13	01:17:50.573	1.24458				2
2025.02.13	01:17:52.426	1.24459				2
2025.02.13	01:17:52.735	1.24458				2
2025.02.13	01:17:53.650	1.24459				2
2025.02.13	01:17:53.963	1.24458				2
2025.02.13	01:17:55.782	1.24459				2
2025.02.13	01:17:56.085	1.24458				2
2025.02.13	01:18:00.030	1.24458				2
2025.02.13	01:18:00.950	1.24459	1.24462			6
2025.02.13	01:18:01.555	1.24458	1.24461			6
2025.02.13	01:18:01.864		1.24462			4
2025.02.13	01:18:19.265		1.24461			4
2025.02.13	01:18:19.870	1.24459				2
2025.02.13	01:18:20.778	1.24458				2
2025.02.13	01:18:22.615	1.24459				2
2025.02.13	01:18:22.916	1.24461	1.24462			6
2025.02.13	01:18:26.289	1.24458				2
2025.02.13	01:18:31.518		1.24461			4
2025.02.13	01:18:36.749	1.24450	1.24454			6
2025.02.13	01:18:37.056		1.24455			4
2025.02.13	01:18:37.364	1.24449				2
2025.02.13	01:18:39.207		1.24454			4
2025.02.13	01:18:39.509	1.24447	1.24451			6
2025.02.13	01:18:40.740		1.24452			4
2025.02.13	01:18:41.042	1.24448				2
2025.02.13	01:18:41.345	1.24446				2
2025.02.13	01:18:41.954	1.24450	1.24456			6
2025.02.13	01:18:42.261	1.24452	1.24457			6
2025.02.13	01:18:48.107		1.24455			4
2025.02.13	01:18:48.728		1.24457			4
2025.02.13	01:18:51.496	1.24451				2
2025.02.13	01:18:51.807		1.24458			4
2025.02.13	01:18:52.733	1.24450	1.24457			6
2025.02.13	01:18:53.040	1.24451	1.24458			6
2025.02.13	01:19:00.101	1.24451				2
2025.02.13	01:19:10.562	1.24454	1.24460			6
2025.02.13	01:19:10.866	1.24453	1.24459			6
2025.02.13	01:19:14.855		1.24460			4
2025.02.13	01:19:15.162		1.24459			4
2025.02.13	01:19:15.775		1.24460			4
2025.02.13	01:19:16.393		1.24459			4
2025.02.13	01:19:17.309	1.24452	1.24458			6
2025.02.13	01:19:23.451	1.24451	1.24457			6
2025.02.13	01:19:30.194	1.24452	1.24458			6
2025.02.13	01:19:32.955	1.24451	1.24457			6
2025.02.13	01:19:33.577	1.24450	1.24456			6
2025.02.13	01:19:34.497	1.24451	1.24457			6
2025.02.13	01:19:34.807	1.24450	1.24456			6
2025.02.13	01:19:38.191	1.24451				2
2025.02.13	01:19:39.725	1.24450	1.24455			6
2025.02.13	01:19:45.860	1.24451	1.24456			6
2025.02.13	01:19:55.378		1.24455			4
2025.02.13	01:19:55.678	1.24450	1.24454			6
2025.02.13	01:19:55.986	1.24446	1.24450			6
2025.02.13	01:19:56.287	1.24445	1.24449			6
2025.02.13	01:19:57.213	1.24444	1.24451			6
2025.02.13	01:19:59.378		1.24450			4
2025.02.13	01:20:00.298	1.24444				2
2025.02.13	01:20:16.288	1.24445				2
2025.02.13	01:20:31.695		1.24446			4
2025.02.13	01:20:32.006		1.24447			4
2025.02.13	01:20:32.313		1.24449			4
2025.02.13	01:20:56.127	1.24446				2
2025.02.13	01:21:00.080	1.24446				2
2025.02.13	01:21:01.300	1.24448	1.24451			6
2025.02.13	01:21:02.208	1.24447				2
2025.02.13	01:21:02.825	1.24448	1.24452			6
2025.02.13	01:21:05.288	1.24449				2
2025.02.13	01:21:15.423	1.24454	1.24457			6
2025.02.13	01:21:15.725	1.24452	1.24455			6
2025.02.13	01:21:16.337	1.24451				2
2025.02.13	01:21:20.661	1.24452	1.24456			6
2025.02.13	01:21:21.279	1.24453				2
2025.02.13	01:21:22.207	1.24452				2
2025.02.13	01:21:22.516	1.24453				2
2025.02.13	01:21:25.287	1.24451	1.24455			6
2025.02.13	01:21:35.135	1.24452				2
2025.02.13	01:21:40.926	1.24451	1.24454			6
2025.02.13	01:21:42.461	1.24452	1.24455			6
2025.02.13	01:21:55.890	1.24453	1.24456			6
2025.02.13	01:21:57.122	1.24452	1.24455			6
2025.02.13	01:22:00.166	1.24452				2
2025.02.13	01:22:00.470	1.24455	1.24458			6
2025.02.13	01:22:01.082	1.24454				2
2025.02.13	01:22:01.690	1.24455	1.24459			6
2025.02.13	01:22:01.995	1.24456	1.24460			6
2025.02.13	01:22:07.236	1.24461	1.24465			6
2025.02.13	01:22:08.162		1.24466			4
2025.02.13	01:22:14.006	1.24460	1.24465			6
2025.02.13	01:22:17.700	1.24456	1.24461			6
2025.02.13	01:22:18.304	1.24455				2
2025.02.13	01:22:18.932	1.24456	1.24462			6
2025.02.13	01:22:21.385	1.24455	1.24461			6
2025.02.13	01:22:22.009	1.24454	1.24460			6
2025.02.13	01:22:22.622	1.24455	1.24461			6
2025.02.13	01:22:27.851	1.24454	1.24460			6
2025.02.13	01:22:29.391	1.24455				2
2025.02.13	01:22:35.220	1.24457				2
2025.02.13	01:22:35.841	1.24455				2
2025.02.13	01:22:43.202		1.24459			4
2025.02.13	01:23:00.101	1.24455				2
2025.02.13	01:23:04.136	1.24456				2
2025.02.13	01:23:23.081	1.24457	1.24460			6
2025.02.13	01:23:23.686	1.24456	1.24459			6
2025.02.13	01:23:46.279	1.24457	1.24460			6
2025.02.13	01:23:49.985	1.24458	1.24461			6
2025.02.13	01:23:56.742	1.24466	1.24469			6
2025.02.13	01:23:57.049	1.24463	1.24466			6
2025.02.13	01:23:57.353	1.24461				2
2025.02.13	01:23:57.661	1.24465	1.24470			6
2025.02.13	01:23:58.276	1.24464				2
2025.02.13	01:23:58.576	1.24465	1.24471			6
2025.02.13	01:23:59.498	1.24464	1.24470			6
2025.02.13	01:24:00.118	1.24464				2
2025.02.13	01:24:03.182	1.24466				2
2025.02.13	01:24:03.799	1.24464				2
2025.02.13	01:24:06.258	1.24465				2
2025.02.13	01:24:07.798	1.24464	1.24469			6
2025.02.13	01:24:08.718	1.24465	1.24470			6
2025.02.13	01:24:10.252	1.24461	1.24466			6
2025.02.13	01:24:11.177	1.24457	1.24462			6
2025.02.13	01:24:11.487	1.24456				2
2025.02.13	01:24:13.326		1.24463			4
2025.02.13	01:24:25.002	1.24469	1.24474			6
2025.02.13	01:24:25.621	1.24473	1.24478			6
2025.02.13	01:24:25.922	1.24474	1.24481			6
2025.02.13	01:24:28.388	1.24473	1.24480			6
2025.02.13	01:24:29.617	1.24474	1.24481			6
2025.02.13	01:24:31.153	1.24473	1.24480			6
2025.02.13	01:24:31.461	1.24474	1.24481			6
2025.02.13	01:24:32.379	1.24473	1.24480			6
2025.02.13	01:24:40.988	1.24475	1.24482			6
2025.02.13	01:24:41.295	1.24474	1.24481			6
2025.02.13	01:24:45.004	1.24475	1.24482			6
2025.02.13	01:24:45.312	1.24474	1.24481			6
2025.02.13	01:24:49.898		1.24478			4
2025.02.13	01:24:50.203	1.24469	1.24476			6
2025.02.13	01:24:51.446	1.24470	1.24477			6
2025.02.13	01:24:54.218	1.24469	1.24476			6
2025.02.13	01:24:55.147	1.24470	1.24477			6
2025.02.13	01:24:58.223	1.24472				2
2025.02.13	01:25:00.062	1.24472				2
2025.02.13	01:25:01.602	1.24468	1.24475			6
2025.02.13	01:25:01.905	1.24472	1.24477			6
2025.02.13	01:25:02.218	1.24473				2
2025.02.13	01:25:05.913		1.24478			4
2025.02.13	01:25:19.995	1.24472				2
2025.02.13	01:25:35.343	1.24473				2
2025.02.13	01:25:38.086	1.24474				2
2025.02.13	01:25:41.770		1.24477			4
2025.02.13	01:25:42.073		1.24478			4
2025.02.13	01:25:43.305	1.24473				2
2025.02.13	01:25:46.081	1.24471	1.24477			6
2025.02.13	01:25:58.391	1.24472				2
2025.02.13	01:25:59.003	1.24473	1.24478			6
2025.02.13	01:25:59.619	1.24472	1.24477			6
2025.02.13	01:25:59.927	1.24473	1.24478			6
2025.02.13	01:26:00.232	1.24472	1.24477			6
2025.02.13	01:26:01.155	1.24469	1.24474			6
2025.02.13	01:26:01.465	1.24470	1.24475			6
2025.02.13	01:26:02.388		1.24476			4
2025.02.13	01:26:02.695	1.24471	1.24477			6
2025.02.13	01:26:08.204	1.24472				2
2025.02.13	01:26:09.424	1.24471	1.24476			6
2025.02.13	01:26:10.645	1.24472	1.24477			6
2025.02.13	01:26:10.951	1.24471	1.24476			6
2025.02.13	01:26:14.928	1.24470	1.24475			6
2025.02.13	01:26:22.286	1.24467	1.24471			6
2025.02.13	01:26:22.589	1.24466	1.24470			6
2025.02.13	01:26:23.198	1.24465	1.24471			6
2025.02.13	01:26:24.135	1.24466				2
2025.02.13	01:26:25.669	1.24467				2
2025.02.13	01:26:27.819	1.24463	1.24468			6
2025.02.13	01:26:29.364	1.24462				2
2025.02.13	01:26:29.990		1.24467			4
2025.02.13	01:26:30.296	1.24461				2
2025.02.13	01:26:31.231	1.24460	1.24466			6
2025.02.13	01:26:31.550	1.24461	1.24467			6
2025.02.13	01:26:33.390	1.24462	1.24468			6
2025.02.13	01:26:40.163	1.24463				2
2025.02.13	01:26:45.403	1.24462	1.24467			6
2025.02.13	01:26:47.560	1.24463	1.24468			6
2025.02.13	01:26:47.868	1.24462	1.24467			6
2025.02.13	01:26:48.797	1.24463	1.24468			6
2025.02.13	01:26:50.027		1.24467			4
2025.02.13	01:26:53.410		1.24468			4
2025.02.13	01:26:55.255		1.24467			4
2025.02.13	01:27:00.166	1.24463				2
2025.02.13	01:27:07.514	1.24465	1.24469			6
2025.02.13	01:27:08.421	1.24463	1.24467			6
2025.02.13	01:27:12.406	1.24458	1.24462			6
2025.02.13	01:27:13.327	1.24457	1.24463			6
2025.02.13	01:27:19.762		1.24462			4
2025.02.13	01:27:20.065	1.24456				2
2025.02.13	01:27:22.217	1.24457				2
2025.02.13	01:27:23.446	1.24458				2
2025.02.13	01:27:24.064	1.24457				2
2025.02.13	01:27:29.701	1.24463	1.24467			6
2025.02.13	01:27:30.006	1.24462				2
2025.02.13	01:27:30.313	1.24461				2
2025.02.13	01:27:35.221	1.24462				2
2025.02.13	01:27:38.895	1.24461				2
2025.02.13	01:27:39.508	1.24462				2
2025.02.13	01:27:42.284	1.24461				2
2025.02.13	01:27:45.052	1.24460	1.24466			6
2025.02.13	01:27:46.899	1.24459	1.24465			6
2025.02.13	01:27:48.122	1.24464	1.24470			6
2025.02.13	01:27:48.433	1.24465	1.24471			6
2025.02.13	01:27:49.055	1.24462	1.24468			6
2025.02.13	01:27:49.669	1.24461				2
2025.02.13	01:27:51.205	1.24462				2
2025.02.13	01:27:52.435	1.24461				2
2025.02.13	01:27:52.744	1.24462				2
2025.02.13	01:27:55.215	1.24461				2
2025.02.13	01:27:55.526	1.24462				2
2025.02.13	01:27:57.066	1.24461				2
2025.02.13	01:27:57.370	1.24462				2
2025.02.13	01:28:00.150	1.24462				2
2025.02.13	01:28:02.006	1.24464	1.24470			6
2025.02.13	01:28:02.318	1.24465				2
2025.02.13	01:28:02.928		1.24471			4
2025.02.13	01:28:03.850	1.24464				2
2025.02.13	01:28:09.073	1.24465				2
2025.02.13	01:28:09.378	1.24464				2
2025.02.13	01:28:09.996	1.24465				2
2025.02.13	01:28:10.301	1.24464				2
2025.02.13	01:28:11.223		1.24470			4
2025.02.13	01:28:12.147	1.24465	1.24471			6
2025.02.13	01:28:12.761	1.24464	1.24470			6
2025.02.13	01:28:13.066	1.24465	1.24471			6
2025.02.13	01:28:13.376	1.24464	1.24470			6
2025.02.13	01:28:13.993	1.24465	1.24471			6
2025.02.13	01:28:14.294	1.24464	1.24470			6
2025.02.13	01:28:14.601	1.24465	1.24471			6
2025.02.13	01:28:15.206	1.24464	1.24470			6
2025.02.13	01:28:15.827	1.24465	1.24471			6
2025.02.13	01:28:16.435	1.24464	1.24470			6
2025.02.13	01:28:16.744	1.24465	1.24471			6
2025.02.13	01:28:17.048	1.24464	1.24470			6
2025.02.13	01:28:17.659	1.24465	1.24471			6
2025.02.13	01:28:17.964	1.24464	1.24470			6
2025.02.13	01:28:18.272	1.24465	1.24471			6
2025.02.13	01:28:18.886	1.24464	1.24470			6
2025.02.13	01:28:19.191	1.24465	1.24471			6
2025.02.13	01:28:19.501	1.24464	1.24470			6
2025.02.13	01:28:19.806	1.24465	1.24471			6
2025.02.13	01:28:20.107	1.24464	1.24470			6
2025.02.13	01:28:20.724	1.24465	1.24471			6
2025.02.13	01:28:21.028	1.24464	1.24470			6
2025.02.13	01:28:21.641	1.24465	1.24471			6
2025.02.13	01:28:21.942	1.24464	1.24470			6
2025.02.13	01:28:22.247	1.24465	1.24471			6
2025.02.13	01:28:22.552	1.24464	1.24470			6
2025.02.13	01:28:22.860	1.24465	1.24471			6
2025.02.13	01:28:23.163	1.24464	1.24470			6
2025.02.13	01:28:23.776	1.24465	1.24471			6
2025.02.13	01:28:24.084	1.24464	1.24470			6
2025.02.13	01:28:24.391	1.24465				2
2025.02.13	01:28:24.695	1.24466	1.24471			6
2025.02.13	01:28:25.001	1.24465	1.24470			6
2025.02.13	01:28:27.156	1.24463	1.24467			6
2025.02.13	01:28:27.464		1.24468			4
2025.02.13	01:28:32.077	1.24462	1.24467			6
2025.02.13	01:28:34.848	1.24463	1.24468			6
2025.02.13	01:28:35.159	1.24462	1.24467			6
2025.02.13	01:28:36.694	1.24463				2
2025.02.13	01:28:37.001	1.24462				2
2025.02.13	01:28:38.238	1.24463	1.24468			6
2025.02.13	01:28:38.543	1.24462	1.24467			6
2025.02.13	01:28:41.006	1.24463	1.24468			6
2025.02.13	01:28:41.314		1.24467			4
2025.02.13	01:28:41.922	1.24462	1.24466			6
2025.02.13	01:28:47.420	1.24463	1.24467			6
2025.02.13	01:28:48.339	1.24462	1.24466			6
2025.02.13	01:28:55.679	1.24461	1.24465			6
2025.02.13	01:28:59.310	1.24462				2
2025.02.13	01:29:00.235	1.24462				2
2025.02.13	01:29:01.145	1.24466	1.24469			6
2025.02.13	01:29:01.448	1.24469	1.24472			6
2025.02.13	01:29:01.750	1.24468	1.24471			6
2025.02.13	01:29:02.054	1.24473	1.24476			6
2025.02.13	01:29:02.359	1.24471				2
2025.02.13	01:29:02.661	1.24470				2
2025.02.13	01:29:02.967	1.24471				2
2025.02.13	01:29:03.276	1.24470				2
2025.02.13	01:29:03.896	1.24471				2
2025.02.13	01:29:04.202	1.24470				2
2025.02.13	01:29:04.513	1.24471				2
2025.02.13	01:29:06.657	1.24470				2
2025.02.13	01:29:07.282	1.24471				2
2025.02.13	01:29:07.588	1.24470				2
2025.02.13	01:29:08.198	1.24471				2
2025.02.13	01:29:11.294		1.24475			4
2025.02.13	01:29:15.908		1.24476			4
2025.02.13	01:29:20.204	1.24469	1.24474			6
2025.02.13	01:29:20.511	1.24472	1.24475			6
2025.02.13	01:29:21.132	1.24471				2
2025.02.13	01:29:30.667	1.24474	1.24478			6
2025.02.13	01:29:30.973	1.24473	1.24477			6
2025.02.13	01:29:31.282	1.24472				2
2025.02.13	01:29:31.590	1.24471				2
2025.02.13	01:29:31.899	1.24470				2
2025.02.13	01:29:36.062		1.24476			4
2025.02.13	01:29:36.368		1.24477			4
2025.02.13	01:29:45.303		1.24476			4
2025.02.13	01:29:50.543	1.24472	1.24477			6
2025.02.13	01:29:50.846	1.24473	1.24479			6
2025.02.13	01:29:51.159		1.24478			4
2025.02.13	01:29:51.778	1.24472				2
2025.02.13	01:29:52.398		1.24477			4
2025.02.13	01:29:52.698		1.24478			4
2025.02.13	01:29:53.316		1.24477			4
2025.02.13	01:29:54.857	1.24473	1.24478			6
2025.02.13	01:29:56.083	1.24474	1.24479			6
2025.02.13	01:29:58.551		1.24480			4
2025.02.13	01:29:58.864	1.24476	1.24482			6
2025.02.13	01:29:59.170	1.24475	1.24481			6
2025.02.13	01:29:59.477	1.24476				2
2025.02.13	01:29:59.781		1.24482			4
2025.02.13	01:30:00.092	1.24476				2
2025.02.13	01:30:00.704	1.24475	1.24481			6
2025.02.13	01:30:04.415	1.24476	1.24482			6
2025.02.13	01:30:04.719	1.24475	1.24481			6
2025.02.13	01:30:05.334	1.24476				2
2025.02.13	01:30:06.869		1.24480			4
2025.02.13	01:30:07.485	1.24475				2
2025.02.13	01:30:10.271	1.24468	1.24472			6
2025.02.13	01:30:10.584	1.24466	1.24470			6
2025.02.13	01:30:12.124	1.24465				2
2025.02.13	01:30:23.200	1.24464				2
2025.02.13	01:30:25.051	1.24466	1.24471			6
2025.02.13	01:30:34.884	1.24465				2
2025.02.13	01:30:36.111	1.24466	1.24472			6
2025.02.13	01:30:40.422		1.24471			4
2025.02.13	01:30:40.724	1.24465				2
2025.02.13	01:30:42.579	1.24464				2
2025.02.13	01:30:43.501		1.24470			4
2025.02.13	01:30:51.209	1.24463	1.24469			6
2025.02.13	01:30:51.518	1.24464	1.24470			6
2025.02.13	01:30:55.215	1.24463	1.24469			6
2025.02.13	01:30:55.826	1.24464				2
2025.02.13	01:31:00.129	1.24464				2
2025.02.13	01:31:08.146		1.24468			4
2025.02.13	01:31:17.005	1.24465	1.24469			6
2025.02.13	01:31:23.174	1.24466				2
2025.02.13	01:32:00.258	1.24466				2
2025.02.13	01:32:17.047		1.24469			4
2025.02.13	01:33:00.176	1.24466				2
2025.02.13	01:33:08.562	1.24465	1.24468			6
2025.02.13	01:33:08.872	1.24462	1.24465			6
2025.02.13	01:33:09.178	1.24463	1.24466			6
2025.02.13	01:33:11.642		1.24465			4
2025.02.13	01:33:14.108	1.24464				2
2025.02.13	01:33:19.948		1.24466			4
2025.02.13	01:33:20.261	1.24465				2
2025.02.13	01:33:20.872	1.24464				2
2025.02.13	01:33:28.881	1.24463	1.24465			6
2025.02.13	01:33:29.185		1.24466			4
2025.02.13	01:33:30.424	1.24464				2
2025.02.13	01:33:34.732		1.24465			4
2025.02.13	01:33:35.032	1.24463				2
2025.02.13	01:33:36.596		1.24466			4
2025.02.13	01:33:41.531		1.24465			4
2025.02.13	01:33:41.838		1.24466			4
2025.02.13	01:33:52.260	1.24464				2
2025.02.13	01:33:52.873	1.24463				2
2025.02.13	01:34:00.248	1.24463				2
2025.02.13	01:34:12.871	1.24462	1.24465			6
2025.02.13	01:34:14.101	1.24463	1.24466			6
2025.02.13	01:34:14.404	1.24464	1.24467			6
2025.02.13	01:34:17.188	1.24463	1.24465			6
2025.02.13	01:34:17.497	1.24466	1.24468			6
2025.02.13	01:34:17.800	1.24464	1.24466			6
2025.02.13	01:34:18.418	1.24463				2
2025.02.13	01:34:22.424		1.24465			4
2025.02.13	01:34:27.043	1.24461	1.24464			6
2025.02.13	01:35:00.031	1.24461				2
2025.02.13	01:35:00.337	1.24460	1.24463			6
2025.02.13	01:35:00.644	1.24461	1.24464			6
2025.02.13	01:35:00.950	1.24462	1.24465			6
2025.02.13	01:35:01.254	1.24461	1.24464			6
2025.02.13	01:35:01.556	1.24457	1.24460			6
2025.02.13	01:35:01.867	1.24455	1.24458			6
2025.02.13	01:35:02.183		1.24459			4
2025.02.13	01:35:05.581	1.24454				2
2025.02.13	01:35:11.125		1.24458			4
2025.02.13	01:35:25.253	1.24455				2
2025.02.13	01:35:27.091	1.24456	1.24459			6
2025.02.13	01:35:27.714		1.24458			4
2025.02.13	01:35:28.630		1.24459			4
2025.02.13	01:35:35.081	1.24457				2
2025.02.13	01:35:36.940	1.24458				2
2025.02.13	01:35:37.247	1.24457				2
2025.02.13	01:35:39.098	1.24458	1.24460			6
2025.02.13	01:35:39.709	1.24457	1.24459			6
2025.02.13	01:35:40.026	1.24458	1.24460			6
2025.02.13	01:35:40.340		1.24459			4
2025.02.13	01:35:40.639		1.24460			4
2025.02.13	01:35:41.560	1.24457	1.24459			6
2025.02.13	01:35:41.868	1.24458	1.24460			6
2025.02.13	01:35:42.176	1.24457	1.24459			6
2025.02.13	01:35:49.244	1.24460	1.24463			6
2025.02.13	01:35:49.549	1.24461				2
2025.02.13	01:36:00.007	1.24461				2
2025.02.13	01:36:00.316	1.24460	1.24461			6
2025.02.13	01:36:00.619		1.24462			4
2025.02.13	01:36:00.922		1.24461			4
2025.02.13	01:36:01.539		1.24462			4
2025.02.13	01:36:01.845		1.24463			4
2025.02.13	01:36:05.220	1.24461				2
2025.02.13	01:36:17.514		1.24462			4
2025.02.13	01:36:17.819		1.24463			4
2025.02.13	01:36:49.585		1.24462			4
2025.02.13	01:36:49.894		1.24463			4
2025.02.13	01:37:00.053	1.24461				2
2025.02.13	01:37:07.128	1.24458	1.24460			6
2025.02.13	01:37:07.743	1.24459				2
2025.02.13	01:37:09.893	1.24458				2
2025.02.13	01:37:14.820	1.24459				2
2025.02.13	01:37:17.581	1.24458				2
2025.02.13	01:37:18.812	1.24459				2
2025.02.13	01:37:20.344		1.24461			4
2025.02.13	01:37:21.266		1.24460			4
2025.02.13	01:37:21.881	1.24458				2
2025.02.13	01:37:23.448	1.24459				2
2025.02.13	01:37:23.754	1.24458				2
2025.02.13	01:37:24.058	1.24459	1.24461			6
2025.02.13	01:37:24.674		1.24460			4
2025.02.13	01:37:24.983		1.24461			4
2025.02.13	01:37:27.129		1.24460			4
2025.02.13	01:37:27.445		1.24461			4
2025.02.13	01:37:27.753		1.24460			4
2025.02.13	01:37:28.063		1.24461			4
2025.02.13	01:37:28.984	1.24458				2
2025.02.13	01:37:29.904	1.24459	1.24460			6
2025.02.13	01:37:33.284	1.24458				2
2025.02.13	01:37:33.591	1.24459				2
2025.02.13	01:37:33.899	1.24458	1.24461			6
2025.02.13	01:37:34.218	1.24459				2
2025.02.13	01:37:34.522	1.24458	1.24460			6
2025.02.13	01:37:35.135		1.24461			4
2025.02.13	01:37:35.441		1.24460			4
2025.02.13	01:37:36.060	1.24459	1.24461			6
2025.02.13	01:37:36.365	1.24458	1.24460			6
2025.02.13	01:37:36.675	1.24459	1.24461			6
2025.02.13	01:37:36.978	1.24458	1.24460			6
2025.02.13	01:37:37.587	1.24457				2
2025.02.13	01:37:37.905	1.24458				2
2025.02.13	01:37:41.588		1.24461			4
2025.02.13	01:37:41.900	1.24459				2
2025.02.13	01:37:42.819	1.24460	1.24462			6
2025.02.13	01:37:46.193		1.24461			4
2025.02.13	01:37:46.495	1.24459	1.24460			6
2025.02.13	01:37:46.800	1.24458				2
2025.02.13	01:37:50.782	1.24457				2
2025.02.13	01:37:51.083	1.24458				2
2025.02.13	01:37:52.930		1.24459			4
2025.02.13	01:37:53.856	1.24457				2
2025.02.13	01:37:55.387		1.24460			4
2025.02.13	01:37:56.307		1.24459			4
2025.02.13	01:37:56.613		1.24460			4
2025.02.13	01:37:57.234		1.24459			4
2025.02.13	01:37:57.542		1.24460			4
2025.02.13	01:37:58.467		1.24459			4
2025.02.13	01:37:59.082		1.24460			4
2025.02.13	01:38:00.013	1.24457	1.24459			6
2025.02.13	01:38:00.634		1.24460			4
2025.02.13	01:38:00.939		1.24459			4
2025.02.13	01:38:01.246		1.24460			4
2025.02.13	01:38:01.551		1.24459			4
2025.02.13	01:38:02.783	1.24458	1.24460			6
2025.02.13	01:38:04.011	1.24460	1.24461			6
2025.02.13	01:38:04.318		1.24462			4
2025.02.13	01:38:04.933		1.24461			4
2025.02.13	01:38:10.469	1.24461	1.24462			6
2025.02.13	01:38:10.776	1.24463	1.24465			6
2025.02.13	01:38:11.085	1.24462				2
2025.02.13	01:38:14.163	1.24463	1.24466			6
2025.02.13	01:38:14.470	1.24464				2
2025.02.13	01:38:14.779		1.24465			4
2025.02.13	01:38:16.937	1.24463				2
2025.02.13	01:38:18.784	1.24464				2
2025.02.13	01:38:19.398		1.24466			4
2025.02.13	01:38:20.320		1.24465			4
2025.02.13	01:38:20.936		1.24466			4
2025.02.13	01:38:27.102	1.24461	1.24462			6
2025.02.13	01:38:32.641	1.24460				2
2025.02.13	01:38:36.020	1.24461				2
2025.02.13	01:38:36.328	1.24460				2
2025.02.13	01:38:38.179	1.24461				2
2025.02.13	01:38:39.096	1.24460				2
2025.02.13	01:38:43.401	1.24461				2
2025.02.13	01:38:44.630	1.24460				2
2025.02.13	01:38:48.309	1.24461				2
2025.02.13	01:38:48.621	1.24460				2
2025.02.13	01:38:50.766	1.24461				2
2025.02.13	01:38:51.083	1.24460				2
2025.02.13	01:38:54.770	1.24461				2
2025.02.13	01:39:00.294	1.24461				2
2025.02.13	01:39:05.241	1.24460				2
2025.02.13	01:39:22.106	1.24459	1.24461			6
2025.02.13	01:39:23.041	1.24460				2
2025.02.13	01:39:23.962	1.24459				2
2025.02.13	01:39:24.578	1.24460				2
2025.02.13	01:39:25.195		1.24462			4
2025.02.13	01:39:25.499	1.24461				2
2025.02.13	01:39:28.572		1.24463			4
2025.02.13	01:39:36.262	1.24460	1.24462			6
2025.02.13	01:39:40.273	1.24461	1.24463			6
2025.02.13	01:39:48.860	1.24462	1.24464			6
2025.02.13	01:39:49.464	1.24461	1.24463			6
2025.02.13	01:39:50.690	1.24464	1.24466			6
2025.02.13	01:39:53.144	1.24465				2
2025.02.13	01:39:53.456		1.24467			4
2025.02.13	01:39:53.763		1.24466			4
2025.02.13	01:39:54.066	1.24464				2
2025.02.13	01:39:55.305	1.24465				2
2025.02.13	01:39:56.539		1.24467			4
2025.02.13	01:40:00.221	1.24465				2
2025.02.13	01:40:00.521	1.24464	1.24466			6
2025.02.13	01:40:01.137	1.24465	1.24467			6
2025.02.13	01:40:01.442	1.24464	1.24466			6
2025.02.13	01:40:02.370	1.24465	1.24467			6
2025.02.13	01:40:05.456		1.24468			4
2025.02.13	01:40:07.301	1.24466				2
2025.02.13	01:40:08.832	1.24465				2
2025.02.13	01:40:09.140	1.24464				2
2025.02.13	01:40:13.138		1.24467			4
2025.02.13	01:40:14.049	1.24465				2
2025.02.13	01:40:19.888	1.24463	1.24466			6
2025.02.13	01:40:20.194	1.24464				2
2025.02.13	01:40:20.501	1.24463	1.24465			6
2025.02.13	01:40:22.973		1.24466			4
2025.02.13	01:40:23.585	1.24464				2
2025.02.13	01:40:23.891	1.24463				2
2025.02.13	01:40:24.196	1.24464				2
2025.02.13	01:40:26.647		1.24467			4
2025.02.13	01:40:26.961		1.24466			4
2025.02.13	01:40:33.110	1.24463	1.24465			6
2025.02.13	01:40:51.844		1.24464			4
2025.02.13	01:40:52.146	1.24462				2
2025.02.13	01:40:52.457	1.24455	1.24457			6
2025.02.13	01:40:53.372	1.24453	1.24458			6
2025.02.13	01:40:53.988		1.24457			4
2025.02.13	01:41:00.136	1.24453				2
2025.02.13	01:41:05.673		1.24458			4
2025.02.13	01:41:05.991	1.24454				2
2025.02.13	01:41:06.292	1.24453	1.24457			6
2025.02.13	01:41:06.602		1.24458			4
2025.02.13	01:41:07.218		1.24457			4
2025.02.13	01:41:08.140		1.24458			4
2025.02.13	01:41:08.445		1.24457			4
2025.02.13	01:41:10.291		1.24458			4
2025.02.13	01:41:10.600		1.24457			4
2025.02.13	01:41:10.907		1.24458			4
2025.02.13	01:41:11.521		1.24457			4
2025.02.13	01:41:12.749		1.24458			4
